2864 4836
484 360 939 422 Pnonncorrnrvr.
1019 333 1024 346 '
1246 371 1286 438 27

138 522 214 581 illius
234 531 312 581 certe
333 523 433 582 aetatis
455 523 693 600 conjunctionem
714 523 841 598 aliquam
863 524 938 583 inter
960 532 1114 600 utrumque
1136 532 1290 582 tractatum

138 627 324 687 intercedere.
349 627 479 721 ¹Verum
499 646 560 687 non
581 629 660 688 idem
680 629 735 688 illis
748 630 842 688 visum
864 646 929 688 esse
951 627 987 687 de
1002 627 1143 705 Trialogo
1165 638 1194 689 et
1207 628 1293 688 Tria·

138 732 199 809 logi
223 732 443 811 Supplemento,
468 735 574 794 exinde
602 734 814 806 concludimus,
839 735 921 812 quod
945 734 1004 795 duo
1033 735 1097 793 libri
1120 734 1293 810 Trialogum

138 840 318 911 exhibentes,
332 841 441 900 scilicet
459 839 493 900 B.
508 851 537 900 et
551 840 597 912 Ι).,
612 842 848 919 supplementum
866 859 929 900 non
949 842 1018 900 item
1032 840 1140 900 habent
1148 860 1156 915 ;
1178 840 1293 900 illorum

138 963 218 1018 vero,
246 946 296 1022 qui
327 956 481 1024 utrumque
510 948 649 1007 exhibent
679 957 840 1019 tractatum,
866 947 944 1019 alter,
972 947 1081 1006 scilicet
1105 948 1151 1019 Α,
1175 947 1293 1024 supple·

139 1062 271 1111 mentum
292 1071 387 1130 neque
405 1054 546 1113 ullatenus
567 1073 635 1114 cum
656 1055 797 1131 Trialogo
819 1054 1016 1130 conjunctum,
1035 1072 1131 1131 neque
1156 1053 1292 1131 ‘supple-

139 1159 243 1217 menti'
268 1158 349 1219 titulo
376 1161 572 1238 superscripto
597 1163 724 1237 praebet,
749 1179 826 1220 unus
850 1171 963 1220 tantum
987 1160 1082 1220 codex
1105 1159 1149 1232 C.‚
1173 1160 1291 1237 supple·

140 1276 273 1324 mentum
300 1264 431 1343 Trialogi
458 1268 591 1344 proxime
619 1267 780 1327 succedens
808 1268 937 1326 continet
969 1265 1046 1325 hunc
1077 1267 1211 1325 ordinem
1238 1267 1290 1325 ob

140 1389 268 1443 servans,
279 1383 311 1431 ut
323 1374 450 1450 primum
460 1373 559 1432 locum
570 1372 712 1450 Dialogus
726 1374 855 1433 obtineat
866 1391 933 1432 cum
944 1371 1061 1449 Dialogi
1076 1372 1290 1450 supplemento,

141 1479 249 1538 deinde
264 1480 419 1555 Trialogus
434 1489 571 1557 sequatur
584 1497 652 1540 cum
667 1479 798 1558 Trialogi
812 1473 1024 1556 supplemento.

183 1585 236 1644 isti
255 1595 379 1662 quatuor
392 1586 457 1644 libri
476 1587 515 1646 ita
535 1603 567 1645 se
585 1585 701 1659 habent,
716 1597 748 1646 ut
762 1586 909 1662 duplicem
923 1587 1007 1663 quasi
1021 1584 1162 1645 familiam
1176 1585 1291 1645 efficere

140 1691 300 1751 videantur.
352 1692 451 1751 Altera
479 1692 588 1752 familia
615 1693 694 1753 libris
721 1694 758 1752 A.
787 1691 820 1751 Β.
850 1691 884 1752 C.
913 1701 1036 1762 constat,
1064 1692 1184 1750 alteram
1212 1693 1291 1751 solus

141 1798 238 1857 codex
262 1797 299 1858 D.
324 1810 528 1875 repraesentat.
570 1798 631 1858 Hic
658 1800 746 1870 enim,
770 1809 803 1857 ut
830 1815 918 1874 supra
941 1798 1118 1869 monuimus,
1143 1799 1290 1857 brevitatis

141 1922 239 1974 causa,
264 1921 324 1980 qua
346 1904 488 1964 excellere
516 1905 598 1977 solet,
623 1915 652 1964 et
679 1915 775 1964 textus
802 1904 1009 1963 emendatioris
1037 1905 1157 1975 ratione,
1186 1904 1291 1981 origini

141 2023 230 2086 atque
254 2012 380 2071 auctoris
402 2012 492 2088 ipsius
517 2013 626 2089 scripto
648 2011 839 2089 propinquior
860 2009 1036 2088 judicandus
1057 2020 1110 2082 est,
1133 2028 1223 2086 quam
1245 2028 1289 2069 re-

140 2116 212 2192 liqui
237 2117 362 2176 codices.
404 2118 449 2176 Illi
473 2129 531 2178 tres
555 2118 686 2196 plurimis
711 2119 740 2176 in
767 2117 839 2176 locis
863 2116 938 2175 adeo
961 2116 1036 2174 inter
1058 2134 1090 2176 se
1114 2126 1288 2187 consonant,

141 2233 173 2281 ut
197 2241 287 2282 unam
311 2226 395 2301 quasi
416 2225 554 2284 familiam
576 2225 636 2285 sive
662 2223 899 2294 ‘recensionem'
922 2241 1011 2300 quam
1035 2233 1149 2295 vocant,
1174 2223 1288 2283 efficere

140 2330 300 2390 videantur.

184 2437 276 2497 Porro
297 2439 322 2498 si
342 2452 503 2517 quaeratur,
520 2458 666 2518 quaenam
687 2442 760 2501 ratio
780 2441 939 2501 intercedat
960 2443 1034 2503 inter
1055 2441 1149 2502 dictos
1169 2440 1288 2501 codices

141 2557 231 2623 atque
245 2546 402 2608 editionem
417 2549 548 2625 Trialogi
562 2549 732 2626 principem,
748 2549 817 2609 satis
832 2550 1017 2626 perspicuum
1031 2560 1083 2620 est,
1098 2567 1160 2608 rem
1174 2566 1236 2607 non
1250 2549 1289 2607 ita

142 2670 176 2711 se
190 2652 306 2725 habere,
319 2663 351 2712 ut
365 2654 491 2713 editores
505 2664 554 2714 aut
567 2673 628 2713 uno
642 2665 691 2714 aut
703 2655 832 2732 pluribus
847 2673 883 2714 ex
898 2672 1020 2715 numero
1039 2655 1143 2713 horum
1158 2655 1289 2730 ipsorum

143 2763 281 2822 codicum
305 2761 340 2821 A.
360 2761 394 2820 Β.
414 2761 449 2822 C.
470 2762 508 2822 D.
532 2762 579 2821 usi
603 2763 670 2822 sint.
711 2761 848 2839 Namque
873 2781 911 2822 ne
935 2781 1011 2822 unus
1039 2762 1158 2840 quidem
1185 2779 1288 2820 eorum

143 2879 197 2940 est,
219 2869 265 2928 cui
287 2869 375 2928 editio
399 2870 535 2946 princeps
556 2869 594 2928 ad
614 2870 735 2928 verbum
755 2879 908 2930 consonet.
948 2869 1115 2930 Editoribus
1136 2887 1205 2929 vero
1226 2886 1289 2927 non

143 2995 237 3036 unum
257 2976 370 3047 librum,
385 2977 437 3035 sed
457 2977 495 3036 ad
513 2977 668 3035 minimum
688 2977 764 3036 duos
784 2977 873 3036 libros
894 2977 932 3037 ad
950 2996 1071 3037 manum
1091 2977 1187 3047 luisse,
1202 2993 1290 3052 supra

143 3082 369 3141 observavimus.
412 3080 474 3140 Etsi
495 3081 574 3140 haud
594 3082 694 3157 paucis
717 3082 747 3140 in
767 3082 839 3141 locis
859 3083 948 3142 editio
969 3085 1105 3161 princeps
1126 3101 1193 3143 cum
1216 3082 1290 3140 libro

143 3186 175 3246 D
203 3187 373 3257 consentiat,
402 3196 500 3245 tamen
530 3186 622 3245 multo
651 3189 767 3263 saepius
794 3206 862 3247 cum
888 3188 1005 3266 reliquis
1033 3190 1183 3249 codicibus
1212 3187 1289 3254 lacit,

144 3295 323 3371 praesertim,
344 3303 373 3352 et
397 3277 506 3351 mirum
527 3292 557 3350 in
582 3293 713 3365 modum,
736 3312 803 3353 cum
824 3283 926 3355 codice
947 3294 972 3354 B
994 3304 1146 3360 consonat.
1190 3293 1290 3367 Quam

144 3402 186 3460 ob
211 3418 329 3459 causam
354 3400 500 3476 conjicere
525 3399 598 3470 licet,
618 3399 708 3458 libros
732 3399 805 3470 illos,
826 3401 931 3476 quibus
956 3401 1081 3460 editores
1105 3418 1185 3460 anno
1211 3415 1287 3474 1524

144 3518 174 3566 et
194 3506 336 3583 sequenti,
349 3522 409 3582 quo
428 3503 565 3564 volumen
585 3506 661 3582 typis
682 3523 852 3582 expressum
873 3506 969 3564 lucem
982 3506 1060 3576 vidit,
1075 3507 1119 3566 usi
1141 3508 1206 3578 sint,
1221 3526 1289 3567 cum

143 3612 224 3671 alteri
245 3612 378 3682 familiae,
399 3612 446 3670 cui
467 3622 566 3671 noster
587 3612 682 3670 codex
703 3611 732 3669 D
753 3611 988 3671 adnumerandus
1009 3622 1061 3684 est,
1083 3624 1145 3673 tum
1166 3613 1291 3675 familiae

144 3719 235 3790 alteri,
263 3738 301 3778 ex
328 3737 388 3796 qua
413 3719 514 3795 reliqui
542 3719 667 3790 codices,
697 3719 865 3795 praesertim
893 3718 927 3789 B,
956 3721 1016 3780 nati
1043 3731 1119 3792 sunt,
1148 3733 1291 3797 cognatos

144 3829 243 3888 fuisse.
284 3826 404 3886 Nullum
425 3837 522 3886 autem
543 3828 648 3885 horum
669 3837 792 3903 quatuor
812 3827 958 3898 librorum,
979 3829 1029 3903 qui
1049 3846 1142 3906 usque
1164 3828 1201 3887 ad
1222 3846 1292 3888 nos·

145 3946 222 3995 tram
250 3945 373 3994 aetatem
401 3933 563 3994 conservati
592 3943 667 4004 sunt,
693 3933 745 3993 sed
772 3951 891 4010 prorsus
919 3935 990 3994 alios
1018 3935 1107 3994 libros
1134 3934 1292 3994 editoribus

145 4052 264 4119 praesto
288 4040 385 4110 sitisse,
410 4041 550 4101 nonnulla
573 4043 692 4117 vestigia
715 4041 840 4118 prodere
861 4041 1000 4100 videntur.
1043 4040 1177 4118 Exempli
1199 4045 1292 4119 gratia

144 4150 176 4206 in
197 4147 261 4206 libri
283 4146 312 4206 II
334 4148 460 4224 capitulo
486 4166 530 4217 ro,
550 4149 599 4208 ubi
620 4159 720 4208 auctor
741 4147 875 4224 Gregorii
897 4147 1000 4224 Magni
1020 4151 1219 4209 auctoritatem
1240 4170 1291 4228 ap-

145 4254 243 4335 pellat,
258 4255 347 4314 editio
362 4256 498 4332 princeps
512 4255 584 4316 haec
599 4255 684 4316 habet
696 4258 798 4316 verba:
820 4254 938 4316 ‘Posuit
950 4256 1109 4333 Gregorius
1124 4259 1154 4317 in
1168 4256 1291 4319 Omilia:
