2864 4836
78 462 166 498 civ.»
210 439 699 503 SUPPLEMENTUM
727 443 1023 504 TRIALOGI.

79 617 146 660 non
167 601 275 662 debent
295 585 363 662 cum
384 603 580 664 mundialibus
601 605 667 682 plus
690 604 832 681 apostolis
856 606 1004 681 occupari.
1046 603 1134 663 Unde

80 699 124 759 ad
147 699 348 760 denotandum
370 702 473 762 odium
497 703 548 762 otii
572 710 601 762 et
622 703 848 779 occupationem
868 702 1010 761 ecclesiae
1031 702 1136 779 legitur

79 794 161 856 Gen.
173 797 212 868 ii,
227 798 379 874 quomodo
392 797 476 859 Deua
489 799 634 860 ordinavit
647 800 798 859 hominem
815 800 846 858 in
860 809 937 860 statu
951 799 1136 858 innocentiae

81 895 197 972 operari
219 897 251 955 in
272 896 416 973 paradiso,
437 907 467 958 et
486 896 597 958 fructus
616 898 680 975 ejus
701 915 720 956 a
740 898 898 958 voracitate
918 896 1089 957 animalimn
1104 908 1136 956 et

81 992 323 1052 irrationabilium
350 994 506 1054 custodire.
558 995 635 1056 Cum
663 1013 735 1072 ergo
761 996 837 1072 jam¹
862 997 950 1055 instat
977 996 1136 1054 necessitas

81 1106 197 1150 servare
210 1100 365 1168 utramque
383 1093 504 1153 istarum
522 1093 690 1171 iigmarum,
704 1094 817 1153 videtur
835 1093 919 1171 quod
935 1093 1137 1170 apostolorum

80 1189 180 1248 vicarii
200 1189 308 1249 debent
329 1191 491 1267 specialiter
510 1193 541 1250 in
562 1191 670 1252 Christi
692 1192 816 1252 ecclesia
836 1202 992 1269 utrumque
1014 1192 1137 1250 istorum

80 1285 228 1346 officium¹
240 1288 404 1348 observare.
447 1288 478 1348 Si
495 1306 568 1367 ergo
582 1289 674 1349 homo
688 1291 719 1348 in
739 1299 815 1349 statu
834 1290 1019 1349 innocentiae
1039 1289 1138 1347 debuit

81 1385 198 1461 operari
212 1387 243 1444 in
256 1386 444 1446 rectificando
458 1388 577 1447 arbores
590 1387 746 1465 depressas
759 1406 812 1464 per
825 1389 933 1447 bestias
947 1404 983 1446 ac
994 1385 1136 1456 volucres,

81 1493 195 1560 quanto
215 1483 310 1559 magis
334 1483 422 1542 debet
442 1484 589 1560 praelatus
609 1485 786 1561 apostolicus
811 1503 890 1543 nunc
909 1485 1065 1561 rectrficare
1084 1481 1138 1541 ho·

82 1580 187 1650 mines,
209 1583 259 1656 qui
283 1581 445 1641 secundum
468 1582 557 1641 fidem
579 1583 721 1659 evangelii
742 1583 825 1660 quasi
847 1583 975 1652 arbores,
995 1580 1064 1658 qui⁸
1085 1598 1138 1657 per

83 1676 218 1737 diabolos
236 1689 376 1755 tanquam
389 1679 522 1739 volucres
540 1690 570 1737 et
589 1697 641 1756 per
660 1680 821 1739 mundiales
840 1679 975 1738 homines
995 1689 1136 1755 tanquam

83 1777 193 1835 bestias
207 1785 274 1834 sunt
287 1776 429 1853 oppressi.
466 1775 536 1836 Hoc
550 1795 622 1854 ergo
637 1777 725 1836 debet
737 1795 801 1836 esse
816 1795 892 1853 opus
907 1778 959 1834 viri
973 1775 1136 1852 evangelici

83 1873 284 1932 instar'officii
307 1890 362 1950 pro
383 1884 515 1952 tempore
540 1884 631 1934 status
652 1875 838 1934 innocentiae
859 1874 980 1932 limitati.
1023 1872 1062 1932 Et
1084 1891 1137 1948 per

83 1969 164 2030 idem
192 1971 299 2030 debent
326 1973 459 2030 crumd're
487 1972 579 2032 dictas
604 1973 726 2032 arbores
754 1990 822 2031 cum
850 1971 990 2031 [ructibus
1019 1989 1137 2030 suarum

84 2070 220 2128 virtutum
233 2071 271 2128 ab
285 2070 413 2147 impulsu
426 2070 535 2130 diaboli
549 2081 578 2130 et
592 2069 742 2129 ferocitate
756 2071 874 2140 bestiae,
889 2087 964 2146 quae
980 2088 997 2128 a
1011 2069 1137 2128 rationa-

83 2165 193 2226 bilitate
207 2167 335 2226 hominis
350 2186 403 2245 per
415 2168 484 2227 vitia
496 2178 542 2227 est
555 2185 704 2228 conversa

126 2263 201 2324 Item
215 2267 332 2325 occasio
345 2265 488 2342 peccandi
503 2267 533 2324 in
547 2266 746 2326 sacerdotibus
765 2267 921 2343 praecipue
940 2275 985 2324 est
998 2233 1152 2335 cavenda,

85 2362 139 2422 sed
165 2362 364 2422 habundantia
391 2363 595 2440 temporalium
623 2373 652 2422 et
680 2362 822 2423 certitudo
849 2380 951 2421 eorum
981 2380 1048 2421 cum
1075 2363 1138 2421 otio

85 2459 238 2537 adjacente
251 2471 296 2518 est
310 2477 419 2536 magna
432 2461 574 2537 peccandi
588 2462 715 2530 occasio,
729 2478 801 2536 ergo
815 2460 863 2518 illa
877 2461 964 2519 debet
981 2461 1137 2536 praecipue

85 2559 117 2619 in
137 2558 338 2618 sacerdotibus
358 2560 531 2634 praecaveri.
575 2557 663 2617 Unde
684 2557 791 2617 Erech.
807 2558 879 2616 xvi‘
892 2556 975 2616 Deus
996 2575 1047 2634 per
1068 2574 1136 2634 pro·

86 2654 206 2733 phetam
224 2654 353 2733 Judaeos
373 2656 527 2732 alloquitur
545 2657 576 2715 in
597 2656 670 2715 haec
688 2658 793 2716 verba:
823 2657 914 2716 ‘haec
932 2655 986 2714 fuit
999 2655 1136 2731 iniquitas

87 2751 245 2818 Sodomae,
260 2753 368 2812 sororis
381 2763 465 2812 tuae:
487 2754 630 2829 superbia,
645 2755 779 2813 saturitas
793 2755 886 2831 panis,
897 2753 1098 2813 habundantia
1111 2763 1139 2812 et

85 2851 197 2910 otium!
240 2849 270 2909 Si
291 2869 364 2927 ergo
382 2850 456 2909 haec
475 2861 611 2928 quattuor
630 2863 712 2912 erant
730 2852 761 2910 in
781 2852 958 2912 secularibus
979 2850 1139 2911 Sodomitis

84 2959 216 3027 peccata,
228 2950 296 3026 quia
308 2949 475 3026 iniquitates
487 2949 651 3026 diligentius
664 2950 907 3027 praecavendae⁶,
919 2960 1030 3026 quanto
1044 2951 1138 3026 magis

85 3048 118 3106 in
139 3046 250 3107 clericis
270 3048 377 3125 gradus
393 3047 543 3118 altioris,a
564 3049 669 3124 quibus
690 3047 799 3106 fructus
820 3048 885 3124 plus
906 3048 1024 3123 pretiosi
1044 3046 1139 3106 forent

88 3144 716 3222 adaedificationemecclesiaeexpectandi.
753 3143 783 3203 Si
794 3146 873 3202 enim
884 3145 1007 3220 apostoli
1018 3144 1139 3203 fuissent

88 3243 130 3303 sic
144 3244 221 3302 circa
235 3243 347 3303 diutiss
364 3245 508 3320 occupati,
523 3261 673 3320 nunquam
694 3242 830 3301 crevisset
848 3242 889 3300 sic
908 3240 982 3300 fides
1000 3241 1138 3301 ecclesiae

87 3341 119 3399 in
130 3339 360 3412 Christianismq
376 3359 443 3400 cum
457 3351 576 3419 propter
590 3342 738 3400 avaritiam
752 3339 937 3399 sacerdotum
951 3357 1042 3416 regna
1052 3339 1138 3398 deso·

87 3437 209 3498 labiliter
222 3439 294 3496 sint⁸
307 3438 407 3497 divisa
450 3439 534 3511 Quis,
549 3441 678 3516 inquam,
693 3439 812 3509 dubitat,
828 3438 898 3514 quin
913 3438 984 3497 istae
1003 3448 1139 3515 quattuor

87 3537 252 3612 iniquitates
278 3536 474 3596 Sodomiticae
495 3539 526 3595 in
550 3535 657 3596 nostris
682 3536 882 3595 sacerdotibus
906 3536 1056 3594 altioribus
1080 3536 1137 3594 sint

88 3644 290 3712 praegnantes,
313 3653 381 3694 cum
404 3653 465 3695 non
491 3633 585 3694 solum
611 3636 668 3693 sint
692 3636 817 3711 superbi,
839 3634 891 3693 sed
915 3633 1078 3710 blasphemi
1101 3653 1137 3692 ex

87 3743 232 3810 potestate
256 3751 344 3810 quam
370 3751 388 3792 a
408 3731 525 3792 Christo
550 3732 681 3793 Domino
704 3732 859 3792 vendicant
884 3750 915 3791 se
940 3732 1066 3791 habere?
1101 3731 1138 3790 Et

89 3840 231 3908 quantum
246 3831 284 3890 ad
297 3830 527 3891 habundantiam
541 3831 678 3902 alimenti,
694 3840 773 3908 patet
787 3830 868 3907 quod
882 3848 937 3889 nec
951 3831 981 3889 in
996 3829 1138 3889 alimentis

121 4014 128 4041 ¹
144 4010 208 4075 jarn]
220 4010 271 4066 illa,
283 4013 313 4061 C.
454 4012 463 4038 ²
479 4009 600 4074 officium]
613 4009 749 4059 officiorum
761 4007 877 4063 officinm,
889 4009 918 4059 C.
1058 4008 1067 4035 ³
1084 4007 1137 4071 qui]

88 4091 158 4140 quae.
170 4077 200 4125 C.
337 4075 346 4104 ⁴
363 4075 450 4126 Erech.
463 4075 523 4139 xvi]
536 4091 622 4124 omnes
637 4075 693 4124 libri
709 4074 869 4138 manuscripti
886 4075 986 4128 habent.
998 4072 1088 4122 mech.
1098 4089 1137 4129 x.;

88 4143 132 4192 sod
153 4141 235 4191 nullus
257 4140 321 4191 alius
343 4141 479 4206 prophetae
502 4141 571 4191 locus
593 4140 640 4189 nisi
662 4139 710 4189 xvi.
733 4154 774 4205 49.
797 4141 830 4189 ab
851 4147 951 4189 auctore
974 4137 1024 4188 dici
1047 4137 1137 4203 potnit,

87 4209 98 4240 ⁸
114 4206 307 4272 praecavendae]
319 4207 493 4272 praecavenda,
505 4207 560 4256 Aa.
575 4237 577 4242 ·
657 4204 669 4234 ⁵
683 4203 745 4269 sint]
758 4211 822 4260 sunt,
834 4206 865 4253 A.

1217 463 1276 521 411
