2864 4836
136 450 234 489 οιιι.
502 429 848 494 TRIALOGUS.

142 589 254 668 quibus
283 589 397 650 tamen¹
425 592 627 669 supponimus,
653 594 735 670 quod
763 610 866 654 eorum
894 595 1049 671 baptisatio
1078 596 1202 656 sufficiat

144 689 304 765 baptisato.
347 689 412 749 Nec
433 700 601 768 reputamus
622 692 702 769 quod
723 692 919 752 descendente
939 691 976 752 de
998 693 1082 752 coelo
1097 695 1201 770 pluvia,

144 787 195 848 vel
215 787 335 848 homine
356 788 494 849 derisorie
515 791 560 849 vel
581 809 652 850 casu
672 791 770 868 aliquo
790 791 933 869 reliquum
953 791 1144 868 baptisante²,
1164 793 1202 850 sit

143 896 304 965 propterea
324 887 355 946 in
375 888 474 947 anima
494 889 662 964 baptisatus.
706 888 861 950 Credimus
882 901 990 960 tamen,
1012 889 1109 968 quod³
1129 908 1201 967 qua-

146 985 281 1062 curaque⁴
295 984 390 1044 vetula
407 984 452 1045 vel
472 987 586 1063 abjecta
606 1005 735 1064 persona
754 989 807 1047 rite
827 988 941 1048 lavante
961 988 1113 1048 hominem
1134 1006 1202 1048 cum

146 1083 245 1142 verbis
259 1083 522 1155 sacramentalibus,
537 1086 714 1162 baptismum
728 1086 854 1146 flaminis
865 1087 947 1147 Deus
961 1087 1098 1164 complet.
1134 1086 1202 1147 Mo·

147 1180 251 1243 dicum
277 1182 357 1240 enim
383 1181 479 1241 valent
507 1183 591 1260 signa
618 1194 726 1257 nostra,
754 1185 809 1245 nisi
838 1185 876 1245 de
903 1196 1014 1264 quanto
1045 1185 1093 1245 illa
1120 1184 1202 1245 Deus

148 1280 345 1358 acceptaverit
359 1281 495 1357 gratiose.

191 1375 231 1438 Et
243 1396 296 1454 per
305 1376 378 1437 baec
388 1378 554 1454 respondeo
569 1377 607 1438 ad
620 1379 769 1456 objectum
779 1391 862 1438 tuum
872 1380 998 1439 araam⁵
1008 1379 1201 1440 concedendo
1238 1405 1308 1478 ¹333ss

147 1475 232 1553 quod
254 1474 345 1547 Deus,
370 1476 394 1536 si
418 1476 548 1548 voluerit,
573 1487 668 1553 potest
693 1477 832 1537 damnare
857 1477 998 1537 infantem
1022 1478 1110 1537 talem
1138 1479 1201 1536 sine
1237 1487 1282 1551 3:¹⁶.
1309 1447 1377 1512 ⁰¹1⁵¹¹⁴⁰

148 1574 257 1652 injuria
267 1574 321 1634 sibi
335 1573 419 1646 sacta,
430 1583 460 1633 et
474 1575 498 1634 si
509 1575 630 1634 voluerit
644 1585 741 1652 potest
754 1577 852 1652 ipsum
866 1576 984 1635 salvare.
1027 1575 1092 1635 Nec
1107 1575 1201 1635 audeo
1265 1569 1313 1596 '²¹‘

148 1682 264 1751 partem
292 1671 412 1732 alteram
439 1671 570 1744 diffinire,
598 1692 653 1732 nec
682 1673 783 1733 laboro
812 1675 888 1733 circa
917 1675 1130 1751 reputationem
1158 1674 1203 1733 vel

150 1770 327 1832 evidentiam
340 1771 372 1829 in
390 1771 446 1831 ista
464 1771 584 1831 materia
602 1771 833 1848 acquirendamt,
848 1771 899 1831 sed
914 1781 946 1830 ut
959 1783 1057 1831 mutus
1071 1772 1202 1832 subticeo

151 1869 298 1929 confitens
324 1867 469 1928 humiliter
493 1887 591 1928 meam
615 1869 810 1944 ignorantiam
834 1870 930 1928 verbis
958 1869 1203 1929 conditionalibus

148 1966 297 2037 mirando,
319 1965 400 2044 quod
424 1985 486 2026 non
508 1967 596 2026 claret
619 1967 690 2026 milri
715 1967 819 2040 adhuc,
844 1969 868 2028 si
891 1968 956 2027 talis
978 1967 1074 2027 iulans
1096 1987 1114 2028 a
1135 1967 1202 2027 Deo

150 2065 305 2125 salvabitur
318 2065 379 2124 νει7
392 2065 592 2138 damnabitur;
614 2065 667 2125 sed
681 2067 742 2126 scio
757 2065 838 2143 quod
852 2066 993 2143 quidquid
1007 2068 1038 2125 iu
1052 2067 1106 2126 isto
1121 2066 1203 2126 Deus

150 2162 261 2234 feccrit,
284 2163 337 2223 erit
360 2163 470 2240 justum
495 2174 523 2222 et
551 2181 627 2241 opus
650 2164 865 2224 misericordiae
890 2183 908 2222 a
931 2166 1044 2225 cunctis
1071 2165 1203 2224 fidelibus

149 2260 386 2322 collaudandum.
429 2262 473 2320 Illi
488 2272 584 2321 autem
599 2263 648 2338 qui
662 2281 699 2321 ex
714 2264 883 2322 auctoritate
897 2280 950 2323 sua
964 2264 1024 2322 sive
1038 2264 1159 2323 scientia
1173 2263 1203 2320 in

149 2360 273 2420 materia
298 2361 354 2419 ista
380 2359 540 2437 quidquam
567 2360 718 2431 diffiniunt,
746 2371 886 2438 tanquam
914 2362 1147 2437 praesumptuosi
1175 2371 1203 2420 et

149 2458 249 2519 stolidi
275 2475 336 2517 non
360 2476 392 2519 se
416 2458 547 2518 fundant.
597 2458 635 2516 Et
659 2467 801 2535 quantum
826 2458 865 2517 ad
889 2458 980 2516 multa
1004 2458 1082 2517 dicta
1103 2459 1203 2533 magni

152 2554 335 2634 Amana,
350 2567 379 2616 et
394 2557 555 2634 specialiter
569 2557 657 2615 etiam
673 2555 718 2614 de'
732 2555 864 2631 baptimo
882 2555 1067 2631 parvulorum
1087 2557 1159 2614 etin
1173 2555 1205 2613 de

145 2655 209 2733 fide
230 2654 268 2713 ad
288 2654 416 2725 Petrum,
438 2665 535 2733 potest
555 2655 621 2725 dici,
642 2654 724 2730 quod
744 2655 903 2731 reputative
924 2653 1050 2730 loquitur
1070 2654 1115 2712 vel
1133 2671 1204 2712 con-

150 2752 334 2825 ditionaliter,
353 2753 395 2812 ‘si
409 2754 502 2812 taliter
518 2752 585 2812 Deo
600 2751 710 2829 placet'
753 2750 852 2812 Credo
867 2762 974 2822 tamen,
992 2752 1100 2828 quod¹⁰
1114 2751 1204 2810 multa

148 2853 230 2913 dicta
243 2870 261 2911 a
274 2852 382 2911 sanctis
396 2849 550 2928 patribus¹¹
569 2850 755 2928 probabiliter
774 2861 906 2928 reputata
920 2850 980 2908 imo
988 2849 1011 2883 ¹²
1027 2850 1148 2909 diffinita
1167 2869 1203 2909 ea

151 2951 212 3011 fide
231 2949 388 3026 scripturae
406 2968 459 3027 per
477 2950 595 3027 ignaros
615 2959 746 3025 satrapas
765 2947 881 3009 fuerunt
900 2958 929 3007 et
948 2947 1043 3007 forent
1062 2948 1204 3024 posterius

151 3047 358 3119 condemnata,
374 3047 426 3107 sed
440 3047 524 3125 ego¹³
538 3065 599 3106 non
619 3045 714 3106 habeo
734 3047 948 3123 reputationem
965 3046 1010 3104 vel
1024 3047 1204 3122 opinionem,

150 3146 234 3226 quod
248 3157 403 3225 propterea
417 3146 491 3206 soret
505 3148 553 3207 ita.

193 3229 387 3321 Et'quantum
403 3245 440 3304 ad
454 3244 523 3304 illud
538 3244 618 3322 quod
632 3244 714 3304 Deus
728 3253 772 3303 est
787 3243 908 3319 pronior
927 3241 965 3301 ad
985 3240 1205 3318 praemiandum

151 3361 244 3421 quam
258 3361 276 3401 a
300 3343 321 3376 ¹⁴
335 3343 524 3420 puniendum,
540 3354 569 3403 et
582 3354 724 3420 quantum
738 3341 776 3401 ad
789 3340 876 3411 aliud,
891 3339 972 3416 quod
986 3339 1083 3415 passio
1099 3338 1205 3398 Christi

151 3441 192 3502 ad
213 3450 471 3518 quantumcunque
492 3443 636 3520 posterius
657 3452 787 3516 tempore
808 3456 839 3497 se
853 3435 1022 3507 extenderit,
1037 3447 1081 3494 est
1095 3446 1205 3494 utrum-

150 3557 212 3618 que
233 3540 355 3599 istorum
376 3540 445 3598 satis
466 3538 646 3616 imbrigabile
667 3537 747 3614 apud
767 3535 968 3604 scholasticos,
986 3534 1148 3611 specialiter
1169 3533 1206 3593 de

126 3804 129 3811 .
186 3760 244 3811 ¹de
260 3761 349 3826 quibus
365 3767 448 3811 tamen
478 3761 509 3811 de
526 3760 638 3825 quolibet
655 3766 745 3816 tamen.
758 3759 868 3816 A...BC;
891 3758 923 3809 de
939 3757 1096 3824 quibuslibet,
1112 3757 1151 3807 ed.
1168 3773 1205 3822 pr

151 3827 163 3858 ¹
180 3826 302 3890 requuum
313 3827 453 3890 baptisante
478 3826 630 3890 relinquente
641 3826 798 3919 baptismate
811 3825 850 3876 ed.
863 3841 901 3890 pr.
993 3823 1002 3852 ⁸
1019 3823 1099 3887 quod]
1111 3838 1161 3873 om
1173 3824 1206 3871 A

151 3890 337 3957 ⁴quacunque]
342 3907 515 3967 quaecunque.
527 3893 566 3941 ed.
578 3907 615 3956 pr.
715 3890 851 3954 ³tertium]
865 3889 946 3947 tertio,
958 3888 996 3938 ed.
1009 3905 1046 3954 pr.
1135 3888 1207 3937 ‘uec

152 3959 292 4008 laboro-a
342 3956 464 4021 rendam]
453 3956 527 4021 ].om
540 3957 579 4012 Β.,
591 3958 623 4006 A.
636 3972 731 4022 primae
742 3972 838 4006 manus
958 3952 1068 4018 vel]
1049 3968 1108 4009 srve
1119 3952 1157 4001 ed.
1169 3969 1206 4016 pr.

151 4023 312 4086 ⁸Augustini
269 4022 475 4078 tuuAnshelmi.
487 4023 526 4071 ed
537 4037 575 4088 pr.
675 4021 743 4084 'de]
756 4021 832 4077 inde,
845 4020 904 4070 B..C
916 4020 955 4069 ed.
967 4034 1005 4094 pr.
1092 4019 1111 4048 ¹⁰
1126 4018 1205 4082 quod]

153 4104 206 4139 om.
218 4087 282 4138 A..C
294 4087 522 4138 secundaemanus.
654 4087 812 4151 upatribus]
825 4101 876 4136 οιιι.
889 4085 952 4135 A..B
946 4084 1058 4180 .lprimae
1068 4099 1163 4140 manus,
1172 4083 1206 4132 Ι).

393 4151 412 4182 ¹²
427 4153 510 4217 imo]
503 4169 554 4202 rmo
566 4152 640 4217 quod.
653 4152 690 4209 Β.,
702 4153 740 4201 ed.
752 4168 789 4216 pr.
987 4149 1047 4214 ego]
1058 4164 1107 4199 om
1119 4148 1158 4199 ed.
1169 4164 1206 4215 pr.

153 4154 439 4283 fflffimump
