2864 4836
412 370 420 383 ·
483 342 935 406 Pnoraoorvnrva
1245 359 1283 426 13

138 504 253 578 taciem,
267 524 347 568 nunc
369 506 498 568 archano
519 508 618 567 divino
633 506 663 586 (l.
678 505 780 583 divini)
795 506 912 583 spiritus
933 503 1042 564 adflatu
1062 522 1128 563 sese
1142 506 1228 564 nobis
1242 505 1286 564 in·

139 612 272 684 sinuavit,
294 625 323 673 et
346 624 379 673 ut
402 614 493 674 semel
514 614 619 685 dicam,
640 614 732 673 modo
753 624 861 690 aperte,
889 610 981 671 modo
1008 613 1142 682 obscure,
1167 609 1287 671 tandem

139 717 248 793 placuit
269 721 406 780 extremis
427 721 540 792 diebus,
555 739 617 780 non
637 739 690 797 per
710 719 862 778 hominem
883 736 979 795 neque
999 736 1052 795 per
1072 717 1219 794 angelum,
1234 717 1288 779 sed

139 826 239 898 filium,
267 845 351 886 suam
379 828 557 887 voluntatem
584 826 779 897 manifestare,
806 827 855 903 qui
888 825 977 885 cuivis
1010 808 1127 884 saeculo
1155 842 1226 885 suos
1256 825 1288 886 in

138 933 287 1009 propriam
318 951 445 993 messem
478 934 630 1010 operarios
664 933 825 1004 destinavit,
857 931 888 990 id
918 930 1001 1009 quod
1031 929 1164 990 nonnihil
1199 930 1289 990 veteri

137 1038 342 1110 instrumento,
370 1058 405 1099 ac
436 1040 534 1099 statim
567 1040 699 1099 nascenti
730 1039 855 1099 ecclesia
886 1039 917 1098 in
947 1037 1089 1114 apostolis
1125 1056 1143 1096 a
1169 1035 1288 1099 Christo

139 1145 255 1204 selectis
278 1156 409 1222 apparet,
434 1146 560 1206 coeleste
589 1145 748 1223 mysterion
774 1145 906 1221 undique
932 1144 963 1202 in
990 1144 1158 1203 universum
1184 1144 1289 1205 orbem

139 1251 345 1326 spargentibus
352 1271 361 1325 3
405 1260 488 1311 erant
519 1253 600 1311 enim
635 1263 698 1311 tum
734 1250 842 1328 Spiritu
878 1249 997 1320 Sancto,
1028 1259 1091 1309 tum
1121 1249 1206 1308 variis
1234 1248 1290 1309 lin·

138 1373 265 1431 guarum
297 1356 399 1436 donis·
418 1357 519 1428 dotati,
554 1374 614 1434 quo
641 1357 825 1434 evangelicas
857 1373 930 1433 opes
963 1354 1108 1414 humanae
1140 1355 1290 1431 sagacitati

139 1460 226 1536 plane
253 1461 371 1533 alienas,
399 1480 436 1521 ex
465 1463 641 1523 densissima
668 1463 852 1538 ignorantiae
878 1461 984 1521 umbra
1011 1461 1042 1519 in
1069 1460 1165 1519 lucem
1193 1461 1290 1520 claris·

140 1566 246 1625 simam
267 1568 466 1645 proveherent
508 1568 596 1628 Adeo
616 1567 699 1628 Deus
722 1568 843 1628 humani
863 1568 988 1643 generis,
1011 1567 1095 1626 Adae
1117 1567 1290 1644 protoplasti
1363 1573 1368 1593 ⁰

138 1669 224 1749 lapsu
237 1672 388 1748 deperditi,
402 1673 483 1733 nullo
496 1692 559 1734 non
572 1691 645 1733 aevo
663 1674 807 1745 misertus,
821 1692 884 1733 non
897 1673 994 1733 solum
1011 1673 1160 1732 veritatem
1179 1672 1290 1734 coeles·

139 1789 209 1848 tem,
231 1796 266 1838 ac
288 1797 320 1839 se
343 1781 449 1857 ipsum,
470 1781 532 1841 imo
552 1791 582 1841 et
601 1781 810 1840 sacratissimas
830 1780 945 1856 linguas
965 1778 1041 1838 hanc
1061 1779 1241 1856 adjuvantes,
1259 1780 1290 1841 in

139 1884 216 1945 hanc
237 1895 368 1945 nostram
388 1887 517 1963 regionis
538 1887 811 1958 dissimilitudinem,
825 1886 876 1945 ubi
896 1886 997 1944 omnia
1015 1885 1225 1944 tumultuantur
1239 1885 1291 1946 de·

136 1990 218 2069 jecit3
238 1991 306 2051 hinc
315 1993 530 2065 monomachia,
539 2004 571 2053 ut
582 1994 632 2070 qui
643 1996 730 2070 (quae
738 1991 763 2070 i)
772 1992 908 2052 omnium
914 1992 1040 2052 maxime
1048 1991 1290 2069 pestilentissima,

140 2107 244 2157 contra
258 2097 314 2158 Dei
325 2116 360 2157 ac
375 2097 483 2159 Christi
496 2101 628 2176 spiritum
641 2101 761 2160 suborta
774 2111 826 2161 est.
869 2097 981 2171 Quidni
996 2098 1084 2159 vero?
1126 2097 1197 2158 Non
1210 2098 1291 2159 enim

140 2221 203 2263 non
223 2215 356 2282 possunt,
378 2206 434 2283 piis
455 2206 486 2264 in
507 2224 608 2267 aurem
629 2205 848 2276 dormientibus,
870 2205 1014 2282 evangelii
1034 2204 1134 2266 hostes
1156 2204 1291 2264 homines

140 2309 262 2387 philauti
289 2328 358 2371 suas
384 2330 479 2388 nugas
507 2322 756 2391 portentuosaque
784 2312 990 2385 tabulamenta,
1015 2330 1053 2371 ne
1081 2312 1177 2371 dicam
1203 2311 1292 2370 anilia

141 2416 337 2489 deliramenta,
361 2418 398 2489 vi,
419 2418 527 2494 gladio,
549 2428 599 2479 aut
623 2419 770 2480 literarum
790 2421 936 2479 bonarum
956 2417 1100 2496 neglectu,
1122 2427 1186 2478 utut
1210 2416 1291 2477 furor

140 2540 223 2581 arma
245 2523 397 2595 ministrat,
424 2541 541 2585 summa
564 2526 690 2603 denique
720 2526 881 2604 pertinacia
907 2526 989 2597 tueri,
1016 2524 1121 2602 quibus
1149 2524 1291 2583 cacodae-

141 2629 239 2688 monis
259 2629 399 2689 instinctu
418 2641 566 2708 utcunque
589 2640 620 2690 et
644 2628 763 2710 quidem
787 2633 939 2709 impendio
961 2631 1162 2700 saevientibus,
1185 2631 1226 2689 sic
1249 2630 1291 2690 sic

141 2743 257 2795 constat
277 2735 485 2813 pullulascente
506 2738 631 2798 veritatis
649 2738 721 2798 flore
738 2756 890 2816 nunquam
909 2737 1045 2808 debuisse,
1066 2737 1116 2814 qui
1137 2755 1199 2796 non
1219 2753 1291 2795 con-

140 2851 186 2901 tra
217 2842 366 2901 stimulum
400 2842 589 2914 calcitrantes,
619 2843 757 2903 Christon
789 2845 834 2903 vel
869 2845 933 2921 ejus
963 2846 1084 2904 verbum
1117 2843 1197 2902 nullo
1229 2860 1291 2901 non

140 2959 273 3025 tempore
304 2949 448 3026 extirpare
477 2950 575 3008 adnixi
608 2961 683 3020 sunt,
712 2949 769 3010 hoc
796 2951 878 3028 impii
910 2950 996 3028 hujus
1027 2950 1129 3009 mundi
1156 2966 1293 3026 proceres

140 3072 176 3114 ac
204 3054 360 3132 principes,
388 3054 458 3114 illud
490 3055 608 3115 scholae
641 3055 784 3115 malorum
813 3056 927 3116 Lemae
954 3056 1010 3116 sibi
1035 3055 1233 3126 vendicarunt,
1261 3065 1294 3115 ut

139 3178 204 3219 rem
232 3178 321 3237 quam
347 3161 623 3222 excellentissimam
655 3162 886 3238 pessumdarent
937 3161 1067 3222 Demum
1099 3161 1294 3221 invalescente

140 3265 311 3327 Antichristi
335 3267 496 3344 tyrannide,
521 3267 636 3326 coelum
660 3277 825 3345 terramque
854 3269 1005 3339 miscuere,
1029 3285 1065 3326 ac
1089 3268 1294 3345 perturbarunt

141 3373 253 3432 omnia

184 3482 305 3542 Interim
319 3493 428 3555 tamen,
448 3482 531 3561 quod
553 3480 609 3543 Dei
629 3484 773 3545 beneficio
794 3484 911 3554 lactum,
927 3483 1024 3543 divina
1044 3482 1198 3543 clementia
1218 3500 1294 3543 nun·

141 3605 232 3665 quam
253 3606 316 3648 non
336 3606 407 3651 suos
427 3608 494 3649 vere
513 3591 660 3667 piissimos
680 3591 775 3667 elegit,
790 3591 841 3667 qui
861 3609 915 3650 sua
934 3608 1032 3666 genua
1052 3600 1120 3649 ante
1141 3589 1213 3650 Baal
1232 3607 1295 3651 non

142 3697 359 3768 curvaverint,e
379 3714 506 3774 quorum
526 3698 595 3757 albo
613 3697 661 3758 hic
679 3708 779 3758 noster
789 3696 914 3777 Joannes
938 3699 1074 3779 Wcles'us,
1089 3718 1172 3760 verus
1186 3699 1296 3760 Christi

142 3807 224 3866 testis
236 3815 266 3865 et
279 3806 354 3884 pius,
367 3805 447 3867 haud
461 3807 551 3867 dubio
565 3807 639 3868 libro
653 3808 728 3868 vitae
741 3818 811 3869 ante
824 3810 928 3869 mundi
941 3808 1113 3869 fundamina
1130 3809 1294 3885 inscriptus,

141 3913 193 3989 qui
212 3913 408 3973 atrocissimas
420 3912 591 3976 Antichristi
608 3915 704 3974 minas
724 3933 774 3975 sus
795 3915 889 3992 deque
904 3915 1008 3986 terens,
1024 3914 1162 3975 Christon
1182 3933 1217 3974 ac
1231 3915 1296 3993 ejus

141 4020 263 4079 verbum
277 4036 332 4078 suo
346 4037 407 4095 quo
421 4020 516 4098 potuit
529 4038 548 4079 a
561 4019 627 4080 Deo
643 4018 811 4081 concredito
825 4036 960 4079 sermone
975 4019 1162 4078 annuntiavit.

183 4125 241 4197 En,
263 4127 414 4187 mitissime
437 4145 472 4187 ac
496 4126 658 4188 Christiane
679 4128 779 4197 lector,
800 4127 824 4187 is
848 4126 910 4202 ipse
934 4135 986 4196 est,
1009 4127 1060 4203 qui
1081 4125 1144 4203 jam
1164 4125 1226 4186 sole
1250 4144 1296 4187 re·

140 4233 267 4304 lucente,
289 4233 424 4293 tenebras
446 4250 482 4292 ac
503 4232 691 4294 densissimas
711 4233 783 4293 lueis
804 4232 936 4293 hiimicas
956 4231 1077 4292 nebulas
1097 4233 1296 4311 propulsante,
