2864 4836
487 336 941 398 prorroorrrrvr.
1252 351 1286 418 ¹7

137 515 208 558 cum
227 498 395 575 conjectura
414 500 531 575 assequi
550 498 686 570 studeret,
702 498 773 576 quid
791 509 893 559 auctor
912 500 974 576 ipse
994 500 1162 575 scripsisset,
1181 502 1293 561 circiter

138 605 241 665 decies
260 605 334 663 mira
348 605 524 682 conjiciendi
544 607 701 685 sagacitate
720 616 830 665 textum
849 625 915 665 vere
935 606 1107 677 emendavit,
1122 606 1187 683 plus
1207 607 1294 666 vicies

141 712 174 771 in
196 710 372 788 conjecturis
397 713 507 771 erravit.
550 710 595 771 ct.
610 711 754 784 stuuo,
774 712 832 771 Die
851 712 1026 788 theologriche
1042 710 1162 771 Doctrr'n
1176 710 1294 790 Johunn

146 816 452 895 ll'yclffl's-kritisch
480 817 652 889 beleuchtet,
677 818 834 889 Nurum,
859 818 1028 897 Zer'tschrss
1042 819 1108 896 [ἄν
1132 818 1295 878 hulorr'sche

143 921 295 1001 steologr'e,
313 926 400 997 1846,
418 937 471 998 ¹7¹
491 941 543 1000 sq,
559 937 618 999 503
634 943 694 1001 sq.;
713 928 800 998 1847,
816 937 873 1000 59¹1
890 943 933 1002 sq.

183 1030 444 1090 Verumenimvero
467 1049 535 1090 curn
559 1031 649 1090 libros
673 1031 755 1107 ipsos
781 1030 951 1090 conferendi
976 1030 1096 1090 facultas
1118 1031 1186 1091 data
1208 1040 1293 1102 esset,

139 1137 233 1198 multo
247 1139 399 1215 majorem,
411 1156 500 1215 quam
510 1149 756 1215 expectassemus,
768 1139 942 1199 mendarum
953 1157 1108 1198 numerum
1123 1140 1152 1197 in
1166 1139 1294 1198 editione
1390 1155 1394 1163 ·

139 1245 273 1322 principe
293 1264 367 1316 esse,
385 1245 471 1305 nobis
491 1246 696 1323 persuasimus.
738 1244 799 1317 Qui
817 1264 931 1306 errores
951 1245 1098 1322 duplicem
1117 1245 1156 1304 ad
1175 1261 1295 1304 causam

140 1350 286 1410 referendi
306 1369 372 1411 esse
387 1351 527 1412 videntur.
569 1351 702 1410 Alterum
720 1352 800 1427 enim
819 1352 994 1411 mendarum
1013 1369 1107 1429 genus
1124 1351 1243 1409 nonnisi
1256 1349 1295 1409 ad

139 1455 268 1516 editores
290 1457 379 1515 seculi
400 1455 484 1515 XVI.
499 1455 683 1516 referendum
703 1466 756 1527 est,
776 1458 885 1533 quippe
907 1458 957 1534 qui
977 1468 1026 1516 aut
1046 1456 1224 1531 indiligentia
1245 1467 1295 1515 aut

141 1563 280 1622 codicum
300 1563 492 1640 legendorum
512 1574 598 1641 atque
617 1563 856 1640 explicandorum
875 1564 1018 1640 imperitia
1036 1574 1085 1624 aut
1100 1564 1167 1623 artis
1182 1563 1296 1622 criticae

141 1668 261 1729 deiectu
285 1671 476 1746 peccaverint.
534 1671 666 1730 Alterum
693 1689 824 1730 errorum
851 1689 946 1748 genus
973 1670 1052 1729 libris
1080 1671 1159 1747 ipsis,
1189 1670 1295 1745 quibus

141 1775 271 1835 editores
284 1777 329 1835 usi
344 1787 420 1847 sunt,
436 1777 453 1835 i.
459 1796 484 1835 e.
500 1777 622 1836 librariis
636 1777 725 1836 seculi
739 1776 816 1847 XV,
831 1777 1016 1836 tribuendum
1030 1787 1083 1835 est.

186 1882 278 1942 Haud
291 1884 428 1961 exiguam
439 1894 600 1944 erratorum
611 1885 728 1960 copiam
738 1902 775 1942 ex
790 1893 870 1942 textu
881 1884 1020 1942 librorum
1031 1883 1161 1959 genuino
1176 1880 1296 1958 quidem

142 2000 232 2066 atque
246 2000 378 2049 correcto
392 1990 445 2050 sed
459 1992 497 2050 ab
510 1991 669 2050 editoribus
690 1989 760 2050 ialse
780 1990 855 2049 lecto
874 2000 969 2048 ortam
986 2007 1051 2049 esse
1073 1989 1159 2047 nobis
1173 1988 1296 2046 omnino

143 2104 267 2154 constat.
309 2094 481 2154 Praesertim
501 2114 568 2154 cum
588 2095 635 2154 illa
653 2096 793 2154 scribendi
807 2097 970 2172 compendia,
990 2096 1095 2171 quibus
1115 2094 1178 2153 libri
1198 2093 1296 2154 seculo

143 2200 229 2260 XlV.
244 2212 272 2260 et
295 2201 360 2260 XV.
375 2219 466 2260 manu
488 2203 583 2279 scripti
604 2212 724 2274 scatent,
744 2203 938 2279 ambiguitatis
960 2220 1171 2279 saepenumero
1191 2219 1297 2261 causae

144 2308 213 2377 sint,
225 2307 364 2366 nonnulla
378 2309 466 2367 verba
480 2308 518 2366 ab
528 2308 687 2368 editoribus
701 2308 772 2369 salse
786 2309 929 2368 intellecta
943 2319 1018 2368 sunt.
1060 2308 1194 2385 Exempli
1205 2308 1297 2385 gratia

143 2433 214 2474 cum
235 2416 264 2473 in
285 2415 349 2474 libri
371 2415 424 2474 IV.
440 2417 534 2492 capite
558 2436 593 2475 ra
617 2427 684 2477 ante
709 2418 837 2477 mediam
862 2417 980 2494 capituli
1006 2427 1120 2493 partem
1141 2418 1171 2476 in
1193 2416 1296 2475 codice

145 2521 286 2596 scriptum
300 2532 376 2581 esset
391 2521 517 2594 ‘mr'ru‘ss’
532 2523 627 2582 editor
642 2525 754 2599 posuit:
776 2525 916 2594 mr'roculr',
931 2524 1012 2600 quod
1027 2542 1115 2583 sensu
1129 2532 1216 2593 caret,
1228 2540 1296 2580 cum

145 2629 210 2687 sine
229 2627 319 2687 dubio
338 2628 496 2706 legendum
517 2642 610 2711 esset:
631 2632 767 2690 mirabili.
809 2632 901 2691 Porro
923 2632 953 2689 in
974 2632 1031 2691 fine
1053 2630 1170 2708 capituli
1195 2649 1209 2687 2
1232 2629 1297 2688 libri

146 2734 233 2811 primi
255 2735 285 2792 in
308 2735 458 2795 codicibus
480 2737 619 2813 scriptum
638 2747 683 2796 est
701 2735 858 2796 ‘abhorret'
879 2756 946 2797 cum
966 2738 1051 2814 signo
1071 2738 1178 2814 exiguo
1197 2735 1297 2794 literae

146 2841 326 2918 penultimae
347 2845 551 2921 superscripto,
573 2844 655 2921 quod
676 2846 816 2916 innueret,
839 2845 997 2921 legendum
1016 2863 1097 2904 esse:
1128 2844 1296 2902 abhorreret.

145 2945 284 3006 Editores
303 2959 401 3007 autem
419 2951 544 3008 breviter
563 2950 638 3028 typis
659 2961 879 3026 expresserunt:
908 2950 1046 3008 obhorret.
1088 2949 1222 3008 Similiter
1241 2947 1295 3007 IV.

146 3071 172 3111 c.
192 3071 229 3127 34
245 3054 333 3113 editio
351 3055 488 3131 princeps
506 3055 623 3115 exhibet
636 3073 740 3116 vocem
757 3057 912 3133 speccialiter
926 3074 980 3133 pro
995 3057 1084 3115 verbo
1102 3056 1296 3133 spr'rr'tualr'ter,

146 3161 178 3220 id
193 3160 276 3237 quod
289 3162 408 3220 nonnisi
421 3180 458 3220 ex
474 3163 630 3239 scriptione
649 3163 759 3223 codicis
778 3163 902 3224 breviori
916 3175 1013 3224 ortum
1027 3173 1078 3222 est.
1121 3161 1194 3221 Sunt
1211 3161 1296 3237 hujus

146 3268 265 3345 generis
284 3268 417 3345 plurima,
436 3289 511 3347 quae
531 3289 681 3330 recensere
701 3271 817 3348 longius
835 3272 917 3331 ioret.
960 3271 1025 3331 Nec
1047 3272 1127 3331 deest
1149 3271 1297 3330 excusatio

146 3392 280 3433 errorum
298 3393 351 3451 per
370 3377 515 3436 scribendi
534 3378 710 3455 compendia
728 3380 843 3456 saepius
862 3378 1032 3438 obscuriora
1053 3388 1081 3437 et
1102 3377 1297 3454 ambiguitatis

147 3482 238 3559 plena
252 3493 395 3543 natorum.

191 3587 231 3646 At
258 3588 392 3665 permulti
419 3607 532 3650 errores
561 3609 597 3649 ex
626 3590 699 3650 falsa
725 3591 848 3650 lectione
876 3589 1083 3650 vocabulorum
1112 3593 1236 3651 obscure
1268 3604 1297 3653 et

147 3694 266 3755 volante
285 3696 406 3769 calamo,
420 3699 474 3758 etsi
495 3699 580 3775 plene
601 3700 784 3776 scriptorum,
805 3699 860 3759 orti
879 3709 954 3769 sunt,
976 3699 1054 3758 verbi
1075 3716 1165 3758 causa
1179 3697 1231 3756 IV.
1247 3717 1296 3773 43.

146 3805 251 3876 stolide,
262 3806 345 3883 quod
358 3825 477 3883 prorsus
492 3809 650 3867 absurdum
664 3818 716 3879 est,
728 3826 797 3867 cum
806 3807 963 3868 Phronesis
977 3807 1069 3866 dicat:
1092 3810 1138 3864 ‘r‘n
1152 3806 1297 3865 horrentis

146 3927 261 3971 somus
273 3919 355 3988 atque
367 3913 511 3975 catholice!
554 3915 618 3974 Nec
633 3915 722 3992 longe
736 3926 802 3993 post
821 3916 999 3974 invenimus:
1024 3915 1166 3972 horrorem
1181 3933 1296 3989 magna·

146 4026 217 4090 tum,
243 4020 293 4078 ubi
321 4021 461 4098 scriptum
490 4033 549 4081 est:
583 4022 727 4081 horrorem
755 4023 946 4099 rirragr‘natum.
993 4020 1068 4091 Quis
1095 4036 1163 4077 vero
1192 4037 1297 4078 sanum

147 4127 278 4187 elicuerit
297 4147 425 4200 sensum,
443 4131 493 4189 ubi
507 4130 544 4188 de
563 4130 808 4207 praedicatoribus
828 4127 1002 4206 quibusdam
1020 4127 1130 4189 dictum
1148 4128 1296 4200 invenerit,

147 4235 232 4314 quod
246 4251 407 4295 cortuum
412 4237 499 4314 fidem
513 4240 670 4314 scripturae
682 4243 796 4295 noceant
807 4235 936 4306 ecclesrbc,
948 4233 1000 4293 lV.
1013 4253 1037 4293 c.
1051 4253 1098 4310 34,
1113 4254 1181 4294 curn
1196 4247 1298 4296 auctor

193 4359 373 4402 rsrauoous.
718 4361 736 4404 o
