2864 4836
53 475 143 514 cane.
420 455 759 519 TRIALOGUS.

54 609 162 658 verunt
172 600 204 658 in
214 601 336 662 ecclesia
345 601 403 660 Dei
416 612 525 673 sancta,
536 603 592 661 ista
606 601 737 661 subtilius
747 610 776 661 et
785 601 958 679 profundius
968 600 1111 678 demergit

56 692 198 755 hommes
208 696 240 755 in
252 697 407 773 voragines
420 716 552 757 errorum
564 698 679 770 deiide,
694 710 723 758 et
737 699 802 776 plus
812 697 880 758 iacit
894 708 1058 774 apostatare
1071 699 1109 757 ab

57 792 168 853 abbate
178 792 310 853 Domino
325 806 425 855 nostro
439 795 510 873 Jesu
524 795 667 856 Christo¹.
701 796 755 856 Et¹
765 806 829 856 esto
843 795 923 873 quod
934 795 1111 856 Innocentius

57 892 161 951 miras
174 891 297 951 deviavit
310 895 342 952 in
355 894 411 954 ista
435 894 591 966 dementia,
611 905 644 952 ut
664 893 764 954 fratres
779 895 832 953 sibi
847 895 1013 971 imponunt,
1028 893 1109 970 quod

57 1005 123 1047 non
134 991 257 1067 pertinet
267 992 337 1051 mihi
349 992 501 1064 discutere,
512 994 574 1052 scio
585 1003 684 1052 tamen
700 1011 736 1051 ex
747 993 805 1052 fide
817 992 922 1053 Christi
934 992 1015 1069 quod
1025 993 1109 1069 quid·

56 1085 132 1163 quid
142 1087 172 1145 in
183 1090 303 1147 materia
312 1090 367 1148 ista
379 1089 530 1161 diffinierit,
542 1109 603 1149 non
614 1091 701 1150 debet
712 1091 855 1167 acceptari
870 1109 888 1149 a
901 1090 1042 1162 fidelibus,
1054 1091 1108 1149 nisi

57 1182 98 1242 de
118 1196 229 1260 quanto
243 1187 274 1244 in
287 1187 352 1263 lege
373 1188 541 1264 evangelica
556 1197 600 1247 est
621 1187 781 1258 fundatum,
796 1207 864 1247 cum
879 1200 975 1248 certus
990 1207 1056 1248 sum
1071 1207 1107 1247 ex

57 1281 165 1340 eadem
179 1282 245 1353 fide,
261 1284 342 1359 quod
363 1286 393 1343 in
407 1286 462 1344 ista
475 1285 540 1361 lege
554 1287 651 1345 omnis
665 1287 769 1344 veritas
784 1297 813 1345 et
828 1287 990 1363 specialiter
1004 1287 1107 1345 veritas

58 1378 127 1438 fidei
138 1382 300 1441 secundum
314 1401 489 1454 mensuram,
504 1402 580 1460 quae
594 1384 689 1460 magis
703 1385 845 1461 congruit,
862 1385 1036 1442 continetur.
1071 1383 1109 1442 Et

57 1493 129 1535 cum
143 1477 173 1535 in
188 1477 305 1539 Christo
320 1491 350 1538 et
369 1480 435 1557 lege
456 1499 509 1541 sua
529 1499 591 1539 non
612 1492 679 1541 sunt
692 1480 746 1540 Est
760 1492 789 1539 et
803 1480 897 1546 Non⁸,
919 1481 971 1540 sed
992 1483 1023 1539 in
1043 1481 1108 1556 lege

58 1591 123 1645 sua,
137 1586 169 1633 ut
182 1588 261 1652 patet
275 1595 312 1635 ex
327 1578 435 1648 dictis⁴,
449 1579 621 1649 continetur,
637 1577 718 1654 quod
737 1588 953 1637 sacramentum
967 1577 1045 1637 istud
1064 1585 1109 1636 est

58 1690 169 1749 corpus
179 1672 287 1733 Christi
301 1685 330 1734 et
344 1675 438 1751 panis,
449 1676 517 1735 ideo
527 1675 585 1734 hoc
596 1676 684 1735 debet
694 1676 813 1752 quilibet
828 1675 920 1734 fidelis
935 1677 965 1733 in
975 1674 1108 1733 Domino

56 1773 223 1833 observare.
267 1772 326 1833 Sed
351 1774 470 1833 existo
495 1773 648 1833 manifeste
673 1773 802 1844 infertur,
828 1774 908 1849 quod
931 1773 989 1832 hoc
1013 1790 1108 1833 sacra-

56 1881 192 1930 menmm
206 1889 268 1931 non
283 1873 318 1931 sit
328 1872 465 1932 accidens
476 1873 537 1931 sine
552 1872 694 1948 subjecto,
705 1889 773 1929 cum
787 1871 901 1930 fundari
912 1888 978 1930 non
992 1872 1108 1949 poterit,

57 1970 141 2048 qnod
154 1969 236 2030 Deus
250 1969 319 2030 lecit
331 1970 469 2030 accidens
483 1987 590 2046 corpus
605 1987 709 2041 suum;
730 1969 799 2028 ideo
815 1968 976 2028 adhaerens
996 1968 1064 2027 fidei
1077 1978 1109 2027 ut

57 2067 202 2128 haeresim
216 2069 375 2127 maximam
389 2066 446 2127 hoc
461 2068 586 2144 negabo
621 2065 695 2126 Ideo
709 2067 775 2126 misi
789 2067 860 2126 alias
874 2068 996 2143 satrapis
1009 2068 1040 2125 in
1053 2066 1109 2126 ista

57 2166 179 2226 materia
192 2167 261 2226 istas
275 2176 333 2226 tres
348 2166 559 2235 conclusiones,
575 2183 642 2224 cum
655 2166 865 2242 protestatione
879 2164 992 2225 debita:
1009 2165 1108 2241 prim

55 2274 104 2325 est
116 2264 206 2336 haec;
229 2265 254 2322 si
267 2265 368 2322 virtute
387 2262 525 2323 istorum⁸
537 2264 692 2322 verborum
713 2263 963 2322 sacramentalium
981 2263 1017 2322 sit
1031 2263 1107 2322 acci·
1141 2323 1165 2348 m
1184 2283 1232 2349 orea

56 2361 133 2423 dens
157 2362 220 2420 sine
245 2362 377 2438 subjecto
404 2363 435 2419 in
463 2370 645 2421 sacramento
674 2362 777 2432 altaris,
802 2361 872 2420 illud
898 2363 1036 2421 accidens
1063 2372 1107 2420 est
1140 2365 1158 2429 ξ,
1192 2365 1204 2388 ⁰
1228 2405 1239 2430 ,

56 2462 216 2537 ipsummet
230 2469 452 2519 sacramentum.
488 2458 571 2518 Patet
584 2477 621 2517 ex
635 2457 701 2531 hoc,
716 2459 795 2535 quod
810 2469 1023 2518 sacramentum
1037 2459 1107 2517 illud
1193 2445 1256 2511 “3⁸⁸⁰

57 2557 221 2620 secundum
241 2551 457 2617 consessionem
476 2558 654 2617 concordem
674 2558 794 2616 istorum
813 2557 1024 2616 haereticorum
1045 2574 1107 2615 non

57 2667 105 2717 est
119 2657 279 2716 substantia
287 2674 295 2729 ;
317 2656 385 2715 ideo
399 2674 461 2715 non
476 2664 607 2732 superest
621 2655 692 2732 quid
707 2656 795 2714 verba
813 2656 867 2715 ista
886 2655 1065 2714 destruerent
1078 2663 1108 2712 et

57 2756 90 2815 in
104 2764 288 2814 sacramento
302 2753 506 2830 relinquerent,
518 2754 573 2812 nisi
587 2753 644 2812 tale
658 2753 804 2812 accidens.
838 2750 965 2812 Secunda
975 2752 1110 2828 corulurt'u

58 2853 114 2913 snit
137 2854 208 2926 ista;
239 2853 313 2912 inter
333 2870 438 2911 omnes
462 2852 605 2922 haereses,
626 2870 702 2928 quae
724 2869 856 2929 unquam
878 2851 1055 2929 pullularunt
1078 2851 1108 2908 in

58 2951 184 3012 ecclesia
205 2961 306 3011 sancta
320 2950 385 3021 Dei,
401 2968 462 3009 non
483 2949 535 3009 fuit
556 2950 717 3019 nefandior‚
736 2967 826 3026 quam
846 2949 974 3008 haeresis
994 2966 1110 3026 ponens

58 3050 198 3110 accidens
211 3049 274 3109 sine
289 3049 421 3126 subjecto
436 3066 500 3107 esse
515 3048 571 3106 hoc
585 3047 748 3106 venerabile
762 3058 985 3107 sacramentum.
1027 3045 1110 3105 Patet

59 3167 99 3208 ex
113 3148 180 3219 hoc,
195 3147 292 3224 quod⁸
306 3147 361 3206 ista
374 3147 429 3216 via,
443 3157 585 3222 quantum
606 3147 636 3204 in
658 3163 689 3204 se
710 3155 762 3216 est,
778 3145 935 3204 haereticat
953 3145 1111 3222 praecipua

58 3247 149 3306 verba
163 3245 278 3316 Christi,
290 3254 319 3303 et
333 3244 476 3304 haeresim
485 3261 572 3320 super
582 3243 725 3320 majorem
740 3255 853 3319 partem
866 3243 1006 3302 ecclesiae
1019 3243 1110 3300 intro·

59 3344 149 3406 ducit.
199 3343 296 3403 Terb‘a
324 3343 460 3401 conclusio
487 3352 531 3401 est
559 3342 629 3414 ista;
662 3340 719 3400 hoc
747 3350 962 3400 sacramentum
989 3358 1025 3398 ex
1053 3339 1110 3397 fide

58 3443 202 3520 evangelii
216 3453 261 3503 est
279 3442 444 3501 naturaliter
462 3459 546 3499 verus
564 3440 657 3517 panis,
672 3450 700 3498 et
715 3439 958 3498 sacramentaliter
976 3456 1011 3497 ac
1030 3457 1110 3497 vera·

59 3550 133 3609 citer
146 3566 255 3626 corpus
270 3548 386 3608 Christi.
428 3546 511 3606 Patet
525 3564 561 3604 ex
575 3546 727 3620 evangelio
742 3544 917 3621 supradicto.

102 3645 254 3719 Quantum
269 3647 307 3705 ad
329 3645 490 3705 secundam
508 3642 710 3718 quaestionem
730 3651 819 3713 tuam,
834 3643 945 3702 videtur
958 3643 1029 3702 mihi
1043 3659 1111 3720 pro·

58 3745 165 3816 babile,
179 3744 260 3821 quod
275 3743 416 3813 Christus,
431 3743 481 3820 qui
496 3742 662 3801 dominatur
676 3759 763 3817 super
780 3758 884 3801 omnes
903 3741 1044 3812 diabolos,
1058 3759 1111 3818 per

60 3843 121 3903 boc
145 3842 233 3902 docet
257 3860 313 3901 nos
336 3841 492 3918 figurative,
514 3838 665 3916 quomodo
688 3857 811 3916 regnum
832 3836 1002 3899 antichristi'
1023 3839 1053 3898 in
1079 3857 1110 3897 se

93 4025 102 4055 ¹
120 4022 235 4088 Christo]
247 4038 298 4072 om.
310 4022 349 4072 ed.
362 4038 398 4086 pr.
530 4019 540 4048 ²
557 4020 594 4084 et]
606 4027 641 4078 ut,
654 4020 688 4070 D.
819 4021 828 4051 ³
845 4023 876 4072 cs.
890 4036 902 4070 a
916 4022 1029 4073 Corinth.
1041 4023 1057 4072 i.
1073 4037 1110 4089 19.

58 4089 124 4140 Cod.
142 4089 187 4140 C.:
212 4103 264 4139 nou
281 4095 337 4137 sunt
353 4087 401 4137 nisi
418 4095 455 4137 est
472 4094 497 4136 et
513 4102 572 4136 non.
642 4150 646 4161 .
735 4086 844 4151 ‘dictis]
862 4087 1052 4152 praedictised.
1091 4105 1110 4138 r.

57 4152 368 4219 ⁸istorurn]om.A.B.C.
489 4150 594 4216 ‘quod]
607 4150 715 4215 quta,D.
824 4151 1061 4217 'antichristssom
1074 4105 1110 4210 h..

59 4221 92 4270 A.
104 4220 199 4286 primae
210 4234 305 4276 manus,
317 4218 356 4269 ed.
368 4233 404 4282 pr.
