2864 4836
551 398 808 481 JOANNIS
840 400 1072 465 WICLIF
1260 424 1335 463 mn.

281 564 860 645 oporteteecsndoccgnoscerequcdad
872 564 1067 627 identitatem
1078 566 1336 640 formaeeumnu·

281 662 397 723 merulis
410 662 545 723 identitas
556 663 691 723 consistit
703 662 736 723 in
747 662 842 741 gradu
851 663 1009 741 multiplici
1013 664 1035 737 ¹,
1046 664 1162 727 allicit
1175 665 1260 744 qood
1270 664 1338 727 id*

281 760 404 821 uncant
416 758 552 820 faciliter¹
564 770 594 821 et
606 760 743 821 identtus
757 760 803 821 mi
820 761 953 839 aij
968 761 1042 823 linet
1058 774 1188 841 tempm
1199 758 1339 841 loquat·

281 858 440 919 formaliter
452 859 583 919 varietur.
624 858 788 939 Cametgo
800 858 998 920 manmiden
1011 861 1141 945 spiritus
1155 858 1338 921 mummiu-

282 956 555 1018 msmmaterialem
573 957 606 1017 in
624 954 729 1019 eadem
748 955 1243 1036 matesiahominestmrgente,
1261 972 1338 1035 qut

283 1070 344 1113 non
357 1054 518 1114 remanebit
533 1054 638 1117 eadem
651 1054 755 1129 lorma,
764 1054 831 1117 licet
842 1066 960 1133 tempus
972 1072 1051 1115 suae
1063 1055 1279 1133 productionis
1290 1052 1339 1113 im·

282 1153 394 1213 maliter
403 1154 546 1213 variemrl
576 1152 671 1215 Tertio
682 1172 821 1233 suppono
833 1153 884 1215 tibi
897 1170 936 1213 ex
950 1152 1021 1225 fide,
1031 1154 1121 1231 quod
1135 1153 1228 1215 facile
1240 1148 1339 1215 estlle'

282 1250 512 1326 omnipotentiae
535 1260 660 1321 atomos,
681 1261 941 1329 quantumcunque
963 1248 1095 1329 dispersi
1118 1250 1245 1323 fuerint,
1263 1248 1339 1309 nolis

150 1408 160 1437 ¹
282 1347 1339 1427 incognite⁸velimmediatepersevelministesiosngelornmsem=

282 1444 353 1504 dum
367 1446 449 1523 quod
460 1447 516 1507 sibi
529 1444 677 1524 placuerit,
691 1447 787 1508 subito
796 1447 842 1507 uel
855 1447 1019 1507 successive
1032 1446 1190 1525 colligere.
1225 1446 1265 1507 Et
1276 1456 1337 1505 tunt

282 1552 362 1618 patet
376 1543 445 1604 fidei
458 1554 575 1606 nostrae
589 1545 762 1623 posunlius
775 1554 864 1623 atque
876 1540 944 1604 Deo
959 1542 1097 1615 tacitus,
1113 1545 1277 1622 supposita
1287 1560 1340 1603 aer-

282 1640 399 1700 vatione
419 1642 547 1701 hominis
566 1642 596 1700 in
614 1641 715 1719 spiritu
732 1650 873 1720 tanquam
891 1636 989 1713 base¹,
1008 1651 1040 1701 et
1059 1642 1225 1719 supposita
1244 1640 1339 1702 eadat

284 1738 457 1800 collectione
470 1740 661 1801 multitudinis
673 1750 831 1819 perpetuae
844 1738 1037 1800 materialium
1049 1748 1238 1799 atomorum.

324 1837 375 1897 Ad
390 1840 516 1914 primunt
536 1844 729 1916 argaeum
748 1848 832 1898 tuum
851 1836 1018 1915 respondeo
1034 1837 1247 1909 concedendo,
1260 1834 1338 1915 quod

284 1936 413 2012 imponis
434 1953 483 1995 me
496 1934 641 2007 mouere',
659 1936 768 1997 scilicet
787 1934 869 2013 quod
889 1933 1055 1995 secundeum
1076 1934 1179 1995 idem⁸
1192 1935 1340 2014 corpusin

285 2050 409 2093 numero
432 2032 514 2110 quod
538 2032 586 2093 hic
609 2034 762 2111 gessimus,
787 2050 980 2110 resurgemus.
1026 2030 1059 2092 st
1083 2034 1169 2093 enim
1193 2045 1341 2111 portamus

285 2129 363 2189 idem
384 2148 492 2209 corpus
511 2132 542 2192 in
563 2148 686 2191 numero
706 2148 759 2208 per
776 2140 868 2191 totam
888 2138 1020 2191 nostram
1040 2130 1211 2207 periodum,
1225 2142 1341 2208 propter

285 2229 465 2290 identitatem
489 2231 604 2307 spiritus
628 2231 780 2301 actuantis,
804 2229 1015 2308 quantumlibet
1042 2231 1170 2289 mmeris
1195 2224 1340 2299 varietur',

285 2336 397 2406 quanto
417 2329 512 2405 magis
525 2328 664 2388 redeunte
684 2328 789 2388 eadem
809 2328 928 2387 materia
947 2328 980 2385 in
993 2344 1120 2387 numero
1142 2344 1214 2387 cum
1234 2326 1339 2387 ecdem

286 2426 388 2503 spiritu
408 2426 552 2503 copulata
593 2424 659 2485 Nec
679 2426 764 2486 obest
783 2424 923 2485 identitati
944 2424 1088 2485 numerali
1112 2423 1230 2485 formae
1250 2434 1337 2485 mate·

287 2524 363 2583 rialis
377 2523 421 2583 vel
442 2522 635 2596 accidentalis,
650 2524 730 2601 quod
748 2534 864 2601 tempus
885 2522 1090 2582 intellectum¹⁰
1111 2523 1273 2583 formaliter
1292 2541 1338 2581 va·

286 2624 382 2693 rietur,
394 2640 462 2681 curn
477 2632 604 2681 servatur
617 2622 721 2681 eadem
743 2621 875 2681 absoluta
894 2622 1020 2681 essentia
1040 2639 1094 2697 per
1116 2640 1150 2680 se
1173 2621 1336 2699 possibilis;

286 2733 315 2779 et
338 2731 401 2779 toto
425 2720 503 2779 iacto
528 2730 732 2796 argumentum
754 2729 835 2778 tuum
857 2737 918 2778 non
942 2719 1008 2796 plus
1028 2719 1161 2796 implicat
1182 2722 1240 2779 nisi
1260 2718 1335 2796 quod

286 2818 381 2877 forma
393 2818 548 2878 materialis
558 2829 586 2877 et
600 2818 785 2878 accidentalis
796 2817 957 2878 secundum
968 2818 1200 2877 abstractionem
1211 2818 1337 2895 ultimam

288 2916 438 2988 intellecta,
464 2926 585 2993 propter
609 2916 797 2975 variationem
821 2915 959 2990 temporis
984 2915 1139 2974 variantur.
1186 2915 1247 2975 Sed
1271 2914 1337 2992 quid

287 3017 370 3074 obest
390 3014 447 3073 hoc
461 3014 661 3073 resurrectioni
675 3032 759 3073 verae
778 3013 940 3072 secundum
958 3012 1140 3071 identitatem
1159 3013 1337 3073 numeralem

286 3124 346 3172 tarn
357 3112 468 3170 formae
479 3130 568 3188 quam
580 3113 737 3171 materiae?
764 3111 877 3170 Eadem
887 3110 966 3169 enim
978 3110 1206 3171 fundamentalis
1216 3112 1338 3170 essentia

286 3213 422 3271 materiae
437 3220 480 3271 est
494 3211 654 3270 substantia
667 3212 799 3269 omnium
813 3209 972 3269 formarum
985 3208 1086 3268 talium
1104 3209 1338 3269 substantialium

287 3311 332 3368 vel
347 3309 577 3379 accidentalium,
592 3326 659 3367 cum
674 3307 835 3367 secundum
850 3303 1041 3384 philosophos
1059 3316 1127 3365 tuos
1146 3316 1250 3365 manet
1263 3306 1339 3365 idem

286 3410 398 3467 instans
420 3407 556 3466 continue
581 3423 640 3483 quo
665 3405 703 3464 ad
727 3403 926 3483 subjectum¹¹.
969 3403 1000 3462 Si
1024 3420 1097 3480 ergo
1120 3402 1216 3464 homo
1231 3413 1340 3480 potest

286 3525 374 3583 saepe
399 3506 527 3565 eundem
550 3515 647 3564 actum
672 3514 810 3581 repetere,
835 3512 867 3561 ut
891 3513 1008 3579 oportet
1030 3520 1068 3560 ex
1093 3501 1153 3561 fide
1181 3503 1341 3580 scripturae

287 3604 459 3687 concedere,
475 3603 546 3680 quid
560 3603 645 3661 obest
657 3601 740 3679 quod
752 3601 853 3661 redeat
866 3598 970 3661 eadem
984 3599 1089 3671 forma,
1100 3598 1170 3659 licet
1179 3600 1341 3677 respectiva

286 3700 476 3760 accidentalia
489 3700 652 3759 venentur?
803 3711 805 3715 ’

318 3845 451 3896 mult
407 3844 458 3959 pl
452 3845 487 3910 ci]
499 3843 630 3921 multiplici
621 3843 772 3901 ridentitati,
783 3843 877 3894 A...BC
1014 3841 1207 3894 ¹identificatur
1196 3842 1341 3973 faciliter]

285 3912 401 3962 lidenttas
421 3910 532 3966 edentis,
543 3909 624 3959 ed.r
593 3925 631 3974 pr.
728 3908 882 3985 'loquendi]
894 3907 1026 3972 loquendo,
1037 3908 1076 3958 ed.
1087 3923 1125 3973 pr.
1196 3906 1325 3958 ¹homine

285 3993 335 4027 cm.
348 3977 430 4026 edr
399 3992 437 4041 p.
535 3974 716 4039 incognite]
709 3975 837 4068 incognito
850 3974 940 4029 Deurna,
953 3972 985 4021 D.
998 3973 1037 4022 cd
1046 3988 1083 4038 pr
1182 3974 1342 4089 *ΜΗ

284 4042 385 4092 lundam
386 4050 485 4091 entosu
486 4039 664 4134 bstrato(lldot
665 4041 696 4099 ι).
782 4039 908 4089 innuere
907 3988 1165 4135 ]innumere.edpr
1329 4038 1341 4103 ]

284 4106 341 4163 hcc.
353 4107 385 4157 A.
387 4107 446 4157 B.C.
544 4103 688 4169 ¹varietur]
700 4105 800 4161 vadam.
812 4104 845 4154 A
847 4104 907 4155 B.C
991 4102 1212 4171 ¹¹intellectum]
1205 4112 1342 4170 integrum,

284 4172 365 4221 ed
334 4188 371 4236 p
473 4170 655 4236 ¹¹subjectum]
668 4170 811 4229 secundum,
823 4169 904 4219 edr
874 4184 911 4235 pr.
