2864 4836
499 415 757 494 JOANNJS
799 417 1017 479 toleror
1228 445 1306 486 wc

670 863 767 923 CAP.
789 863 856 923 IX.¹

242 1035 397 1097 Consilium
414 1035 528 1097 Christi
538 1039 570 1095 in
577 1037 723 1114 prophetia
737 1037 844 1098 Marto.
861 1040 936 1098 xxiv.
954 1059 969 1098 a
973 1057 1002 1114 3,
1018 1057 1090 1116 ssq,
1107 1043 1284 1099 mancthtum

423 1136 464 1193 ad
473 1136 593 1195 schisma
602 1137 703 1213 popolo
716 1138 888 1215 refermdtm
901 1156 957 1195 esse
969 1138 1091 1198 docetur.

267 1305 327 1365 Sed
341 1325 395 1382 pro
416 1308 610 1368 declaratione
630 1309 757 1368 ulteriori
775 1310 856 1368 istius
874 1310 994 1387 grandis
1015 1312 1140 1387 periculi
1161 1312 1292 1371 notanda

226 1415 270 1462 est
289 1403 442 1480 prophetia
459 1405 565 1465 Christi
585 1407 725 1466 Matthaei
740 1409 824 1478 xxiv,
839 1408 888 1466 ubi
903 1408 999 1479 docet,
1014 1411 1172 1485 quomodo
1190 1411 1291 1470 ‘multi

226 1504 343 1562 venient
367 1504 397 1561 in
422 1505 542 1562 nomine
568 1523 623 1564 suo
648 1506 787 1576 dicentes,
811 1504 895 1582 quia¹
918 1524 975 1581 ego
999 1524 1065 1565 sum
1089 1507 1237 1578 Christus,
1262 1520 1291 1568 et

226 1602 333 1661 multos
356 1600 513 1661 seducent?
562 1602 618 1662 Rei
643 1614 741 1662 autem
765 1614 884 1663 eventus
911 1603 942 1662 in
970 1606 1077 1664 nostris
1106 1608 1290 1683 temporibus

66 1760 78 1784 u
110 1679 138 1784 γ’
226 1700 348 1776 exponit
370 1699 517 1759 evidenter
540 1700 618 1761 hanc
642 1701 764 1760 Domini
788 1701 980 1778 prophetiam,
1002 1721 1070 1761 cum
1097 1705 1191 1775 multi,
1213 1723 1288 1781 quos

61 1800 85 1866 2
113 1801 155 1825 ‘⁰¹¹²
226 1798 409 1875 evangelium
430 1811 515 1859 vocat
536 1800 782 1876 pseudochristos,
804 1800 940 1877 surgunt⁸
965 1802 1070 1860 nostris
1094 1804 1288 1880 temporibus,

227 1915 288 1956 non
303 1898 398 1959 solum
412 1901 574 1959 successive
589 1900 641 1960 sed
656 1899 749 1970 simul,
764 1918 840 1965 unus
854 1918 1021 1976 repugnans
1036 1900 1128 1972 alteri,
1143 1913 1173 1961 et
1187 1902 1288 1962 dicunt

228 2013 289 2053 non
308 1997 404 2055 solum
424 2008 555 2074 uterque,
570 1998 651 2074 quod
670 2015 726 2074 ego
746 2015 812 2056 sum
827 1995 958 2057 Christus
976 1998 1025 2056 ie.
1043 2009 1151 2058 unctus
1165 1999 1288 2060 Domini

228 2094 303 2151 sicut
316 2094 403 2153 ceteri
418 2095 595 2166 sacerdotes,
606 2095 658 2154 sed
672 2095 752 2172 quod
766 2095 876 2154 habent
889 2095 986 2154 aDeo
1001 2097 1126 2172 gratiam
1140 2099 1288 2158 unctionis

228 2191 343 2249 animae
363 2209 433 2267 prae
452 2194 565 2252 cunctis
583 2193 763 2264 mortalibus,
778 2203 807 2252 et
825 2193 1044 2269 blasphemant⁴
1056 2194 1087 2253 in
1107 2196 1288 2272 spirimalem

228 2300 402 2366 potestatem
423 2292 496 2352 ultra
517 2303 701 2370 potestatem,
716 2311 806 2370 quam
827 2292 959 2354 Christus
980 2295 1128 2371 unquam⁶
1150 2297 1288 2373 dignatus

228 2399 273 2447 est
300 2389 439 2450 ecclesiae
463 2409 533 2450 suae
557 2392 711 2450 ostendere
739 2393 770 2450 in
794 2409 825 2450 se
851 2393 924 2469 ipso.
974 2391 1012 2452 Et
1035 2394 1104 2469 quia
1129 2395 1288 2471 opiniones

228 2486 335 2557 volant,
360 2488 440 2564 quod
468 2507 544 2547 unus
568 2490 604 2547 sit
628 2507 712 2548 verus
735 2507 812 2565 papa
839 2500 868 2548 et
895 2490 967 2550 alius
991 2491 1194 2569 pseudopapa,
1220 2494 1288 2553 ideo

229 2586 376 2662 subjungit
390 2587 589 2662 evangelium:
612 2587 659 2645 ‘Si
674 2588 738 2664 quis
753 2588 836 2646 vobis
851 2587 960 2659 dixerit,
975 2607 1045 2648 ecce
1058 2588 1105 2647 hic
1127 2602 1173 2649 est
1188 2591 1287 2650 Chris-

229 2692 275 2741 tus
304 2694 353 2741 aut
381 2684 445 2753 illic,
475 2685 564 2742 nolite
594 2684 727 2756 credere;
763 2696 882 2761 surgent
909 2687 989 2745 enim
1016 2687 1231 2763 pseudochristi
1260 2702 1288 2748 et

229 2781 502 2857 pseudoprophetae
524 2793 552 2841 et
573 2783 683 2841 dabunt
705 2784 789 2858 signa
809 2802 917 2859 magna
937 2795 967 2843 et
986 2785 1127 2862 prodigia,
1143 2787 1183 2846 ita
1202 2800 1237 2846 ut
1257 2790 1287 2847 in

228 2896 355 2936 errorem
370 2879 552 2950 inducantur,
569 2882 592 2938 si
607 2879 667 2937 fieri
682 2890 787 2956 potest,
802 2882 889 2939 etiam
908 2881 991 2940 electi
1009 2881 1065 2941 Dei
1074 2902 1081 2954 ;
1110 2901 1182 2943 ecce
1202 2903 1287 2961 prae·

229 2976 286 3034 dixi
302 2978 392 3035 vobis,
437 2977 466 3035 si
488 2996 559 3053 ergo
578 2978 702 3036 dixerint
721 2979 818 3036 vobis:
848 2997 917 3037 ecce
938 2980 969 3037 in
989 2978 1103 3039 deserto
1124 2993 1178 3052 est,
1197 2984 1286 3042 nolite

229 3075 362 3148 credere;
395 3094 463 3134 ecce
485 3077 516 3134 in
538 3076 755 3152 penetralibus⁸,
778 3077 868 3134 nolite
889 3076 1155 3137 credere'l'—Ubi
1177 3099 1286 3157 suppo·

228 3173 358 3232 nendum
373 3186 417 3232 est
431 3175 572 3244 fidelibus
588 3175 668 3250 quod
687 3175 741 3232 iste
761 3185 856 3233 textus
874 3175 1015 3251 evangelii
1033 3174 1121 3235 habet
1141 3179 1285 3255 majorem

227 3273 458 3346 permanentiam
469 3275 594 3332 veritatis
608 3291 697 3349 quam
712 3273 827 3331 coelum
842 3283 871 3332 et
886 3283 960 3331 terra
973 3284 1023 3331 aut
1036 3273 1133 3350 aliqua
1145 3287 1284 3334 creatura

228 3368 364 3428 Secundo
387 3371 613 3446 supponendum
635 3381 679 3429 est
703 3381 843 3447 tanquam
868 3371 1026 3446 probabile,
1049 3373 1129 3447 quod
1153 3372 1285 3434 Christus

225 3466 351 3541 loquitur
376 3469 411 3526 de
437 3469 497 3527 istis
523 3468 729 3546 pseudopapis,
751 3486 826 3544 quos
847 3469 977 3528 videmus
999 3469 1088 3529 hodie
1109 3472 1140 3529 in
1163 3474 1285 3532 ecclesia

226 3567 451 3637 contendentes;
488 3566 572 3625 nam⁸
599 3567 687 3643 aliqui
715 3567 823 3636 dicunt,
852 3567 932 3643 quod
959 3568 1007 3627 hic
1034 3569 1213 3630 Avinioniae
1241 3584 1284 3630 est

226 3661 413 3721 solummodo
431 3683 515 3723 verus
530 3684 616 3741 papa,
632 3666 700 3740 quia
720 3665 868 3724 Robertus
884 3665 1098 3738 Gilbonensis⁹,
1113 3687 1205 3744 quem
1221 3668 1283 3728 Cle-

225 3767 334 3817 mentem
360 3763 521 3834 nominant,
547 3763 600 3822 fuit
625 3763 733 3822 electus
758 3764 893 3839 legitime,
915 3783 982 3823 cum
1007 3785 1043 3824 ex
1065 3769 1283 3842 perturbatione

257 3936 265 3965 ¹
283 3935 345 3998 Cap.
363 3935 407 3999 ix.]
430 3935 493 3985 Cod.
511 3936 555 3992 C.;
581 3936 622 3984 hic
641 3951 721 3999 neque
740 3936 869 3999 distinguit
890 3953 968 4001 neque
988 3938 1075 4002 capitis
1095 3938 1195 3988 initium
1214 3939 1280 3989 tacit.

224 3998 234 4026 ²
251 4000 319 4063 quia]
333 4001 406 4063 quod,
420 4002 449 4050 C.
598 4002 607 4029 ⁸
624 4002 738 4065 surgunt]
752 4010 859 4064 surgent,
873 4005 904 4051 Α.
1068 4005 1076 4032 ⁴
1094 4005 1282 4069 blasphemant]

225 4065 388 4129 blasphemat.
400 4067 481 4116 a.b.c.
580 4066 589 4095 ⁵
606 4067 701 4116 Cristus
713 4068 832 4131 unquam]
845 4084 970 4131 nunquam
982 4068 1104 4124 Christus,
1117 4071 1147 4119 C.
1230 4071 1240 4098 ⁸
1257 4073 1282 4118 in

224 4130 402 4194 penetralibus]
415 4132 440 4179 in
452 4131 618 4196 penetralibus
629 4141 673 4188 est,
685 4133 742 4181 C.b.
940 4133 949 4162 ³
966 4133 997 4183 ci.
1011 4135 1101 4184 blatth.
1114 4137 1179 4183 xxiv.
1194 4136 1281 4197 23-26.

205 4250 208 4261 ¹
223 4196 232 4221 ⁸
248 4195 318 4258 nam]
332 4212 389 4252 non,
402 4198 430 4246 C.
562 4200 571 4225 ⁹
590 4197 762 4261 Gilbonensis]
775 4198 951 4255 Gibbonensis,
965 4200 1024 4248 Ab.
