2864 4836
479 423 745 503 JoANNlS
787 422 1003 486 WJCLIF
1194 445 1280 484 uam

223 585 368 645 deletione
377 587 497 662 peccati,
507 603 575 644 cum
584 585 716 645 diabolus
725 586 812 644 utitur
823 603 920 645 errore
928 583 1279 645 scholastico¹adhaem

223 702 269 743 ses
283 685 313 742 in
328 685 458 742 moribus
472 683 676 743 inducendas².
711 683 750 742 Et
765 684 805 742 sic
816 684 962 744 seducitur
976 682 1082 743 schola
1096 684 1190 744 bodie
1204 684 1276 742 circa

223 798 316 850 casus,
331 782 361 838 in
376 782 481 857 quibus
495 781 613 856 ponitur
628 781 709 857 quod
725 779 807 839 Deus
825 781 943 840 inducat
960 781 1088 856 gratiam
1107 781 1278 848 successive,

222 889 251 936 et
265 879 425 937 successive
440 879 546 937 educat
560 887 723 955 peccatum,
739 880 782 937 sic
795 879 876 955 quod
892 879 985 956 gratia
1004 887 1033 937 et
1053 889 1214 955 peccatum
1227 893 1277 954 pro

221 977 339 1034 instanti
357 976 454 1052 aliquo
476 988 682 1053 coaequentur.
724 975 825 1036 Gratia
843 976 1221 1054 enimpraedestinationis
1238 973 1278 1034 οἳ*

222 1073 315 1132 finalis
329 1074 494 1150 reprobatio
509 1092 571 1132 non
585 1083 710 1151 possunt
723 1074 819 1134 inesse
832 1074 954 1145 homini,
966 1074 1022 1133 nisi
1036 1074 1127 1151 plene
1142 1074 1277 1134 insuerint

220 1189 275 1249 pro
297 1173 422 1242 instanti,
445 1189 513 1231 cnm
536 1189 598 1230 non
619 1182 745 1248 possunt
768 1172 876 1231 habere
899 1180 996 1249 partes
1020 1171 1205 1249 hujusmodi,
1226 1188 1277 1230 nec

220 1270 327 1346 gratia⁴
342 1270 504 1328 secundum
524 1278 709 1346 praesentem
728 1270 876 1346 justitiam,
888 1288 944 1330 nec
965 1279 1090 1346 peccata
1111 1270 1275 1330 secundum

220 1377 402 1443 praesentem
412 1366 594 1443 injustitiam⁶
605 1377 727 1443 possunt
737 1369 833 1427 inesse
844 1367 964 1441 homini,
973 1369 1030 1426 nisi
1040 1369 1131 1445 plene
1141 1368 1276 1428 insuerint

220 1478 248 1526 et
273 1468 369 1526 subito
391 1484 446 1542 pro
471 1467 597 1524 instanti.
639 1465 712 1524 Ideo
736 1484 805 1525 cum
829 1467 906 1526 circa
929 1467 1080 1544 possibilia
1101 1468 1192 1526 debet
1214 1483 1275 1525 esse

221 1565 361 1634 doctrina,
374 1565 412 1624 ad
425 1563 496 1640 quid
512 1563 579 1622 facit
593 1564 726 1624 diabolus
741 1582 811 1625 suos
824 1565 981 1643 discipulos
995 1567 1073 1626 circa
1087 1563 1276 1644 impossibilia

220 1663 356 1739 evagari?

649 1951 745 2014 CAP.
766 1951 853 2012 VIII.

532 2092 613 2152 Num
627 2094 702 2152 mala
717 2096 867 2153 necessario
873 2093 958 2170 fiant.

261 2225 398 2284 Pseustis.
440 2225 476 2284 In
498 2227 634 2284 omnibus
655 2225 715 2285 istis
736 2226 901 2295 considero,
916 2223 997 2301 quod
1019 2223 1163 2298 fingendo
1182 2221 1274 2281 infun·

221 2322 350 2381 dabiliter
365 2333 541 2399 conceptum
555 2323 705 2398 proprium
715 2334 868 2381 extraneas
883 2320 1059 2380 amodcrnis
1071 2331 1101 2378 et
1112 2321 1152 2379 ad
1166 2330 1275 2380 tantum

221 2419 363 2490 dilaberis,
379 2421 459 2497 quod
480 2421 576 2496 ponis,
598 2420 710 2478 nullum
731 2422 908 2496 praescitum
927 2417 1026 2477 Deum
1047 2435 1136 2494 posse
1158 2418 1274 2478 salvare.

222 2518 281 2577 Sed
295 2537 370 2595 quae
386 2519 479 2594 maior
493 2517 641 2577 haeresis?

260 2617 426 2674 Phrenesis.
469 2617 504 2674 In
524 2619 578 2675 ista
598 2617 718 2674 materia
736 2626 801 2675 utor
821 2616 951 2674 terminis
970 2615 1045 2673 sicut
1063 2614 1109 2672 usi
1124 2624 1194 2672 sunt
1207 2613 1273 2671 doc·

221 2725 299 2773 tores
321 2716 431 2790 antiqui
451 2718 574 2774 molier
596 2717 755 2774 rationibus
776 2723 806 2772 et
826 2715 975 2789 scriptura
1017 2710 1156 2770 Modemi
1178 2721 1274 2770 autem

221 2812 270 2886 qui
290 2812 437 2886 baptisant
451 2814 590 2872 termInos
610 2813 771 2872 secundum
790 2830 843 2871 sua
861 2812 985 2881 arbitria,
999 2811 1046 2868 vix
1066 2808 1226 2869 fundantur
1244 2810 1273 2866 In

221 2909 269 2968 illo
291 2909 459 2985 syllogismo
481 2914 589 2987 topico‚
611 2913 660 2988 qui
682 2912 788 2969 multos
813 2910 928 2986 decipit,
950 2909 1046 2967 ‘sauia
1068 2907 1208 2967 Romana
1227 2906 1269 2965 vel

222 3007 365 3077 doctores,
381 3026 455 3084 qnos
469 3011 612 3084 approbat
618 3011 636 3080 ⁶,
649 3010 690 3069 sic
705 3009 869 3086 loquuntur,
881 3025 952 3084 ergo
964 3024 1063 3066 verum
1071 3003 1089 3078 3’
1112 3005 1165 3065 sed
1175 3022 1272 3064 revera

221 3122 282 3162 non
303 3107 397 3181 magis
419 3108 548 3183 sequitur
568 3126 665 3184 quam,
686 3109 728 3165 ‘si
747 3107 889 3166 diaconus
911 3117 955 3165 est
976 3114 1120 3180 comptus,
1140 3115 1211 3163 tunc
1232 3113 1274 3162 est

221 3204 386 3263 luxuriosus
396 3205 413 3276 ;’
436 3224 503 3263 cum
518 3205 656 3281 praedicti
671 3205 806 3264 homines
821 3204 1033 3263 Infundabiliter
1047 3201 1139 3260 multa
1153 3202 1273 3279 fingunt

221 3302 293 3360 Ideo
313 3314 459 3378 oporteret
480 3304 627 3361 attendere
647 3303 685 3361 ad
705 3303 881 3362 fundationis
901 3303 1038 3372 radicem,
1052 3312 1081 3359 et
1098 3301 1217 3358 inventa
1230 3299 1276 3358 illa

221 3400 267 3459 ut⁷
281 3403 446 3460 necessario
462 3401 555 3459 stabili
570 3402 770 3471 fundamento,
783 3401 941 3459 evidentias
952 3401 1074 3475 topicas,
1086 3399 1187 3474 quales
1198 3398 1275 3457 deci-

221 3500 304 3573 piunt
319 3501 405 3558 nlmis
426 3500 542 3569 multos
557 3500 719 3576 relinquere
740 3510 769 3557 et
790 3499 820 3556 In
842 3498 1033 3556 fundamento
1054 3496 1220 3555 necessario
1242 3513 1275 3553 ac

222 3596 340 3671 sequela
360 3597 540 3656 indubitabili
561 3609 723 3673 expectare.
766 3596 826 3656 Sed
847 3614 906 3672 quo
928 3595 965 3655 ad
987 3596 1101 3671 lapsum
1120 3612 1220 3653 meum
1239 3594 1275 3652 de

222 3695 394 3764 necessario,
411 3694 508 3753 recolo
523 3713 570 3753 me
585 3694 707 3754 dixisse⁸
723 3696 752 3752 in
767 3694 840 3753 libro
860 3695 965 3770 primo,
980 3693 1061 3770 quod
1080 3694 1181 3751 omma
1200 3709 1274 3768 quac

222 3792 380 3862 eveniunt⁹‚
393 3795 557 3851 necessario
569 3793 701 3851 absolute
713 3793 873 3851 eveniunt⁹.
908 3792 947 3851 Et
958 3794 1000 3851 sic
1010 3790 1093 3850 Deus
1104 3809 1166 3849 non
1178 3800 1274 3868 potest

256 3942 261 3968 ¹
280 3938 440 4003 scholastIco]
453 3938 596 3994 slmoniaco.
610 3938 638 3986 B.
650 3938 771 3987 secundae
783 3954 876 3988 manus.
1002 3937 1012 3966 ²
1029 3935 1193 3999 inducendas]
1205 3935 1274 3984 indu·

222 4005 321 4061 cendos‚
332 4006 371 4054 ed.
384 4021 419 4069 pr.
563 4004 573 4032 ³
590 4004 627 4068 et]
641 4005 711 4060 sicut,
723 4004 761 4053 ed.
774 4020 810 4067 pr.
941 4003 950 4031 ⁰
966 4017 1012 4052 nec
1022 4001 1114 4067 gratia]
1127 4001 1174 4049 nisi
1185 4001 1273 4064 gratia.

222 4071 260 4118 ed.
273 4086 325 4134 pn:
342 4071 455 4134 gratiam,
465 4069 592 4119 alter).
642 4070 652 4098 ⁶
668 4069 825 4132 injustitiam]
834 4068 962 4132 justitiam,
970 4069 1008 4118 ed
1016 4084 1053 4144 pr.
1110 4066 1121 4096 ⁸
1137 4082 1170 4130 ap
1188 4065 1272 4142 robat]

222 4135 505 4264 recederetur
518 4134 610 4251 ΑΒΕ.
623 4134 774 4264 litt&
788 4151 823 4199 ¹'¹·
901 4131 1156 4200 '¹¹¹‘¹¹¹¹⁵⁵‘³‘¹¹¹⁰‘¹
1220 4131 1271 4186 ¹⁰·
