2864 4836
138 341 469 357 Q—————————-
778 351 917 358 ,...-.-...

136 482 232 528 can„
497 460 837 522 TRIALOGUS.

138 621 271 699 quanto¹
299 622 434 680 verbum¹
462 622 499 682 de
531 624 740 682 resurrectione
769 623 884 694 Christi,
914 624 995 701 quod
1024 643 1062 683 ex
1089 626 1193 685 causa¹

139 720 261 780 notoria
288 720 375 780 debet
402 721 489 780 latere
518 738 622 780 sensus
645 720 806 792 bominum,
830 740 867 780 ex
891 731 951 781 tam
980 722 1090 782 efficaci
1114 725 1193 783 testi·

140 816 247 876 monio
269 827 313 876 est
337 818 515 894 probatum⁴¹
559 816 617 876 Sex
641 818 721 876 enim
743 819 890 895 praedicta
914 819 1081 879 testimonia
1109 838 1193 881 sauc-

139 924 241 975 torum
255 926 316 976 tarn
331 928 407 976 recte
423 919 578 976 viventium
600 916 744 978 sufficiunt
764 919 802 978 ad
824 919 932 979 dictum
953 919 1020 978 fidei
1042 921 1193 981 articulum

139 1015 348 1073 attestandum.
390 1015 428 1073 Et
447 1015 515 1074 hinc
536 1016 687 1091 apostolus
712 1027 922 1076 commemorat
949 1019 1021 1078 istos
1049 1020 1193 1090 articulos,

140 1113 195 1189 qui
210 1130 246 1171 ex
264 1113 321 1172 fide
342 1114 499 1189 scripturae
519 1123 548 1172 et
568 1131 630 1172 non
652 1114 870 1190 experimentali
891 1118 1055 1176 sensatione
1076 1120 1193 1194 probari

142 1211 262 1282 debent,
287 1208 366 1288 quod
396 1213 438 1271 sic
467 1212 624 1288 contingit¹
649 1213 811 1271 secundum
835 1214 999 1289 scripturas,
1024 1226 1056 1273 ut
1080 1215 1125 1274 vel
1152 1218 1194 1276 sic

146 1310 296 1370 discamus
310 1321 459 1387 expertam
470 1329 522 1386 per
533 1311 627 1370 lucem
638 1311 804 1371 sensibilem
815 1313 963 1370 veritatem
975 1314 1057 1389 sequi
1062 1314 1081 1384 ⁶,
1093 1315 1194 1373 creda·

140 1425 211 1468 mus
224 1408 379 1485 perfidem
398 1409 564 1485 scripturae,
579 1409 659 1484 quod
673 1410 777 1467 veritas
796 1410 929 1468 sensibus
948 1412 1055 1469 nostris
1068 1412 1194 1470 abscon·

143 1505 206 1566 dita
226 1515 270 1565 est
290 1517 320 1565 et
340 1517 427 1566 certa.
467 1505 545 1565 Cum
565 1508 725 1565 enimnon
747 1506 887 1566 debemus
908 1509 1031 1584 experiri
1052 1526 1194 1568 resurrec-

146 1605 258 1663 tionem
274 1603 380 1663 Christi
394 1621 450 1662 nec
468 1615 593 1663 mortem
612 1605 675 1681 ejus
694 1622 748 1681 pro
768 1607 895 1681 peccatis
913 1607 1028 1676 nostris,
1044 1608 1193 1682 signanter

141 1702 275 1764 annectit
299 1702 449 1778 apostolus
473 1702 511 1760 ad
535 1702 607 1761 haec
636 1703 695 1761 duo
719 1703 800 1778 quod
827 1703 885 1762 sic⁷
908 1704 1003 1762 evenit
1031 1704 1194 1764 secundum

141 1800 346 1860 testimonium
360 1800 573 1876 scripturarum.

185 1896 274 1957 Unde
283 1899 398 1956 semndo
408 1897 559 1974 apostolus
573 1916 626 1974 per
636 1898 786 1974 multiplex
800 1898 949 1958 deducens
963 1899 1001 1958 ad
1014 1900 1195 1975 impossibile

143 1996 251 2074 probat
268 1995 345 2054 hanc
365 1994 472 2055 Christi
491 1998 746 2055 resurrectionem:
773 1996 830 2067 ‘Si,
845 1997 946 2074 inquit,
960 1997 1093 2057 Christus
1111 2016 1195 2074 prae·

143 2094 258 2154 dicabit
281 2093 362 2170 quod
385 2094 539 2152 resurrexit
559 2113 577 2153 a
597 2095 727 2166 mortuis,
747 2095 900 2172 quomodo
922 2096 1042 2172 quidam
1060 2096 1091 2154 in
1112 2096 1195 2154 vobis

143 2191 253 2264 dieunt,
272 2192 354 2269 quod
372 2193 542 2251 resurrectio
561 2203 743 2253 mortuorum
762 2211 824 2252 non
843 2196 905 2253 est?
934 2193 964 2252 Si
983 2203 1081 2253 autem
1101 2213 1196 2254 resur·

143 2290 236 2350 rectio
250 2300 431 2349 mortuorum
446 2309 507 2349 non
525 2300 579 2362 est,
595 2309 688 2367 neque
704 2290 835 2351 Christus
849 2293 1010 2351 resurrexit.
1053 2292 1084 2351 Si
1098 2304 1196 2352 autem

145 2387 278 2448 Christus
292 2407 354 2447 non
372 2390 533 2460 resurrexit,
549 2390 643 2448 inanis
656 2399 701 2449 est
718 2391 896 2466 praedicatio
916 2402 1024 2460 nostra,
1039 2392 1133 2450 inanis
1153 2399 1197 2449 est

144 2497 174 2547 et
189 2485 262 2545 fides
281 2497 389 2556 nostra,
405 2486 598 2546 inveniemur⁸
612 2497 708 2548 autem
728 2487 793 2547 falsi
811 2498 901 2547 testes
915 2488 979 2558 Dei,
994 2489 1045 2565 qui
1064 2488 1196 2547 testifica·

144 2586 258 2645 tionem
288 2584 414 2644 diximus
438 2584 576 2644 adversus
599 2584 697 2644 Deum
722 2585 802 2662 quod
826 2585 1016 2645 suscitaverit⁰
1040 2585 1196 2656 Christum,

144 2702 236 2761 quem
250 2701 311 2741 non
326 2683 504 2753 suscitavit,
520 2673 543 2742 'si
556 2684 662 2742 mortui
676 2701 738 2742 non
753 2695 916 2763 resurgunt.
957 2684 1037 2747 Nam
1051 2684 1075 2744 si
1089 2684 1196 2742 mortui

144 2799 209 2841 non
230 2791 392 2858 resurgrmt,
407 2799 503 2857 neque
518 2779 649 2841 Christus
662 2784 832 2854 resurrexit;
854 2783 935 2858 quod
950 2783 974 2841 si
989 2781 1121 2842 Christus
1135 2798 1197 2841 uon

143 2879 310 2951 resurrexit,
334 2896 410 2938 vana
434 2888 478 2938 est
502 2878 576 2938 fides
601 2890 709 2952 nostra,
733 2898 805 2957 ergo
830 2891 860 2939 et
884 2881 935 2956 qui
960 2881 1139 2940 dormiemnt
1168 2881 1197 2938 in

145 2977 266 3038 Christo
274 2979 429 3054 perierunt.
465 2976 513 3049 Si,’
526 2978 626 3054 inquit,
637 2978 684 3036 ‘in
695 2978 751 3037 hac
762 2980 819 3037 vita
829 2989 940 3037 tannim
954 2979 985 3037 in
999 2977 1116 3038 Christo
1131 2996 1199 3054 spe·

144 3088 245 3136 rantes
259 3093 367 3147 sumus,
387 3076 608 3136 miserabiliores
622 3093 722 3135 sumus
737 3077 874 3135 omnibus
892 3074 1068 3136 hominibus.
1111 3075 1199 3135 Nunc

144 3185 243 3235 eutem
255 3173 390 3234 Christus
403 3175 558 3234 resurrexit
572 3192 590 3232 a
603 3175 725 3232 mortuis
739 3174 881 3250 primitiae
897 3173 1111 3244 dormientium,
1124 3191 1199 3249 quo·

144 3273 227 3332 niam
250 3273 369 3348 quidem
390 3291 443 3349 per
461 3271 611 3330 hominem
632 3289 713 3329 mors
733 3280 762 3329 et
783 3288 835 3346 per
856 3270 1007 3329 hominem
1028 3271 1199 3329 resurrectio

146 3381 338 3430 mortuorum.
373 3369 411 3429 Et
423 3371 496 3429 sicut
507 3370 537 3427 in
547 3369 645 3428 Adam
655 3387 761 3428 omnes
770 3369 940 3438 moriuntur,
951 3369 990 3426 ita
1000 3377 1028 3427 et
1039 3369 1069 3426 in
1081 3366 1199 3426 Christo

145 3485 252 3527 omnes
271 3467 509 3527 vivificabuntur!
552 3467 590 3525 Et
609 3467 716 3526 existo
734 3477 815 3525 textu
835 3465 960 3542 apostoli
978 3475 1056 3543 patet
1070 3464 1200 3542 philoso-

146 3567 214 3644 phis
219 3565 240 3600 ¹¹
252 3566 365 3625 nutritis
375 3567 406 3623 in
417 3565 582 3624 rudimento
594 3563 661 3622 fidei
671 3574 700 3623 et
713 3564 876 3623 rectificatis
890 3565 921 3621 in
932 3563 1036 3641 logica,
1048 3564 1200 3641 quomodo

146 3665 235 3743 plane
251 3665 422 3724 resurrectio
437 3662 646 3722 mortuorum¹'
659 3680 712 3739 per
725 3663 891 3740 apostolum
906 3673 950 3721 est
965 3662 1099 3723 deducta.

181 3835 191 3864 ¹
211 3833 316 3898 quanto]
325 3840 418 3899 quanto
426 3833 512 3896 magis,
521 3832 553 3881 D.
563 3831 601 3882 ed.
609 3847 646 3896 pr.
789 3833 799 3862 ¹
814 3833 929 3898 verbum]
941 3834 1025 3889 verbo,
1037 3835 1069 3883 A.
1081 3833 1203 3882 secundae

151 3915 248 3956 manus,
260 3900 289 3950 C.
403 3899 412 3928 ³
429 3898 515 3962 causa]
528 3914 579 3952 sua,
591 3898 620 3948 Β.
631 3897 726 3962 primae
735 3913 831 3954 manus,
842 3899 880 3948 ed.
893 3914 929 3962 pr.
1035 3897 1044 3927 ⁴
1059 3899 1203 3963 probatum]

152 3965 318 4030 probandum,
330 3965 360 4014 C.
372 3964 468 4029 primae
478 3978 573 4018 manus,
585 3962 614 4012 B.
696 3963 706 3992 ¹
721 3963 854 4038 contingit]
867 3963 978 4026 contigit,
991 3964 1023 4012 rh
1088 3962 1098 3991 ⁸
1115 3963 1203 4011 verita·

151 4037 207 4080 tem
219 4029 299 4094 sequi]
308 4030 411 4079 veritate
422 4035 535 4144 sergmte
545 4027 664 4091 sequetrti,
672 4027 711 4076 ed.
719 4043 757 4103 pr.
807 4029 879 4093 ἐκ]
892 4029 921 4084 si,
932 4029 970 4077 ed.
981 4044 1019 4092 pr.
1070 4028 1203 4076 ¹invenie·

154 4093 222 4158 mur]
234 4095 378 4150 invenimur,
391 4095 446 4145 AB
558 4092 749 4206 'suscitavenffl
761 4093 908 4149 excitaverit,
920 4093 958 4141 ed.
970 4109 1007 4157 pr.
1069 4092 1088 4122 ¹⁰
1104 4093 1205 4141 suscita·

154 4160 202 4237 vit]
214 4160 337 4236 excitavit,
349 4160 387 4208 ed.
399 4175 436 4224 pr.
498 4159 516 4190 ¹¹
532 4157 727 4272 philosophisati
745 4158 831 4234 elibus
841 4152 948 4234 A.B.C.·;
965 4158 1081 4208 omnibus
1092 4157 1205 4207 fidelibus

154 4224 317 4291 philosophis,
327 4225 365 4275 ed.
373 4241 410 4289 pr.
477 4223 496 4254 ¹¹
511 4221 678 4286 mortuorum]
705 4238 823 4280 ommum,
832 4223 894 4271 Α.Β.
904 4238 998 4288 primae
1006 4239 1101 4278 manus.
1109 4223 1147 4273 ed.
1156 4238 1193 4287 pr.

638 4324 721 4366 002
