2864 4836
136 447 231 492 cant,
504 428 846 491 TRIALOGUS.

139 586 250 646 modus
270 589 413 664 pessimus
426 588 494 649 Deo
514 607 585 662 suo;
610 592 671 650 imo
685 590 768 650 Deus
782 591 819 650 de
833 591 911 651 facto
925 609 986 650 non
1004 590 1079 651 foret
1097 591 1195 669 justus

139 683 188 742 vel
206 683 304 757 Deus;
325 697 355 746 et
369 705 437 746 cum
450 687 513 747 talis
532 688 629 746 volitio
649 689 684 747 sit
702 689 897 765 injustissima,
911 700 990 766 patet
1009 690 1091 766 quod
1111 690 1192 749 radix

139 782 255 859 peccati
279 783 402 842 invidiae
426 784 619 861 multipliciter
643 796 687 845 est
711 805 854 863 perversa.
900 786 971 846 Non
994 790 1073 847 enim
1100 788 1194 858 video,

140 881 294 955 quomodo
319 883 383 959 quis
405 893 502 958 potest
525 902 647 960 peccare
669 885 824 954 actualiter,
849 886 904 944 nisi
929 885 1066 962 implicite
1092 898 1196 962 peccet

140 977 257 1036 invidia
299 979 337 1037 Et
351 988 430 1055 patet
444 980 525 1057 quod
539 999 613 1058 vaga
626 982 764 1057 cogitatio
778 992 807 1041 et
821 983 1008 1058 impossibilis
1023 994 1067 1042 est
1082 984 1196 1059 pericu·

139 1074 206 1134 losa
230 1076 382 1148 viantibus,
405 1095 473 1136 cum
502 1079 571 1136 sub¹
596 1079 644 1136 tali
673 1081 849 1156 cogitatione
877 1079 950 1138 falsa
976 1091 1076 1156 posset
1103 1080 1195 1140 homo

139 1171 262 1231 faciliter
276 1173 363 1250 figere
383 1177 552 1252 appetitum,
568 1185 596 1234 et
610 1178 651 1234 sic
670 1177 812 1253 seipsum
831 1177 1020 1254 indisponere
1039 1178 1077 1237 ad
1097 1179 1194 1238 dicen-

140 1270 212 1330 dam
226 1270 303 1329 illam
317 1281 430 1349 partem
443 1274 583 1332 orationis
597 1273 788 1333 Dominicae:
819 1275 886 1333 ‘fiat
900 1275 1032 1335 voluntas
1052 1286 1102 1335 tua
1120 1277 1195 1335 sicut

138 1369 172 1426 in
186 1369 271 1427 coelo
285 1380 314 1429 et
328 1371 359 1427 in
374 1370 480 1430 terra².'
523 1371 561 1430 Et
575 1371 612 1430 de
626 1371 731 1430 talibus
745 1372 826 1431 vanis
845 1374 1143 1449 interpretationibus³
1156 1392 1193 1433 ex

139 1466 349 1542 imaginatione
363 1468 492 1527 indebita
505 1469 738 1546 procedentibus,
750 1471 882 1547 quamvis
897 1471 962 1529 finis
977 1483 1094 1548 propter
1104 1489 1193 1548 quem

138 1565 211 1624 talia
234 1575 343 1641 appeto
367 1566 403 1623 sit
427 1566 587 1637 laudabilis,
613 1569 702 1626 timeo
727 1567 798 1625 mihi
823 1569 970 1627 multum⁴.
1023 1568 1091 1628 Scio
1114 1571 1194 1628 enim

140 1662 223 1739 quod
237 1662 331 1721 debeo
346 1662 522 1722 intellectum
533 1673 562 1723 et
576 1666 783 1741 cogitationem
798 1684 895 1724 meam
907 1667 945 1724 ad
956 1666 1053 1724 Deum
1068 1677 1096 1726 et
1110 1685 1193 1726 suam

138 1777 240 1818 veram
264 1759 404 1819 fabricam
428 1763 590 1832 terminare,
616 1772 645 1821 et
668 1780 730 1821 non
755 1764 785 1820 in
810 1762 913 1821 talibus
938 1765 1193 1838 imaginationibus

139 1858 369 1934 impossibilibus
383 1861 505 1935 evagari,
520 1871 549 1918 et
563 1877 622 1935 quo
637 1860 675 1919 ad
688 1860 788 1919 omnia
802 1859 897 1919 futura
911 1878 985 1936 quae
1002 1860 1144 1931 desidem,
1156 1861 1194 1920 ad

139 1956 309 2015 volitionem
330 1967 359 2015 et
383 1957 597 2016 ordinationem
620 1959 746 2016 divinam
767 1958 830 2034 ipsa
854 1957 997 2016 humiliter
1022 1960 1192 2032 terminare3

139 2063 169 2113 et
197 2054 239 2112 sic
268 2071 320 2129 per
344 2072 472 2113 errorem
500 2056 531 2112 in
559 2056 705 2131 cognitiva
732 2057 870 2131 potentia,
896 2056 1031 2115 seductor
1059 2057 1194 2116 diabolus

140 2168 254 2209 errores
273 2153 384 2226 peccati
403 2153 433 2209 in
453 2155 582 2227 potentia
601 2153 715 2212 volitiva
734 2153 917 2213 callidissime
936 2155 1114 2215 introducitl.
1156 2155 1195 2213 Et

139 2249 209 2308 ideo
230 2250 427 2309 necessarium
448 2259 492 2309 est
512 2252 550 2308 ab
570 2249 738 2328 hujusmodi
759 2251 985 2328 impossibilibus
1006 2254 1122 2329 penitus
1143 2254 1194 2312 ab·

139 2342 270 2406 stinere⁶.

569 2671 664 2731 CAP.
687 2671 773 2731 XIII.

608 2829 732 2889 Carrion

182 2976 304 3036 Alr‘thiu.
347 2975 488 3049 Quamvis
503 2977 557 3036 ista
570 2978 627 3037 sint
640 2979 762 3037 breviter
777 2978 853 3037 dicta
873 2989 902 3037 et
921 2977 1033 3055 quoad
1053 2980 1193 3038 sermoci-

140 3076 292 3134 nationes⁷
302 3075 388 3133 nimis
402 3075 549 3145 subtiliter,
560 3085 758 3135 verumtamen
770 3077 885 3153 placent
898 3077 978 3147 mihi,
991 3095 1059 3134 cum
1070 3076 1191 3137 faciliter

141 3171 279 3250 possum⁸
293 3172 439 3249 applicare
457 3173 593 3248 exempla
611 3175 752 3232 naturalia
770 3186 798 3232 et
818 3176 972 3250 scripturas
991 3175 1030 3232 ad
1049 3175 1193 3233 detestan-

142 3271 215 3330 dum
239 3270 296 3329 hoc
317 3271 425 3328 vitium.
469 3269 528 3329 Sed
552 3289 626 3346 rogo
650 3271 730 3330 dicas
756 3271 874 3347 parum⁰
895 3271 932 3329 de
957 3272 1083 3341 caritate,
1104 3289 1193 3346 quam

141 3369 216 3427 dicis
230 3367 295 3425 huic
310 3368 460 3443 peccato¹⁰
473 3370 584 3445 opponi
604 3369 753 3427 contrarie.
796 3368 919 3426 Videtur
939 3378 1037 3426 tamen
1055 3368 1125 3425 mihi
1139 3369 1194 3425 mi·

141 3465 239 3536 nubile,
260 3483 328 3523 cum
354 3465 456 3524 caritas
481 3474 509 3523 et
529 3467 621 3541 gratia
642 3476 853 3535 convertuntur,
875 3464 1073 3541 quodcunque
1095 3476 1193 3523 autem

141 3573 296 3640 peccatum
311 3563 418 3621 directe
433 3563 623 3621 contrariatur
637 3564 745 3639 gratiae
760 3572 788 3621 et
802 3581 855 3638 per
869 3580 1054 3638 consequens
1074 3563 1193 3633 caritati,

141 3660 295 3737 quomodo
319 3678 390 3736 ergo
412 3660 518 3718 invidia
542 3660 661 3719 haberet
686 3660 846 3737 specialiter
871 3661 1018 3718 caritatem
1042 3661 1096 3718 sibi
1122 3678 1193 3719 con-

140 3758 277 3818 trariam?
390 3755 396 3761 ’

176 3878 350 3955 ¹sub]·super,
363 3878 396 3927 D
409 3878 447 3928 ed.
459 3894 506 3954 pn!
543 3944 548 3955 Ι
596 3878 606 3907 ⁹
616 3877 1085 3991 ἓωῒ-ὶοῐῖα]οιω.Α.β.Ε.εά.ρτ.Β
1105 3877 1138 3992 ed⁸
1155 3878 1190 3926 in-

140 3944 605 4071 tuntsnuinrrtub
643 3979 662 4038 a
679 3943 1193 4071 ariattrlartannn

141 4075 220 4123 codex
227 4074 302 4123 habet
311 4073 344 4121 D.
418 4073 428 4102 ⁷
444 4073 673 4137 sermocinationes]
681 4074 896 4127 sermociouantes,
904 4073 942 4121 ed.
950 4088 986 4135 pr.
1053 4073 1063 4100 ⁸
1079 4073 1191 4137 possum]

140 4154 281 4268 potsspmitm
293 4138 338 4252 Βύς
356 4139 456 4204 possim,
469 4139 502 4189 D.
596 4141 606 4169 ⁹
622 4139 721 4203 pamm]
735 4154 820 4204 parum
832 4137 945 4202 amplius,
958 4137 1024 4187 nt).
1103 4137 1121 4168 ¹⁰
1136 4153 1192 4202 pec·

141 4219 200 4253 cao
223 4219 293 4261 nio,
333 4240 338 4251 .
