<?xml version="1.0" encoding="UTF-8"?>
<!DOCTYPE html PUBLIC "-//W3C//DTD XHTML 1.0 Transitional//EN"
    "http://www.w3.org/TR/xhtml1/DTD/xhtml1-transitional.dtd">
<html xmlns="http://www.w3.org/1999/xhtml" xml:lang="en" lang="en">
 <head>
  <title>
</title>
<meta http-equiv="Content-Type" content="text/html;charset=utf-8" />
  <meta name='ocr-system' content='tesseract 3.04.00' />
  <meta name='ocr-capabilities' content='ocr_page ocr_carea ocr_par ocr_line ocrx_word'/>
</head>
<body>
  <div class='ocr_page' id='page_1' title='image "./trialoguscumsup00lechgoog_0382.png"; bbox 0 0 2864 4836; ppageno 0'>
   <div class='ocr_carea' id='block_1_1' title="bbox 900 321 1315 332">
    <p class='ocr_par' dir='ltr' id='par_1_1' title="bbox 900 321 1315 332">
     <span class='ocr_line' id='line_1_1' title="bbox 900 321 1315 332; baseline 0.002 -5"><span class='ocrx_word' id='word_1_1' title='bbox 900 321 1315 332; x_wconf 76' lang='lat'><strong>—-—-——-—-—-—--·—-.</strong></span> 
     </span>
    </p>
   </div>
   <div class='ocr_carea' id='block_1_2' title="bbox 50 432 1255 517">
    <p class='ocr_par' dir='ltr' id='par_1_2' title="bbox 10 386 1255 525">
     <span class='ocr_line' id='line_1_2' title="bbox 50 432 1255 517; baseline 0.028 -35.876"><span class='ocrx_word' id='word_1_2' title='bbox 50 455 148 502; x_wconf 61' lang='lat' dir='ltr'><strong>m„</strong></span> <span class='ocrx_word' id='word_1_3' title='bbox 415 433 755 494; x_wconf 70' lang='lat' dir='ltr'><strong>rnrxroous</strong></span> <span class='ocrx_word' id='word_1_4' title='bbox 1191 432 1255 517; x_wconf 86' lang='lat'><strong>3⁶9</strong></span> 
     </span>
    </p>
   </div>
   <div class='ocr_carea' id='block_1_3' title="bbox 10 593 1113 3526">
    <p class='ocr_par' dir='ltr' id='par_1_3' title="bbox 10 593 1113 3526">
     <span class='ocr_line' id='line_1_3' title="bbox 10 593 1108 674; baseline -0.001 -19"><span class='ocrx_word' id='word_1_5' title='bbox 10 612 14 644; x_wconf 65' lang='grc' dir='ltr'><strong>τ</strong></span> <span class='ocrx_word' id='word_1_6' title='bbox 51 593 326 673; x_wconf 79' lang='lat' dir='ltr'><strong>depraedarentur¹.</strong></span> <span class='ocrx_word' id='word_1_7' title='bbox 369 595 410 656; x_wconf 92' lang='lat' dir='ltr'><strong>Ut</strong></span> <span class='ocrx_word' id='word_1_8' title='bbox 430 606 493 656; x_wconf 88' lang='lat' dir='ltr'><strong>esto</strong></span> <span class='ocrx_word' id='word_1_9' title='bbox 514 596 594 673; x_wconf 93' lang='lat' dir='ltr'><strong>quod</strong></span> <span class='ocrx_word' id='word_1_10' title='bbox 615 599 646 655; x_wconf 92' lang='lat' dir='ltr'><strong>in</strong></span> <span class='ocrx_word' id='word_1_11' title='bbox 667 597 774 674; x_wconf 80' lang='lat' dir='ltr'><strong>Anglia</strong></span> <span class='ocrx_word' id='word_1_12' title='bbox 793 598 849 655; x_wconf 90' lang='lat' dir='ltr'><strong>sint</strong></span> <span class='ocrx_word' id='word_1_13' title='bbox 870 607 1006 674; x_wconf 87' lang='lat' dir='ltr'><strong>quattuor</strong></span> <span class='ocrx_word' id='word_1_14' title='bbox 1019 594 1108 654; x_wconf 88' lang='lat' dir='ltr'><strong>millia</strong></span> 
     </span>
     <span class='ocr_line' id='line_1_4' title="bbox 10 684 1112 771; baseline -0.003 -16"><span class='ocrx_word' id='word_1_15' title='bbox 10 684 13 689; x_wconf 45' lang='lat'>¹</span> <span class='ocrx_word' id='word_1_16' title='bbox 54 690 179 755; x_wconf 73' lang='lat' dir='ltr'><strong>mmm</strong></span> <span class='ocrx_word' id='word_1_17' title='bbox 194 694 293 754; x_wconf 90' lang='lat' dir='ltr'><strong>talium</strong></span> <span class='ocrx_word' id='word_1_18' title='bbox 310 690 355 754; x_wconf 78' lang='lat' dir='ltr'><strong>et¹</strong></span> <span class='ocrx_word' id='word_1_19' title='bbox 376 695 495 771; x_wconf 84' lang='lat' dir='ltr'>quilibet</span> <span class='ocrx_word' id='word_1_20' title='bbox 514 705 668 754; x_wconf 86' lang='lat' dir='ltr'><strong>consumat</strong></span> <span class='ocrx_word' id='word_1_21' title='bbox 689 696 838 755; x_wconf 85' lang='lat' dir='ltr'><strong>annuatim</strong></span> <span class='ocrx_word' id='word_1_22' title='bbox 859 695 890 753; x_wconf 91' lang='lat' dir='ltr'><strong>in</strong></span> <span class='ocrx_word' id='word_1_23' title='bbox 910 711 1037 771; x_wconf 87' lang='lat' dir='ltr'><strong>persona</strong></span> <span class='ocrx_word' id='word_1_24' title='bbox 1059 711 1112 752; x_wconf 86' lang='lat' dir='ltr'><strong>sua</strong></span> 
     </span>
     <span class='ocr_line' id='line_1_5' title="bbox 55 790 1113 869; baseline -0.003 -16"><span class='ocrx_word' id='word_1_25' title='bbox 55 790 98 853; x_wconf 80' lang='lat' dir='ltr'><strong>de</strong></span> <span class='ocrx_word' id='word_1_26' title='bbox 111 793 198 852; x_wconf 88' lang='lat' dir='ltr'><strong>bonis</strong></span> <span class='ocrx_word' id='word_1_27' title='bbox 211 795 293 869; x_wconf 84' lang='lat' dir='ltr'><strong>regni</strong></span> <span class='ocrx_word' id='word_1_28' title='bbox 307 804 426 853; x_wconf 89' lang='lat' dir='ltr'><strong>centum</strong></span> <span class='ocrx_word' id='word_1_29' title='bbox 447 793 556 852; x_wconf 90' lang='lat' dir='ltr'><strong>solidos</strong></span> <span class='ocrx_word' id='word_1_30' title='bbox 577 803 607 852; x_wconf 94' lang='lat' dir='ltr'><strong>et</strong></span> <span class='ocrx_word' id='word_1_31' title='bbox 620 793 741 852; x_wconf 91' lang='lat' dir='ltr'><strong>totidem</strong></span> <span class='ocrx_word' id='word_1_32' title='bbox 759 794 789 851; x_wconf 92' lang='lat' dir='ltr'><strong>in</strong></span> <span class='ocrx_word' id='word_1_33' title='bbox 811 792 1060 852; x_wconf 86' lang='lat' dir='ltr'><strong>aedificationibus</strong></span> <span class='ocrx_word' id='word_1_34' title='bbox 1080 793 1113 850; x_wconf 90' lang='lat' dir='ltr'><strong>in</strong></span> 
     </span>
     <span class='ocr_line' id='line_1_6' title="bbox 54 891 1111 968; baseline -0.003 -17"><span class='ocrx_word' id='word_1_35' title='bbox 54 891 290 968; x_wconf 78' lang='lat' dir='ltr'><strong>reparationibus</strong></span> <span class='ocrx_word' id='word_1_36' title='bbox 300 902 329 951; x_wconf 91' lang='lat' dir='ltr'><strong>et</strong></span> <span class='ocrx_word' id='word_1_37' title='bbox 343 891 559 952; x_wconf 82' lang='lat' dir='ltr'><strong>ornationibus⁸</strong></span> <span class='ocrx_word' id='word_1_38' title='bbox 574 893 716 952; x_wconf 90' lang='lat' dir='ltr'>domuum</span> <span class='ocrx_word' id='word_1_39' title='bbox 730 902 759 951; x_wconf 92' lang='lat' dir='ltr'><strong>et</strong></span> <span class='ocrx_word' id='word_1_40' title='bbox 770 892 977 962; x_wconf 66' lang='lat' dir='ltr'><strong>claustrorum</strong></span> <span class='ocrx_word' id='word_1_41' title='bbox 999 901 1027 949; x_wconf 91' lang='lat' dir='ltr'><strong>et</strong></span> <span class='ocrx_word' id='word_1_42' title='bbox 1041 901 1111 949; x_wconf 91' lang='lat' dir='ltr'><strong>tunc</strong></span> 
     </span>
     <span class='ocr_line' id='line_1_7' title="bbox 54 989 1112 1068; baseline -0.003 -19"><span class='ocrx_word' id='word_1_43' title='bbox 54 999 139 1068; x_wconf 82' lang='lat' dir='ltr'><strong>patet</strong></span> <span class='ocrx_word' id='word_1_44' title='bbox 152 989 234 1067; x_wconf 92' lang='lat' dir='ltr'><strong>quod</strong></span> <span class='ocrx_word' id='word_1_45' title='bbox 254 990 311 1048; x_wconf 90' lang='lat' dir='ltr'><strong>ista</strong></span> <span class='ocrx_word' id='word_1_46' title='bbox 331 1001 410 1049; x_wconf 84' lang='lat' dir='ltr'><strong>secta</strong></span> <span class='ocrx_word' id='word_1_47' title='bbox 430 990 569 1066; x_wconf 80' lang='lat' dir='ltr'><strong>expendit</strong></span> <span class='ocrx_word' id='word_1_48' title='bbox 583 990 620 1049; x_wconf 89' lang='lat' dir='ltr'><strong>de</strong></span> <span class='ocrx_word' id='word_1_49' title='bbox 641 992 727 1050; x_wconf 88' lang='lat' dir='ltr'><strong>bonis</strong></span> <span class='ocrx_word' id='word_1_50' title='bbox 747 992 829 1066; x_wconf 84' lang='lat' dir='ltr'><strong>regni</strong></span> <span class='ocrx_word' id='word_1_51' title='bbox 852 991 1003 1066; x_wconf 84' lang='lat' dir='ltr'><strong>sexaginta</strong></span> <span class='ocrx_word' id='word_1_52' title='bbox 1023 989 1112 1047; x_wconf 88' lang='lat' dir='ltr'><strong>millia</strong></span> 
     </span>
     <span class='ocr_line' id='line_1_8' title="bbox 56 1085 1111 1166; baseline -0.003 -18"><span class='ocrx_word' id='word_1_53' title='bbox 56 1105 225 1148; x_wconf 88' lang='lat' dir='ltr'><strong>marcarum</strong></span> <span class='ocrx_word' id='word_1_54' title='bbox 246 1088 396 1147; x_wconf 87' lang='lat' dir='ltr'><strong>annuatim</strong></span> <span class='ocrx_word' id='word_1_55' title='bbox 416 1106 478 1146; x_wconf 92' lang='lat' dir='ltr'><strong>non</strong></span> <span class='ocrx_word' id='word_1_56' title='bbox 500 1089 622 1147; x_wconf 91' lang='lat' dir='ltr'><strong>dubium</strong></span> <span class='ocrx_word' id='word_1_57' title='bbox 643 1085 730 1166; x_wconf 78' lang='lat' dir='ltr'><strong>quin⁴</strong></span> <span class='ocrx_word' id='word_1_58' title='bbox 751 1089 860 1148; x_wconf 86' lang='lat' dir='ltr'><strong>solicite</strong></span> <span class='ocrx_word' id='word_1_59' title='bbox 881 1098 993 1148; x_wconf 91' lang='lat' dir='ltr'><strong>etcum</strong></span> <span class='ocrx_word' id='word_1_60' title='bbox 1013 1087 1111 1146; x_wconf 90' lang='lat' dir='ltr'><strong>multis</strong></span> 
     </span>
     <span class='ocr_line' id='line_1_9' title="bbox 56 1185 1112 1264; baseline -0.002 -18"><span class='ocrx_word' id='word_1_61' title='bbox 56 1186 219 1246; x_wconf 86' lang='lat' dir='ltr'><strong>mendaciis</strong></span> <span class='ocrx_word' id='word_1_62' title='bbox 238 1186 431 1263; x_wconf 77' lang='lat' dir='ltr'><strong>perpetratis⁶.</strong></span> <span class='ocrx_word' id='word_1_63' title='bbox 474 1185 534 1245; x_wconf 90' lang='lat' dir='ltr'><strong>Sed</strong></span> <span class='ocrx_word' id='word_1_64' title='bbox 552 1188 618 1264; x_wconf 92' lang='lat' dir='ltr'><strong>quis</strong></span> <span class='ocrx_word' id='word_1_65' title='bbox 638 1187 775 1247; x_wconf 89' lang='lat' dir='ltr'><strong>dominus</strong></span> <span class='ocrx_word' id='word_1_66' title='bbox 794 1188 824 1244; x_wconf 92' lang='lat' dir='ltr'><strong>in</strong></span> <span class='ocrx_word' id='word_1_67' title='bbox 841 1187 950 1264; x_wconf 81' lang='lat' dir='ltr'><strong>Anglia</strong></span> <span class='ocrx_word' id='word_1_68' title='bbox 968 1186 1112 1246; x_wconf 86' lang='lat' dir='ltr'><strong>sufficeret</strong></span> 
     </span>
     <span class='ocr_line' id='line_1_10' title="bbox 55 1284 1112 1362; baseline -0.003 -17"><span class='ocrx_word' id='word_1_69' title='bbox 55 1294 172 1345; x_wconf 81' lang='lat' dir='ltr'><strong>tantum</strong></span> <span class='ocrx_word' id='word_1_70' title='bbox 196 1285 362 1360; x_wconf 86' lang='lat' dir='ltr'><strong>expendere</strong></span> <span class='ocrx_word' id='word_1_71' title='bbox 383 1295 415 1343; x_wconf 92' lang='lat' dir='ltr'><strong>ut</strong></span> <span class='ocrx_word' id='word_1_72' title='bbox 440 1284 541 1345; x_wconf 81' lang='lat' dir='ltr'><strong>fratres</strong></span> <span class='ocrx_word' id='word_1_73' title='bbox 563 1296 708 1362; x_wconf 86' lang='lat' dir='ltr'><strong>reptantes</strong></span> <span class='ocrx_word' id='word_1_74' title='bbox 732 1287 762 1344; x_wconf 93' lang='lat' dir='ltr'><strong>in</strong></span> <span class='ocrx_word' id='word_1_75' title='bbox 785 1287 892 1345; x_wconf 90' lang='lat' dir='ltr'><strong>domos</strong></span> <span class='ocrx_word' id='word_1_76' title='bbox 913 1285 957 1343; x_wconf 92' lang='lat' dir='ltr'><strong>vel</strong></span> <span class='ocrx_word' id='word_1_77' title='bbox 979 1301 1112 1344; x_wconf 88' lang='lat' dir='ltr'><strong>cameras</strong></span> 
     </span>
     <span class='ocr_line' id='line_1_11' title="bbox 55 1382 1110 1445; baseline 0 -3"><span class='ocrx_word' id='word_1_78' title='bbox 55 1382 260 1444; x_wconf 71' lang='grc' dir='ltr'><strong>(ἰοιιιίιιοιιιιιιο</strong></span> <span class='ocrx_word' id='word_1_79' title='bbox 281 1395 310 1443; x_wconf 88' lang='lat' dir='ltr'><strong>et</strong></span> <span class='ocrx_word' id='word_1_80' title='bbox 330 1384 453 1443; x_wconf 92' lang='lat' dir='ltr'><strong>lautiora</strong></span> <span class='ocrx_word' id='word_1_81' title='bbox 471 1385 578 1443; x_wconf 88' lang='lat' dir='ltr'><strong>cibaria</strong></span> <span class='ocrx_word' id='word_1_82' title='bbox 597 1395 804 1444; x_wconf 87' lang='lat' dir='ltr'><strong>consumentes</strong></span> <span class='ocrx_word' id='word_1_83' title='bbox 825 1385 911 1444; x_wconf 92' lang='lat' dir='ltr'><strong>nimis</strong></span> <span class='ocrx_word' id='word_1_84' title='bbox 932 1395 1110 1445; x_wconf 91' lang='lat' dir='ltr'><strong>consumunt</strong></span> 
     </span>
     <span class='ocr_line' id='line_1_12' title="bbox 55 1481 1110 1559; baseline -0.002 -17"><span class='ocrx_word' id='word_1_85' title='bbox 55 1481 206 1542; x_wconf 90' lang='lat' dir='ltr'><strong>debonis</strong></span> <span class='ocrx_word' id='word_1_86' title='bbox 231 1483 321 1559; x_wconf 85' lang='lat' dir='ltr'><strong>regni,</strong></span> <span class='ocrx_word' id='word_1_87' title='bbox 346 1485 396 1559; x_wconf 91' lang='lat' dir='ltr'><strong>qui</strong></span> <span class='ocrx_word' id='word_1_88' title='bbox 422 1500 474 1542; x_wconf 91' lang='lat' dir='ltr'><strong>sua</strong></span> <span class='ocrx_word' id='word_1_89' title='bbox 498 1483 644 1542; x_wconf 87' lang='lat' dir='ltr'><strong>vescibilia</strong></span> <span class='ocrx_word' id='word_1_90' title='bbox 669 1485 709 1543; x_wconf 90' lang='lat' dir='ltr'><strong>sic</strong></span> <span class='ocrx_word' id='word_1_91' title='bbox 732 1482 880 1542; x_wconf 82' lang='lat' dir='ltr'><strong>furantur?</strong></span> <span class='ocrx_word' id='word_1_92' title='bbox 925 1482 1003 1541; x_wconf 91' lang='lat' dir='ltr'><strong>Cum</strong></span> <span class='ocrx_word' id='word_1_93' title='bbox 1031 1484 1110 1541; x_wconf 88' lang='lat' dir='ltr'><strong>enim</strong></span> 
     </span>
     <span class='ocr_line' id='line_1_13' title="bbox 56 1580 1110 1657; baseline -0.001 -19"><span class='ocrx_word' id='word_1_94' title='bbox 56 1596 207 1656; x_wconf 85' lang='lat' dir='ltr'><strong>expensae</strong></span> <span class='ocrx_word' id='word_1_95' title='bbox 220 1598 289 1640; x_wconf 89' lang='lat' dir='ltr'><strong>suae</strong></span> <span class='ocrx_word' id='word_1_96' title='bbox 304 1598 366 1638; x_wconf 90' lang='lat' dir='ltr'><strong>non</strong></span> <span class='ocrx_word' id='word_1_97' title='bbox 385 1580 567 1639; x_wconf 89' lang='lat' dir='ltr'><strong>descendunt</strong></span> <span class='ocrx_word' id='word_1_98' title='bbox 586 1581 628 1639; x_wconf 91' lang='lat' dir='ltr'><strong>eis</strong></span> <span class='ocrx_word' id='word_1_99' title='bbox 648 1580 781 1657; x_wconf 91' lang='lat' dir='ltr'><strong>desuper,</strong></span> <span class='ocrx_word' id='word_1_100' title='bbox 797 1598 853 1639; x_wconf 87' lang='lat' dir='ltr'><strong>nec</strong></span> <span class='ocrx_word' id='word_1_101' title='bbox 874 1581 983 1656; x_wconf 90' lang='lat' dir='ltr'><strong>experti</strong></span> <span class='ocrx_word' id='word_1_102' title='bbox 998 1591 1065 1638; x_wconf 91' lang='lat' dir='ltr'><strong>sunt</strong></span> <span class='ocrx_word' id='word_1_103' title='bbox 1080 1580 1110 1637; x_wconf 96' lang='lat' dir='ltr'><strong>in</strong></span> 
     </span>
     <span class='ocr_line' id='line_1_14' title="bbox 56 1677 1110 1755; baseline -0.002 -18"><span class='ocrx_word' id='word_1_104' title='bbox 56 1686 121 1737; x_wconf 87' lang='lat' dir='ltr'><strong>arte</strong></span> <span class='ocrx_word' id='word_1_105' title='bbox 135 1677 310 1748; x_wconf 55' lang='lat' dir='ltr'><strong>alchimicat</strong></span> <span class='ocrx_word' id='word_1_106' title='bbox 325 1679 394 1754; x_wconf 85' lang='lat' dir='ltr'><strong>quia</strong></span> <span class='ocrx_word' id='word_1_107' title='bbox 408 1679 453 1738; x_wconf 82' lang='lat' dir='ltr'><strong>sic·</strong></span> <span class='ocrx_word' id='word_1_108' title='bbox 467 1677 563 1737; x_wconf 83' lang='lat' dir='ltr'><strong>forent</strong></span> <span class='ocrx_word' id='word_1_109' title='bbox 582 1678 763 1737; x_wconf 85' lang='lat' dir='ltr'><strong>damnabiles</strong></span> <span class='ocrx_word' id='word_1_110' title='bbox 782 1688 861 1737; x_wconf 90' lang='lat' dir='ltr'><strong>tante</strong></span> <span class='ocrx_word' id='word_1_111' title='bbox 881 1677 1023 1755; x_wconf 91' lang='lat' dir='ltr'><strong>populum</strong></span> <span class='ocrx_word' id='word_1_112' title='bbox 1037 1695 1110 1754; x_wconf 88' lang='lat' dir='ltr'><strong>pau-</strong></span> 
     </span>
     <span class='ocr_line' id='line_1_15' title="bbox 57 1776 1107 1854; baseline 0 -20"><span class='ocrx_word' id='word_1_113' title='bbox 57 1792 160 1853; x_wconf 88' lang='lat' dir='ltr'><strong>perem</strong></span> <span class='ocrx_word' id='word_1_114' title='bbox 180 1777 340 1847; x_wconf 86' lang='lat' dir='ltr'><strong>onerando,</strong></span> <span class='ocrx_word' id='word_1_115' title='bbox 363 1776 549 1836; x_wconf 85' lang='lat' dir='ltr'><strong>manifestum</strong></span> <span class='ocrx_word' id='word_1_116' title='bbox 570 1787 614 1835; x_wconf 88' lang='lat' dir='ltr'><strong>est</strong></span> <span class='ocrx_word' id='word_1_117' title='bbox 635 1776 722 1853; x_wconf 87' lang='lat' dir='ltr'><strong>quod·</strong></span> <span class='ocrx_word' id='word_1_118' title='bbox 740 1776 881 1854; x_wconf 89' lang='lat' dir='ltr'><strong>quidquid</strong></span> <span class='ocrx_word' id='word_1_119' title='bbox 901 1777 1107 1853; x_wconf 86' lang='lat' dir='ltr'><strong>temporalium</strong></span> 
     </span>
     <span class='ocr_line' id='line_1_16' title="bbox 56 1873 1108 1951; baseline 0.001 -19"><span class='ocrx_word' id='word_1_120' title='bbox 56 1873 205 1932; x_wconf 88' lang='lat' dir='ltr'><strong>bonorum</strong></span> <span class='ocrx_word' id='word_1_121' title='bbox 219 1874 249 1932; x_wconf 91' lang='lat' dir='ltr'><strong>in</strong></span> <span class='ocrx_word' id='word_1_122' title='bbox 264 1892 356 1950; x_wconf 82' lang='lat' dir='ltr'><strong>regno</strong></span> <span class='ocrx_word' id='word_1_123' title='bbox 369 1887 472 1934; x_wconf 91' lang='lat' dir='ltr'><strong>nostro</strong></span> <span class='ocrx_word' id='word_1_124' title='bbox 492 1885 745 1951; x_wconf 89' lang='lat' dir='ltr'><strong>consumpserunt,</strong></span> <span class='ocrx_word' id='word_1_125' title='bbox 760 1885 804 1933; x_wconf 88' lang='lat' dir='ltr'><strong>est</strong></span> <span class='ocrx_word' id='word_1_126' title='bbox 823 1875 860 1933; x_wconf 93' lang='lat' dir='ltr'><strong>de</strong></span> <span class='ocrx_word' id='word_1_127' title='bbox 879 1893 980 1950; x_wconf 82' lang='lat' dir='ltr'><strong>regno.</strong></span> <span class='ocrx_word' id='word_1_128' title='bbox 1023 1873 1108 1946; x_wconf 91' lang='lat' dir='ltr'><strong>Quo-</strong></span> 
     </span>
     <span class='ocr_line' id='line_1_17' title="bbox 56 1971 1109 2050; baseline 0.001 -20"><span class='ocrx_word' id='word_1_129' title='bbox 56 1971 151 2031; x_wconf 90' lang='lat' dir='ltr'><strong>modo</strong></span> <span class='ocrx_word' id='word_1_130' title='bbox 164 1990 236 2048; x_wconf 87' lang='lat' dir='ltr'><strong>ergo</strong></span> <span class='ocrx_word' id='word_1_131' title='bbox 250 1990 313 2031; x_wconf 91' lang='lat' dir='ltr'><strong>non</strong></span> <span class='ocrx_word' id='word_1_132' title='bbox 327 1972 421 2032; x_wconf 81' lang='lat' dir='ltr'><strong>forent</strong></span> <span class='ocrx_word' id='word_1_133' title='bbox 435 1983 496 2031; x_wconf 90' lang='lat' dir='ltr'><strong>tam</strong></span> <span class='ocrx_word' id='word_1_134' title='bbox 516 1991 658 2050; x_wconf 88' lang='lat' dir='ltr'><strong>pauperes</strong></span> <span class='ocrx_word' id='word_1_135' title='bbox 677 1982 809 2032; x_wconf 90' lang='lat' dir='ltr'><strong>tenentes</strong></span> <span class='ocrx_word' id='word_1_136' title='bbox 824 1972 1011 2032; x_wconf 90' lang='lat' dir='ltr'><strong>dominorum</strong></span> <span class='ocrx_word' id='word_1_137' title='bbox 1025 1991 1109 2032; x_wconf 90' lang='lat' dir='ltr'><strong>secu·</strong></span> 
     </span>
     <span class='ocr_line' id='line_1_18' title="bbox 56 2069 1109 2149; baseline 0.002 -21"><span class='ocrx_word' id='word_1_138' title='bbox 56 2069 162 2129; x_wconf 85' lang='lat' dir='ltr'><strong>larium</strong></span> <span class='ocrx_word' id='word_1_139' title='bbox 180 2070 386 2131; x_wconf 90' lang='lat' dir='ltr'><strong>insufficientes</strong></span> <span class='ocrx_word' id='word_1_140' title='bbox 403 2071 442 2129; x_wconf 92' lang='lat' dir='ltr'><strong>ad</strong></span> <span class='ocrx_word' id='word_1_141' title='bbox 461 2082 560 2148; x_wconf 90' lang='lat' dir='ltr'><strong>parate</strong></span> <span class='ocrx_word' id='word_1_142' title='bbox 580 2071 711 2130; x_wconf 88' lang='lat' dir='ltr'><strong>dandum</strong></span> <span class='ocrx_word' id='word_1_143' title='bbox 730 2072 772 2131; x_wconf 91' lang='lat' dir='ltr'><strong>eis</strong></span> <span class='ocrx_word' id='word_1_144' title='bbox 790 2072 914 2130; x_wconf 91' lang='lat' dir='ltr'><strong>reditum</strong></span> <span class='ocrx_word' id='word_1_145' title='bbox 934 2073 1007 2130; x_wconf 89' lang='lat' dir='ltr'><strong>sicut</strong></span> <span class='ocrx_word' id='word_1_146' title='bbox 1021 2072 1109 2149; x_wconf 89' lang='lat' dir='ltr'><strong>prius,</strong></span> 
     </span>
     <span class='ocr_line' id='line_1_19' title="bbox 56 2168 1109 2246; baseline 0 -18"><span class='ocrx_word' id='word_1_147' title='bbox 56 2185 128 2228; x_wconf 88' lang='lat' dir='ltr'><strong>cum</strong></span> <span class='ocrx_word' id='word_1_148' title='bbox 151 2169 263 2227; x_wconf 89' lang='lat' dir='ltr'><strong>circiter</strong></span> <span class='ocrx_word' id='word_1_149' title='bbox 287 2179 399 2228; x_wconf 89' lang='lat' dir='ltr'><strong>tantum</strong></span> <span class='ocrx_word' id='word_1_150' title='bbox 424 2168 526 2227; x_wconf 84' lang='lat' dir='ltr'><strong>fratres</strong></span> <span class='ocrx_word' id='word_1_151' title='bbox 550 2169 587 2227; x_wconf 91' lang='lat' dir='ltr'><strong>de</strong></span> <span class='ocrx_word' id='word_1_152' title='bbox 611 2169 666 2228; x_wconf 92' lang='lat' dir='ltr'><strong>illis</strong></span> <span class='ocrx_word' id='word_1_153' title='bbox 690 2170 836 2246; x_wconf 87' lang='lat' dir='ltr'><strong>accipiunt</strong></span> <span class='ocrx_word' id='word_1_154' title='bbox 860 2170 1030 2229; x_wconf 87' lang='lat' dir='ltr'><strong>annuatim?</strong></span> <span class='ocrx_word' id='word_1_155' title='bbox 1071 2169 1109 2228; x_wconf 88' lang='lat' dir='ltr'><strong>Et</strong></span> 
     </span>
     <span class='ocr_line' id='line_1_20' title="bbox 57 2268 1112 2345; baseline 0.001 -19"><span class='ocrx_word' id='word_1_156' title='bbox 57 2284 159 2326; x_wconf 81' lang='lat' dir='ltr'><strong>revera</strong></span> <span class='ocrx_word' id='word_1_157' title='bbox 177 2277 254 2327; x_wconf 86' lang='lat' dir='ltr'><strong>totus</strong></span> <span class='ocrx_word' id='word_1_158' title='bbox 280 2268 406 2345; x_wconf 88' lang='lat' dir='ltr'><strong>populus</strong></span> <span class='ocrx_word' id='word_1_159' title='bbox 420 2278 652 2338; x_wconf 89' lang='lat' dir='ltr'><strong>remurmuraret‚</strong></span> <span class='ocrx_word' id='word_1_160' title='bbox 667 2269 779 2328; x_wconf 90' lang='lat' dir='ltr'><strong>etiamsi</strong></span> <span class='ocrx_word' id='word_1_161' title='bbox 793 2269 831 2328; x_wconf 94' lang='lat' dir='ltr'><strong>ad</strong></span> <span class='ocrx_word' id='word_1_162' title='bbox 850 2286 989 2345; x_wconf 85' lang='lat' dir='ltr'><strong>magnam</strong></span> <span class='ocrx_word' id='word_1_163' title='bbox 1002 2268 1112 2329; x_wconf 87' lang='lat' dir='ltr'><strong>releva·</strong></span> 
     </span>
     <span class='ocr_line' id='line_1_21' title="bbox 58 2364 1110 2443; baseline 0 -18"><span class='ocrx_word' id='word_1_164' title='bbox 58 2365 173 2425; x_wconf 89' lang='lat' dir='ltr'><strong>tionem</strong></span> <span class='ocrx_word' id='word_1_165' title='bbox 200 2366 244 2424; x_wconf 92' lang='lat' dir='ltr'><strong>vel</strong></span> <span class='ocrx_word' id='word_1_166' title='bbox 269 2364 488 2425; x_wconf 78' lang='lat' dir='ltr'><strong>defensionem⁸</strong></span> <span class='ocrx_word' id='word_1_167' title='bbox 511 2367 593 2442; x_wconf 82' lang='lat' dir='ltr'><strong>regni</strong></span> <span class='ocrx_word' id='word_1_168' title='bbox 617 2366 705 2424; x_wconf 84' lang='lat' dir='ltr'><strong>etiam</strong></span> <span class='ocrx_word' id='word_1_169' title='bbox 729 2385 765 2424; x_wconf 84' lang='lat' dir='ltr'><strong>ex</strong></span> <span class='ocrx_word' id='word_1_170' title='bbox 790 2367 948 2443; x_wconf 80' lang='lat' dir='ltr'><strong>potestate⁰</strong></span> <span class='ocrx_word' id='word_1_171' title='bbox 971 2368 1050 2443; x_wconf 82' lang='lat' dir='ltr'><strong>regia</strong></span> <span class='ocrx_word' id='word_1_172' title='bbox 1073 2367 1110 2425; x_wconf 89' lang='lat' dir='ltr'><strong>ad</strong></span> 
     </span>
     <span class='ocr_line' id='line_1_22' title="bbox 56 2462 1111 2542; baseline 0.002 -20"><span class='ocrx_word' id='word_1_173' title='bbox 56 2472 170 2522; x_wconf 83' lang='lat' dir='ltr'><strong>tantam</strong></span> <span class='ocrx_word' id='word_1_174' title='bbox 191 2464 345 2540; x_wconf 84' lang='lat' dir='ltr'><strong>pecuniam</strong></span> <span class='ocrx_word' id='word_1_175' title='bbox 366 2464 402 2523; x_wconf 91' lang='lat' dir='ltr'><strong>sit</strong></span> <span class='ocrx_word' id='word_1_176' title='bbox 422 2473 545 2522; x_wconf 86' lang='lat' dir='ltr'><strong>taxatus.</strong></span> <span class='ocrx_word' id='word_1_177' title='bbox 587 2462 625 2522; x_wconf 90' lang='lat' dir='ltr'><strong>Et</strong></span> <span class='ocrx_word' id='word_1_178' title='bbox 646 2464 774 2522; x_wconf 87' lang='lat' dir='ltr'><strong>mirabile</strong></span> <span class='ocrx_word' id='word_1_179' title='bbox 788 2463 898 2523; x_wconf 90' lang='lat' dir='ltr'><strong>videtur</strong></span> <span class='ocrx_word' id='word_1_180' title='bbox 912 2464 1009 2523; x_wconf 89' lang='lat' dir='ltr'><strong>multis</strong></span> <span class='ocrx_word' id='word_1_181' title='bbox 1030 2464 1111 2542; x_wconf 91' lang='lat' dir='ltr'><strong>quod</strong></span> 
     </span>
     <span class='ocr_line' id='line_1_23' title="bbox 57 2561 1111 2639; baseline 0.003 -19"><span class='ocrx_word' id='word_1_182' title='bbox 57 2571 103 2621; x_wconf 88' lang='lat' dir='ltr'><strong>tot</strong></span> <span class='ocrx_word' id='word_1_183' title='bbox 117 2561 275 2620; x_wconf 87' lang='lat' dir='ltr'><strong>antichristi</strong></span> <span class='ocrx_word' id='word_1_184' title='bbox 289 2561 422 2638; x_wconf 88' lang='lat' dir='ltr'><strong>discipuli</strong></span> <span class='ocrx_word' id='word_1_185' title='bbox 438 2573 498 2620; x_wconf 89' lang='lat' dir='ltr'><strong>tam</strong></span> <span class='ocrx_word' id='word_1_186' title='bbox 513 2561 636 2621; x_wconf 90' lang='lat' dir='ltr'><strong>subdole</strong></span> <span class='ocrx_word' id='word_1_187' title='bbox 649 2563 680 2619; x_wconf 92' lang='lat' dir='ltr'><strong>in</strong></span> <span class='ocrx_word' id='word_1_188' title='bbox 694 2579 786 2639; x_wconf 87' lang='lat' dir='ltr'><strong>regno</strong></span> <span class='ocrx_word' id='word_1_189' title='bbox 800 2562 925 2638; x_wconf 80' lang='lat' dir='ltr'><strong>Angliae</strong></span> <span class='ocrx_word' id='word_1_190' title='bbox 940 2564 1111 2623; x_wconf 89' lang='lat' dir='ltr'><strong>subtrahunt</strong></span> 
     </span>
     <span class='ocr_line' id='line_1_24' title="bbox 56 2663 1110 2740; baseline -0.002 -18"><span class='ocrx_word' id='word_1_191' title='bbox 56 2673 120 2722; x_wconf 88' lang='lat' dir='ltr'><strong>tam</strong></span> <span class='ocrx_word' id='word_1_192' title='bbox 141 2663 280 2723; x_wconf 87' lang='lat' dir='ltr'><strong>subtiliter</strong></span> <span class='ocrx_word' id='word_1_193' title='bbox 301 2664 337 2722; x_wconf 92' lang='lat' dir='ltr'><strong>de</strong></span> <span class='ocrx_word' id='word_1_194' title='bbox 359 2664 445 2723; x_wconf 90' lang='lat' dir='ltr'><strong>bonis</strong></span> <span class='ocrx_word' id='word_1_195' title='bbox 466 2665 549 2740; x_wconf 81' lang='lat' dir='ltr'><strong>regni</strong></span> <span class='ocrx_word' id='word_1_196' title='bbox 569 2673 598 2721; x_wconf 92' lang='lat' dir='ltr'><strong>et</strong></span> <span class='ocrx_word' id='word_1_197' title='bbox 619 2681 687 2721; x_wconf 90' lang='lat' dir='ltr'><strong>cum</strong></span> <span class='ocrx_word' id='word_1_198' title='bbox 708 2663 853 2739; x_wconf 88' lang='lat' dir='ltr'><strong>placentia</strong></span> <span class='ocrx_word' id='word_1_199' title='bbox 873 2664 975 2740; x_wconf 92' lang='lat' dir='ltr'><strong>populi</strong></span> <span class='ocrx_word' id='word_1_200' title='bbox 998 2672 1110 2722; x_wconf 89' lang='lat' dir='ltr'><strong>tantum</strong></span> 
     </span>
     <span class='ocr_line' id='line_1_25' title="bbox 55 2761 1111 2840; baseline -0.001 -19"><span class='ocrx_word' id='word_1_201' title='bbox 55 2761 179 2832; x_wconf 88' lang='lat' dir='ltr'><strong>lucrum,</strong></span> <span class='ocrx_word' id='word_1_202' title='bbox 201 2772 230 2821; x_wconf 91' lang='lat' dir='ltr'><strong>et</strong></span> <span class='ocrx_word' id='word_1_203' title='bbox 250 2762 378 2821; x_wconf 87' lang='lat' dir='ltr'><strong>tamen¹⁰</strong></span> <span class='ocrx_word' id='word_1_204' title='bbox 397 2781 448 2821; x_wconf 86' lang='lat' dir='ltr'><strong>rex</strong></span> <span class='ocrx_word' id='word_1_205' title='bbox 469 2780 524 2839; x_wconf 90' lang='lat' dir='ltr'><strong>pro</strong></span> <span class='ocrx_word' id='word_1_206' title='bbox 545 2761 716 2822; x_wconf 79' lang='lat' dir='ltr'><strong>defensione</strong></span> <span class='ocrx_word' id='word_1_207' title='bbox 737 2765 819 2840; x_wconf 83' lang='lat' dir='ltr'><strong>regni</strong></span> <span class='ocrx_word' id='word_1_208' title='bbox 834 2764 880 2821; x_wconf 88' lang='lat' dir='ltr'><strong>vix</strong></span> <span class='ocrx_word' id='word_1_209' title='bbox 894 2772 1006 2822; x_wconf 86' lang='lat' dir='ltr'><strong>tantam</strong></span> <span class='ocrx_word' id='word_1_210' title='bbox 1020 2780 1111 2839; x_wconf 88' lang='lat' dir='ltr'><strong>pecu·</strong></span> 
     </span>
     <span class='ocr_line' id='line_1_26' title="bbox 57 2859 1110 2938; baseline 0 -20"><span class='ocrx_word' id='word_1_211' title='bbox 57 2859 139 2918; x_wconf 90' lang='lat' dir='ltr'><strong>niam</strong></span> <span class='ocrx_word' id='word_1_212' title='bbox 154 2860 184 2917; x_wconf 89' lang='lat' dir='ltr'><strong>in</strong></span> <span class='ocrx_word' id='word_1_213' title='bbox 197 2869 279 2919; x_wconf 89' lang='lat' dir='ltr'><strong>tanto</strong></span> <span class='ocrx_word' id='word_1_214' title='bbox 293 2870 425 2937; x_wconf 91' lang='lat' dir='ltr'><strong>tempore</strong></span> <span class='ocrx_word' id='word_1_215' title='bbox 440 2861 592 2921; x_wconf 90' lang='lat' dir='ltr'><strong>obtineret.</strong></span> <span class='ocrx_word' id='word_1_216' title='bbox 629 2860 803 2921; x_wconf 90' lang='lat' dir='ltr'><strong>Consideret</strong></span> <span class='ocrx_word' id='word_1_217' title='bbox 817 2879 888 2938; x_wconf 84' lang='lat' dir='ltr'><strong>ergo</strong></span> <span class='ocrx_word' id='word_1_218' title='bbox 902 2860 993 2938; x_wconf 88' lang='lat' dir='ltr'><strong>pius¹¹</strong></span> <span class='ocrx_word' id='word_1_219' title='bbox 1009 2859 1110 2937; x_wconf 90' lang='lat' dir='ltr'><strong>populi</strong></span> 
     </span>
     <span class='ocr_line' id='line_1_27' title="bbox 56 2956 1110 3035; baseline 0.002 -19"><span class='ocrx_word' id='word_1_220' title='bbox 56 2956 201 3016; x_wconf 87' lang='lat' dir='ltr'><strong>relevator</strong></span> <span class='ocrx_word' id='word_1_221' title='bbox 206 2956 236 3028; x_wconf 75' lang='lat'><strong>¹¹,</strong></span> <span class='ocrx_word' id='word_1_222' title='bbox 248 2958 400 3034; x_wconf 93' lang='lat' dir='ltr'><strong>quomodo</strong></span> <span class='ocrx_word' id='word_1_223' title='bbox 411 2958 515 3034; x_wconf 82' lang='lat' dir='ltr'><strong>vulgus</strong></span> <span class='ocrx_word' id='word_1_224' title='bbox 525 2959 575 3034; x_wconf 92' lang='lat' dir='ltr'><strong>qui</strong></span> <span class='ocrx_word' id='word_1_225' title='bbox 588 2958 669 3018; x_wconf 90' lang='lat' dir='ltr'><strong>daret</strong></span> <span class='ocrx_word' id='word_1_226' title='bbox 680 2977 711 3018; x_wconf 90' lang='lat' dir='ltr'><strong>se</strong></span> <span class='ocrx_word' id='word_1_227' title='bbox 722 2959 840 3018; x_wconf 83' lang='lat' dir='ltr'><strong>labori¹³</strong></span> <span class='ocrx_word' id='word_1_228' title='bbox 850 2969 894 3018; x_wconf 90' lang='lat' dir='ltr'><strong>est</strong></span> <span class='ocrx_word' id='word_1_229' title='bbox 905 2958 1110 3035; x_wconf 90' lang='lat' dir='ltr'><strong>complexione</strong></span> 
     </span>
     <span class='ocr_line' id='line_1_28' title="bbox 58 3054 1111 3133; baseline 0 -19"><span class='ocrx_word' id='word_1_230' title='bbox 58 3054 192 3125; x_wconf 90' lang='lat' dir='ltr'><strong>debilior,</strong></span> <span class='ocrx_word' id='word_1_231' title='bbox 207 3057 328 3114; x_wconf 86' lang='lat' dir='ltr'><strong>sanitate</strong></span> <span class='ocrx_word' id='word_1_232' title='bbox 343 3055 484 3114; x_wconf 87' lang='lat' dir='ltr'><strong>infirmior</strong></span> <span class='ocrx_word' id='word_1_233' title='bbox 498 3066 527 3115; x_wconf 91' lang='lat' dir='ltr'><strong>et</strong></span> <span class='ocrx_word' id='word_1_234' title='bbox 540 3057 597 3115; x_wconf 85' lang='lat' dir='ltr'><strong>vita</strong></span> <span class='ocrx_word' id='word_1_235' title='bbox 611 3057 726 3115; x_wconf 87' lang='lat' dir='ltr'><strong>brevior</strong></span> <span class='ocrx_word' id='word_1_236' title='bbox 739 3074 828 3133; x_wconf 90' lang='lat' dir='ltr'><strong>quam</strong></span> <span class='ocrx_word' id='word_1_237' title='bbox 842 3056 970 3128; x_wconf 86' lang='lat' dir='ltr'><strong>solebat;</strong></span> <span class='ocrx_word' id='word_1_238' title='bbox 995 3056 1111 3115; x_wconf 90' lang='lat' dir='ltr'><strong>coelum</strong></span> 
     </span>
     <span class='ocr_line' id='line_1_29' title="bbox 55 3152 1110 3230; baseline -0.001 -18"><span class='ocrx_word' id='word_1_239' title='bbox 55 3153 165 3212; x_wconf 84' lang='lat' dir='ltr'><strong>tristius</strong></span> <span class='ocrx_word' id='word_1_240' title='bbox 186 3153 302 3229; x_wconf 89' lang='lat' dir='ltr'><strong>respicit</strong></span> <span class='ocrx_word' id='word_1_241' title='bbox 322 3152 395 3212; x_wconf 84' lang='lat' dir='ltr'><strong>haec</strong></span> <span class='ocrx_word' id='word_1_242' title='bbox 416 3163 529 3212; x_wconf 86' lang='lat' dir='ltr'><strong>terrena</strong></span> <span class='ocrx_word' id='word_1_243' title='bbox 542 3154 572 3212; x_wconf 92' lang='lat' dir='ltr'><strong>in</strong></span> <span class='ocrx_word' id='word_1_244' title='bbox 593 3153 788 3230; x_wconf 81' lang='lat' dir='ltr'><strong>perturbando</strong></span> <span class='ocrx_word' id='word_1_245' title='bbox 810 3154 977 3230; x_wconf 86' lang='lat' dir='ltr'><strong>tempora¹⁴,</strong></span> <span class='ocrx_word' id='word_1_246' title='bbox 992 3154 1022 3211; x_wconf 93' lang='lat' dir='ltr'><strong>in</strong></span> <span class='ocrx_word' id='word_1_247' title='bbox 1037 3153 1110 3212; x_wconf 82' lang='lat' dir='ltr'><strong>irus·</strong></span> 
     </span>
     <span class='ocr_line' id='line_1_30' title="bbox 57 3250 1110 3327; baseline 0 -18"><span class='ocrx_word' id='word_1_248' title='bbox 57 3250 165 3310; x_wconf 88' lang='lat' dir='ltr'><strong>trando</strong></span> <span class='ocrx_word' id='word_1_249' title='bbox 178 3259 271 3309; x_wconf 88' lang='lat' dir='ltr'><strong>terrae</strong></span> <span class='ocrx_word' id='word_1_250' title='bbox 286 3250 435 3309; x_wconf 88' lang='lat' dir='ltr'><strong>nascentia</strong></span> <span class='ocrx_word' id='word_1_251' title='bbox 455 3260 483 3309; x_wconf 91' lang='lat' dir='ltr'><strong>et</strong></span> <span class='ocrx_word' id='word_1_252' title='bbox 502 3251 701 3327; x_wconf 88' lang='lat' dir='ltr'><strong>omniquaque</strong></span> <span class='ocrx_word' id='word_1_253' title='bbox 720 3251 751 3309; x_wconf 91' lang='lat' dir='ltr'><strong>in</strong></span> <span class='ocrx_word' id='word_1_254' title='bbox 770 3250 913 3310; x_wconf 88' lang='lat' dir='ltr'><strong>tardando</strong></span> <span class='ocrx_word' id='word_1_255' title='bbox 932 3250 1004 3309; x_wconf 89' lang='lat' dir='ltr'><strong>haec</strong></span> <span class='ocrx_word' id='word_1_256' title='bbox 1023 3268 1110 3326; x_wconf 80' lang='lat' dir='ltr'><strong>vege·</strong></span> 
     </span>
     <span class='ocr_line' id='line_1_31' title="bbox 57 3347 1111 3426; baseline -0.002 -18"><span class='ocrx_word' id='word_1_257' title='bbox 57 3347 172 3422; x_wconf 86' lang='lat' dir='ltr'><strong>tabilia;</strong></span> <span class='ocrx_word' id='word_1_258' title='bbox 203 3358 233 3408; x_wconf 88' lang='lat' dir='ltr'><strong>et</strong></span> <span class='ocrx_word' id='word_1_259' title='bbox 256 3366 344 3426; x_wconf 89' lang='lat' dir='ltr'><strong>super</strong></span> <span class='ocrx_word' id='word_1_260' title='bbox 367 3349 441 3408; x_wconf 88' lang='lat' dir='ltr'><strong>haec</strong></span> <span class='ocrx_word' id='word_1_261' title='bbox 464 3349 564 3408; x_wconf 88' lang='lat' dir='ltr'><strong>omnia</strong></span> <span class='ocrx_word' id='word_1_262' title='bbox 588 3349 714 3426; x_wconf 87' lang='lat' dir='ltr'><strong>populus</strong></span> <span class='ocrx_word' id='word_1_263' title='bbox 738 3349 922 3407; x_wconf 90' lang='lat' dir='ltr'><strong>servientium</strong></span> <span class='ocrx_word' id='word_1_264' title='bbox 947 3359 991 3408; x_wconf 90' lang='lat' dir='ltr'><strong>est</strong></span> <span class='ocrx_word' id='word_1_265' title='bbox 1016 3349 1111 3407; x_wconf 88' lang='lat' dir='ltr'><strong>carior</strong></span> 
     </span>
     <span class='ocr_line' id='line_1_32' title="bbox 58 3446 1111 3526; baseline -0.002 -18"><span class='ocrx_word' id='word_1_266' title='bbox 58 3449 257 3526; x_wconf 87' lang='lat' dir='ltr'><strong>sumptuosior</strong></span> <span class='ocrx_word' id='word_1_267' title='bbox 277 3458 307 3507; x_wconf 95' lang='lat' dir='ltr'><strong>et</strong></span> <span class='ocrx_word' id='word_1_268' title='bbox 327 3446 427 3507; x_wconf 79' lang='lat' dir='ltr'><strong>falsior</strong></span> <span class='ocrx_word' id='word_1_269' title='bbox 447 3466 537 3524; x_wconf 91' lang='lat' dir='ltr'><strong>quam</strong></span> <span class='ocrx_word' id='word_1_270' title='bbox 558 3448 676 3506; x_wconf 86' lang='lat' dir='ltr'><strong>solebat.</strong></span> <span class='ocrx_word' id='word_1_271' title='bbox 720 3446 882 3519; x_wconf 91' lang='lat' dir='ltr'><strong>Quomodo</strong></span> <span class='ocrx_word' id='word_1_272' title='bbox 902 3464 973 3524; x_wconf 77' lang='lat' dir='ltr'><strong>ergo</strong></span> <span class='ocrx_word' id='word_1_273' title='bbox 995 3464 1055 3505; x_wconf 92' lang='lat' dir='ltr'><strong>non</strong></span> <span class='ocrx_word' id='word_1_274' title='bbox 1072 3446 1111 3506; x_wconf 94' lang='lat' dir='ltr'><strong>ad</strong></span> 
     </span>
    </p>
   </div>
   <div class='ocr_carea' id='block_1_4' title="bbox 58 3678 1111 4082">
    <p class='ocr_par' dir='ltr' id='par_1_4' title="bbox 58 3678 1111 4072">
     <span class='ocr_line' id='line_1_33' title="bbox 92 3678 1111 3793; baseline -0.001 -63"><span class='ocrx_word' id='word_1_275' title='bbox 92 3679 338 3746; x_wconf 85' lang='lat' dir='ltr'><strong>¹depraedareutur]</strong></span> <span class='ocrx_word' id='word_1_276' title='bbox 350 3680 535 3745; x_wconf 87' lang='lat' dir='ltr'><strong>depraedarent</strong></span> <span class='ocrx_word' id='word_1_277' title='bbox 547 3679 590 3735; x_wconf 91' lang='lat' dir='ltr'>B</span> <span class='ocrx_word' id='word_1_278' title='bbox 608 3678 810 3743; x_wconf 71' lang='lat' dir='ltr'><strong>praedarented.</strong></span> <span class='ocrx_word' id='word_1_279' title='bbox 823 3695 859 3744; x_wconf 91' lang='lat' dir='ltr'><strong>pr.</strong></span> <span class='ocrx_word' id='word_1_280' title='bbox 962 3678 1111 3793; x_wconf 51' lang='lat' dir='ltr'><strong>’ethuod</strong></span> 
     </span>
     <span class='ocr_line' id='line_1_34' title="bbox 58 3744 1110 3811; baseline -0.005 -13"><span class='ocrx_word' id='word_1_281' title='bbox 58 3745 99 3798; x_wconf 86' lang='lat' dir='ltr'><strong>ed.</strong></span> <span class='ocrx_word' id='word_1_282' title='bbox 110 3761 148 3811; x_wconf 85' lang='lat' dir='ltr'><strong>pr</strong></span> <span class='ocrx_word' id='word_1_283' title='bbox 264 3745 274 3775; x_wconf 84' lang='lat'>⁸</span> <span class='ocrx_word' id='word_1_284' title='bbox 290 3745 473 3809; x_wconf 84' lang='lat' dir='ltr'><strong>omatronrbus]</strong></span> <span class='ocrx_word' id='word_1_285' title='bbox 485 3744 694 3799; x_wconf 82' lang='lat' dir='ltr'><strong>adornationibus‚</strong></span> <span class='ocrx_word' id='word_1_286' title='bbox 706 3744 744 3793; x_wconf 90' lang='lat' dir='ltr'><strong>ed.</strong></span> <span class='ocrx_word' id='word_1_287' title='bbox 757 3760 794 3809; x_wconf 93' lang='lat' dir='ltr'><strong>pr.</strong></span> <span class='ocrx_word' id='word_1_288' title='bbox 920 3744 928 3772; x_wconf 87' lang='lat'><strong>⁴</strong></span> <span class='ocrx_word' id='word_1_289' title='bbox 946 3759 997 3794; x_wconf 91' lang='lat' dir='ltr'><strong>non</strong></span> <span class='ocrx_word' id='word_1_290' title='bbox 1025 3745 1110 3794; x_wconf 83' lang='lat' dir='ltr'><strong>obium</strong></span> 
     </span>
     <span class='ocr_line' id='line_1_35' title="bbox 59 3809 1108 3876; baseline -0.002 -16"><span class='ocrx_word' id='word_1_291' title='bbox 59 3809 132 3876; x_wconf 88' lang='lat' dir='ltr'><strong>quin]</strong></span> <span class='ocrx_word' id='word_1_292' title='bbox 145 3826 197 3859; x_wconf 88' lang='lat' dir='ltr'><strong>non</strong></span> <span class='ocrx_word' id='word_1_293' title='bbox 208 3811 312 3860; x_wconf 83' lang='lat' dir='ltr'><strong>dubium</strong></span> <span class='ocrx_word' id='word_1_294' title='bbox 323 3826 382 3875; x_wconf 87' lang='lat' dir='ltr'><strong>qum</strong></span> <span class='ocrx_word' id='word_1_295' title='bbox 393 3811 492 3866; x_wconf 88' lang='lat' dir='ltr'><strong>nedum</strong></span> <span class='ocrx_word' id='word_1_296' title='bbox 504 3810 543 3860; x_wconf 85' lang='lat' dir='ltr'><strong>ed.</strong></span> <span class='ocrx_word' id='word_1_297' title='bbox 555 3826 606 3875; x_wconf 78' lang='lat' dir='ltr'><strong>pr:</strong></span> <span class='ocrx_word' id='word_1_298' title='bbox 624 3809 742 3865; x_wconf 85' lang='lat' dir='ltr'><strong>nondum,</strong></span> <span class='ocrx_word' id='word_1_299' title='bbox 756 3810 851 3860; x_wconf 81' lang='grc' dir='ltr'>Α..Βο</span> <span class='ocrx_word' id='word_1_300' title='bbox 997 3810 1108 3875; x_wconf 76' lang='lat' dir='ltr'><strong>⁸perpe·</strong></span> 
     </span>
     <span class='ocr_line' id='line_1_36' title="bbox 58 3875 1111 4005; baseline -0.002 -15"><span class='ocrx_word' id='word_1_301' title='bbox 58 3875 407 4005; x_wconf 55' lang='lat' dir='ltr'><strong>mllflt&#39;ftfflt&#39;t‘?</strong></span> <span class='ocrx_word' id='word_1_302' title='bbox 401 3876 497 3932; x_wconf 45' lang='grc' dir='ltr'><strong>’ΜΒ</strong></span> <span class='ocrx_word' id='word_1_303' title='bbox 515 3891 560 3939; x_wconf 75' lang='lat'><strong>¹&#39;&#39;⁰</strong></span> <span class='ocrx_word' id='word_1_304' title='bbox 520 3883 649 3990; x_wconf 62' lang='lat' dir='ltr'><strong>litii:</strong></span> <span class='ocrx_word' id='word_1_305' title='bbox 673 3875 928 3996; x_wconf 58' lang='lat' dir='ltr'><strong>lltt‘tldflst‘.</strong></span> <span class='ocrx_word' id='word_1_306' title='bbox 1005 3875 1111 3988; x_wconf 60' lang='lat' dir='ltr'><strong>‘dflss</strong></span> 
     </span>
     <span class='ocr_line' id='line_1_37' title="bbox 59 3956 1097 4082; baseline -0.003 -26"><span class='ocrx_word' id='word_1_307' title='bbox 59 3957 399 4072; x_wconf 46' lang='lat' dir='ltr'><strong>affinemmisseetionem,</strong></span> <span class='ocrx_word' id='word_1_308' title='bbox 412 4005 473 4054; x_wconf 86' lang='grc' dir='ltr'><strong>ΑΒ.</strong></span> <span class='ocrx_word' id='word_1_309' title='bbox 539 4005 699 4082; x_wconf 82' lang='lat' dir='ltr'><strong>’potestate]</strong></span> <span class='ocrx_word' id='word_1_310' title='bbox 713 4005 832 4069; x_wconf 85' lang='lat' dir='ltr'><strong>potentia,</strong></span> <span class='ocrx_word' id='word_1_311' title='bbox 823 3956 930 4068; x_wconf 56' lang='lat' dir='ltr'><strong>etigr</strong></span> <span class='ocrx_word' id='word_1_312' title='bbox 988 4005 1097 4053; x_wconf 73' lang='lat' dir='ltr'><strong>⁰tumen</strong></span> 
     </span>
    </p>
   </div>
   <div class='ocr_carea' id='block_1_5' title="bbox 59 4004 1111 4201">
    <p class='ocr_par' dir='ltr' id='par_1_5' title="bbox 59 4004 1109 4201">
     <span class='ocr_line' id='line_1_38' title="bbox 59 4004 1109 4138; baseline -0.007 -15"><span class='ocrx_word' id='word_1_313' title='bbox 59 4087 126 4128; x_wconf 81' lang='lat' dir='ltr'><strong>eum,</strong></span> <span class='ocrx_word' id='word_1_314' title='bbox 137 4072 176 4121; x_wconf 87' lang='lat' dir='ltr'><strong>ed.</strong></span> <span class='ocrx_word' id='word_1_315' title='bbox 188 4088 225 4137; x_wconf 91' lang='lat' dir='ltr'><strong>pr.</strong></span> <span class='ocrx_word' id='word_1_316' title='bbox 278 4071 380 4136; x_wconf 84' lang='lat' dir='ltr'><strong>upius]</strong></span> <span class='ocrx_word' id='word_1_317' title='bbox 393 4072 469 4138; x_wconf 87' lang='lat' dir='ltr'><strong>prius,</strong></span> <span class='ocrx_word' id='word_1_318' title='bbox 481 4071 544 4120; x_wconf 82' lang='lat' dir='ltr'>A..C</span> <span class='ocrx_word' id='word_1_319' title='bbox 557 4085 650 4135; x_wconf 80' lang='lat' dir='ltr'><strong>primae</strong></span> <span class='ocrx_word' id='word_1_320' title='bbox 660 4086 755 4124; x_wconf 83' lang='lat' dir='ltr'><strong>manus</strong></span> <span class='ocrx_word' id='word_1_321' title='bbox 768 4071 796 4118; x_wconf 88' lang='lat' dir='ltr'><strong>B.</strong></span> <span class='ocrx_word' id='word_1_322' title='bbox 807 4070 846 4118; x_wconf 87' lang='lat' dir='ltr'><strong>cd.</strong></span> <span class='ocrx_word' id='word_1_323' title='bbox 858 4084 895 4134; x_wconf 93' lang='lat' dir='ltr'><strong>pr.</strong></span> <span class='ocrx_word' id='word_1_324' title='bbox 943 4068 962 4100; x_wconf 82' lang='lat'><strong>¹²</strong></span> <span class='ocrx_word' id='word_1_325' title='bbox 978 4004 1109 4133; x_wconf 42' lang='lat' dir='ltr'><strong>relevamA</strong></span> 
     </span>
     <span class='ocr_line' id='line_1_39' title="bbox 59 4135 1111 4201; baseline -0.004 -14"><span class='ocrx_word' id='word_1_326' title='bbox 59 4136 189 4193; x_wconf 83' lang='lat' dir='ltr'><strong>revelator</strong></span> <span class='ocrx_word' id='word_1_327' title='bbox 200 4137 239 4187; x_wconf 84' lang='lat' dir='ltr'><strong>ed.</strong></span> <span class='ocrx_word' id='word_1_328' title='bbox 251 4152 289 4201; x_wconf 90' lang='lat' dir='ltr'><strong>pr.</strong></span> <span class='ocrx_word' id='word_1_329' title='bbox 407 4137 424 4169; x_wconf 86' lang='lat'><strong>¹¹</strong></span> <span class='ocrx_word' id='word_1_330' title='bbox 441 4136 533 4201; x_wconf 83' lang='lat' dir='ltr'><strong>labori]</strong></span> <span class='ocrx_word' id='word_1_331' title='bbox 545 4135 673 4192; x_wconf 77' lang='lat' dir='ltr'><strong>laboricio,</strong></span> <span class='ocrx_word' id='word_1_332' title='bbox 685 4136 717 4183; x_wconf 82' lang='grc' dir='ltr'><strong>Α.</strong></span> <span class='ocrx_word' id='word_1_333' title='bbox 729 4135 830 4200; x_wconf 82' lang='lat' dir='ltr'><strong>primae,</strong></span> <span class='ocrx_word' id='word_1_334' title='bbox 842 4135 872 4184; x_wconf 87' lang='lat' dir='ltr'><strong>C.</strong></span> <span class='ocrx_word' id='word_1_335' title='bbox 884 4135 1005 4185; x_wconf 82' lang='lat' dir='ltr'><strong>secundae</strong></span> <span class='ocrx_word' id='word_1_336' title='bbox 1016 4150 1111 4192; x_wconf 80' lang='lat' dir='ltr'><strong>manus</strong></span> 
     </span>
    </p>
   </div>
   <div class='ocr_carea' id='block_1_6' title="bbox 61 4199 1033 4347">
    <p class='ocr_par' dir='ltr' id='par_1_6' title="bbox 61 4199 1033 4347">
     <span class='ocr_line' id='line_1_40' title="bbox 61 4199 1033 4267; baseline -0.003 -15"><span class='ocrx_word' id='word_1_337' title='bbox 61 4203 90 4252; x_wconf 90' lang='lat' dir='ltr'><strong>B.</strong></span> <span class='ocrx_word' id='word_1_338' title='bbox 101 4202 140 4252; x_wconf 88' lang='lat' dir='ltr'><strong>ed.</strong></span> <span class='ocrx_word' id='word_1_339' title='bbox 153 4217 202 4267; x_wconf 86' lang='lat' dir='ltr'><strong>pr.;</strong></span> <span class='ocrx_word' id='word_1_340' title='bbox 219 4203 289 4252; x_wconf 87' lang='lat' dir='ltr'><strong>daret</strong></span> <span class='ocrx_word' id='word_1_341' title='bbox 301 4201 465 4259; x_wconf 85' lang='lat' dir='ltr'><strong>selaboricio‚</strong></span> <span class='ocrx_word' id='word_1_342' title='bbox 478 4202 511 4253; x_wconf 91' lang='lat' dir='ltr'>D</span> <span class='ocrx_word' id='word_1_343' title='bbox 611 4200 629 4231; x_wconf 79' lang='lat'><strong>¹⁴</strong></span> <span class='ocrx_word' id='word_1_344' title='bbox 645 4200 769 4266; x_wconf 85' lang='lat' dir='ltr'><strong>tempora]</strong></span> <span class='ocrx_word' id='word_1_345' title='bbox 782 4199 935 4266; x_wconf 82' lang='lat' dir='ltr'><strong>temporalia,</strong></span> <span class='ocrx_word' id='word_1_346' title='bbox 946 4200 985 4249; x_wconf 91' lang='lat' dir='ltr'><strong>ed</strong></span> <span class='ocrx_word' id='word_1_347' title='bbox 997 4215 1033 4266; x_wconf 88' lang='lat' dir='ltr'><strong>pr.</strong></span> 
     </span>
     <span class='ocr_line' id='line_1_41' title="bbox 104 4287 609 4347; baseline 0.004 -4"><span class='ocrx_word' id='word_1_348' title='bbox 104 4302 286 4347; x_wconf 72' lang='lat' dir='ltr'><strong>amasenus.</strong></span> <span class='ocrx_word' id='word_1_349' title='bbox 557 4287 609 4345; x_wconf 79' lang='lat' dir='ltr'><strong>sb</strong></span> 
     </span>
    </p>
   </div>
   <div class='ocr_carea' id='block_1_7' title="bbox 0 0 1440 4836">
    <p class='ocr_par' dir='ltr' id='par_1_7' title="bbox 0 0 1440 4836">
     <span class='ocr_line' id='line_1_42' title="bbox 0 0 1440 4836; baseline 0 0"><span class='ocrx_word' id='word_1_350' title='bbox 0 0 1440 4836; x_wconf 95' lang='lat' dir='ltr'><strong> </strong></span> 
     </span>
    </p>
   </div>
  </div>
 </body>
</html>
