2864 4836
114 2599 140 2623 ¹²⁵
205 2602 208 2640 l

567 1096 802 1182 LIBER
853 1101 938 1184 ΙΙΙ.

653 1387 805 1448 CAPUT
827 1389 851 1448 l.

552 1559 597 1618 De
610 1562 793 1620 divisionibus
806 1565 950 1622 uitiatum.

207 1720 209 1786 l
266 1732 387 1791 Alzihtiz.
429 1731 535 1803 Placet,
562 1732 648 1792 irater
672 1734 727 1792 mi¹
743 1735 909 1808 Phronesis,
930 1736 1012 1814 quod
1037 1739 1163 1814 posuisti
1189 1739 1276 1798 finem

207 1831 332 1919 plabori'
352 1841 381 1889 et
402 1830 497 1889 studio
520 1831 606 1908 hujus
627 1834 704 1903 artis,
720 1851 787 1891 cum
807 1834 921 1892 videtur
942 1834 1107 1911 expeditius
1122 1848 1152 1895 et
1167 1835 1278 1895 utilius'

206 1927 209 1998 ῗ
224 1931 334 2000 viatori,
350 1931 487 1988 tractare‘
502 1931 538 1989 de
553 1932 704 1989 virtutibus
718 1942 747 1989 et
761 1933 897 1990 exercitio
918 1932 948 1991 in
962 1932 1016 1991 illis
1024 1951 1033 2006 ;
1055 1952 1109 2010 per
1123 1933 1183 1994 hoc
1197 1935 1276 1995 enim

225 2028 452 2086 accumulabitur
467 2030 601 2086 meritum
618 2030 729 2099 viatori,
744 2039 773 2087 et
791 2029 922 2105 proderit
940 2048 1000 2107 quo
1020 2030 1058 2090 ad
1078 2049 1185 2109 paoem
1199 2034 1277 2092 vian-

224 2127 304 2193 tium,
319 2127 406 2184 etiam
420 2128 473 2184 toti
487 2126 628 2185 ecclesiae
642 2127 787 2186 militanti.

265 2222 426 2281 Phrenesis.
462 2223 561 2283 Placet
572 2226 656 2283 nobis
666 2227 748 2283 inniti
758 2235 818 2283 tam
830 2226 1023 2302 speculativae
1033 2243 1124 2302 quam
1133 2228 1276 2303 practicae

205 2272 310 2447 zhujus
331 2322 476 2394 materiae,
499 2323 712 2398 praemittendo
734 2323 891 2382 divisiones
912 2323 1087 2401 multiplices
1108 2323 1146 2382 de
1168 2326 1276 2384 virtute.

206 2004 208 2058 l

205 2452 207 2457 ·
224 2419 276 2478 Est
288 2420 382 2478 enim⁸
392 2420 479 2479 virtus
491 2420 636 2498 quaedam
647 2432 744 2481 creata
758 2432 786 2481 et
797 2417 958 2497 quaedam⁶
966 2423 1102 2494 increata,
1113 2421 1276 2499 cujusmodi

89 2554 157 2582 nuti„
205 2480 267 2593 lest
282 2519 472 2595 personaliter
485 2519 605 2577 verbum
616 2518 672 2577 Dei
684 2529 712 2577 et
723 2520 911 2578 essentialiter
921 2521 984 2595 ipse
995 2518 1086 2578 Deus.
1128 2519 1275 2579 Virtutum

74 2600 84 2623 ⁸
218 2628 316 2674 autem
328 2629 487 2676 creatarum
498 2617 643 2693 quaedam
653 2628 696 2675 est
706 2618 841 2675 naturalis
851 2628 879 2675 et
888 2618 1032 2695 quaedam
1041 2617 1178 2689 moralis;
1193 2617 1275 2677 cum⁷

205 2664 209 2743 l
224 2715 396 2773 naturalium
409 2715 554 2790 quaedam
570 2714 620 2772 sit⁸
635 2714 781 2773 divisibilis
796 2726 825 2773 et
839 2716 985 2791 quaedam
1006 2715 1195 2775 indivisibilis.
1238 2715 1275 2773 Et

204 2750 208 2872 l
224 2815 358 2871 virtutum
373 2813 535 2884 moralium,
547 2831 623 2889 quae
639 2814 734 2871 solum
748 2824 872 2888 possunt
886 2814 982 2872 inesse
997 2813 1119 2884 homini,
1130 2815 1274 2890 quaedam

204 2884 207 2993 Ξ
224 2921 267 2968 est
282 2911 397 2968 moralis
411 2911 548 2981 humana,
564 2921 592 2969 et
607 2912 752 2988 quaedam
767 2922 810 2969 est
825 2910 999 2987 theologica,
1015 2912 1180 2988 cujusmodi
1195 2911 1275 2970 sunt⁰

204 3000 207 3067 l
224 3007 303 3078 fides,
324 3027 391 3084 spes
406 3020 434 3068 et
455 3008 586 3068 charitas.
628 3009 728 3068 Virtus
743 3020 839 3068 autern
854 3008 972 3067 moralis
987 3007 1192 3086 philosophica
1198 3010 1219 3043 ¹⁰
1232 3009 1275 3068 vel

203 3095 351 3176 lhumana
369 3109 406 3165 ab
420 3107 569 3165 Aristotele
584 3108 624 3165 sic
646 3107 823 3178 describitur,
838 3108 920 3183 quod
940 3104 984 3167 es't
1004 3106 1119 3166 habitus
1141 3108 1276 3168 electivus

203 3197 252 3268 lin
267 3206 365 3265 medio
382 3208 552 3277 consistens,
574 3224 633 3281 quo
655 3206 693 3264 ad
707 3224 763 3265 nos
781 3205 976 3264 terminatus¹¹
991 3205 1111 3263 ratione.
1153 3207 1192 3265 Et
1211 3218 1274 3265 sunt

203 3280 292 3386 itales
311 3305 426 3363 habitus
441 3305 601 3362 secundum
624 3322 692 3362 suas
712 3305 847 3362 materias
868 3303 1062 3380 multipliciter
1081 3305 1189 3363 variati.
1231 3305 1273 3363 De

203 3408 205 3472 ξ
222 3403 275 3461 illis
296 3415 393 3461 autem
416 3403 560 3461 habitibus
586 3412 722 3477 quattuor
743 3413 810 3460 sunt
831 3389 947 3459 oritales
967 3403 1137 3473 cardinales,
1160 3405 1273 3472 scilicet,

203 3485 335 3578 {justitia
356 3501 503 3570 fortitude,
524 3500 685 3577 prudentia,
706 3512 733 3558 et
756 3502 955 3576 temperantia.
998 3499 1086 3558 Unde
1107 3501 1274 3578 philosophi

203 3595 440 3674 [aequivocando
462 3601 615 3657 nominant
635 3599 690 3657 sub
709 3599 814 3657 eodem
836 3585 955 3657 nomine
971 3616 1049 3657 nunc
1064 3600 1197 3658 virtutem
1212 3619 1273 3658 mo

203 3687 205 3754 J
221 3698 311 3756 talem
330 3708 358 3755 et
373 3715 451 3755 nunc
466 3698 597 3755 virtutem
613 3696 842 3756 intellectualem.
889 3695 1028 3772 Quinque
1047 3707 1145 3755 autem
1159 3700 1274 3756 virinus

203 3796 409 3854 'intellectuales
433 3806 557 3870 possunt
586 3796 680 3854 inesse
704 3795 825 3864 homini,
850 3795 967 3852 virtutes
992 3811 1059 3853 suas
1084 3796 1219 3865 morales,
1244 3807 1273 3853 ut

202 3978 205 3986 ·
255 3961 325 4025 ¹mi]
339 3977 388 4010 om.
401 3960 463 4009 ΑΒ.
476 3959 597 4009 secundae
608 3974 703 4007 manus.
814 3956 931 4020 ²labori]
945 3956 1125 4012 laboribuad.
1225 3958 1273 4008 ’et

203 4064 204 4082 ,
220 4026 315 4090 utilius]
329 4043 378 4076 om.
392 4025 454 4074 ΑΒ.
553 4024 561 4052 ⁴
579 4023 695 4087 tractare]
708 4023 815 4077 tractari,
828 4022 861 4070 D.
960 4023 969 4051 ⁵
985 4021 1064 4086 enim]
1075 4030 1168 4077 auten.
1181 4023 1273 4073 ΑΒΕ.

220 4094 258 4141 ed.
271 4109 308 4156 pr.
424 4091 434 4118 ⁸
450 4089 582 4154 quaedam]
595 4091 672 4138 u'rtus
683 4089 811 4152 quaedam,
824 4087 917 4137 A.B.C.
930 4088 968 4138 ed.
981 4103 1017 4152 pr.
1133 4086 1144 4115 ¹
1160 4088 1229 4153 curn]
1242 4099 1274 4144 et,

202 4184 204 4191 ·
222 4157 296 4211 Α.Β.;
315 4165 376 4210 tum,
388 4157 426 4205 ed.
438 4171 475 4220 pr.
558 4156 567 4181 ⁸
584 4154 627 4218 sit]
640 4161 684 4209 est.
697 4153 758 4202 ΑΒ.
858 4154 867 4180 ⁸
885 4152 953 4216 sunt]
966 4161 1011 4207 est.
1023 4152 1061 4201 ed.
1073 4167 1111 4216 pr.
1188 4154 1206 4182 ¹⁰
1222 4155 1274 4218 phi·

221 4221 360 4285 losophica]
374 4222 476 4285 phisica.
488 4219 526 4268 ed.
539 4236 575 4283 pr.
674 4220 690 4248 '¹
709 4219 862 4284 terminatus]
876 4219 1059 4274 determinatus,
1072 4217 1110 4267 ed.
1123 4234 1160 4282 pr.

1125 4317 1236 4360 wreus·
