2864 4836
112 478 193 523 carn,
234 453 722 516 SUPPLEMENTUM
750 452 1049 513 TRIALOGI.

113 616 299 687 arundineae,
314 626 343 676 et
356 617 522 677 necessario
542 616 665 675 concavi
684 625 750 674 sunt
769 615 864 691 magis
877 613 960 673 vacui
980 632 998 672 a
1016 612 1168 672 stabilitate

113 715 225 775 ordinis
240 713 405 773 Christiani.

158 810 371 883 Quartodectina
386 810 515 872 conditio
530 813 655 872 caritatis
675 821 728 881 est,
743 811 824 887 quod
845 812 937 868 omnia
953 815 1048 886 sperat
1065 807 1169 868 cedere

113 909 151 968 ad
175 910 307 969 salutem.
358 909 418 969 Sed
442 911 467 969 si
492 909 593 969 fratres
617 911 654 969 de
674 910 800 968 veritatis
822 908 981 968 catholicae
1006 907 1169 966 detectione

113 1025 199 1068 suum
223 1008 410 1084 dispendium
436 1008 624 1084 suspicantur,
649 1018 679 1067 et
703 1007 769 1083 plus
793 1025 883 1084 quam
907 1007 1107 1065 reductionem
1132 1005 1170 1063 ad

112 1105 246 1164 ordinem
261 1104 368 1164 Christi
382 1107 413 1163 in
427 1123 480 1164 sua
499 1105 622 1165 ecclesia
641 1105 810 1176 renituntur,
825 1104 978 1181 quomodo
997 1113 1115 1181 sperant
1130 1104 1166 1162 de

56 1224 62 1235 ·
112 1221 167 1263 suo
181 1202 276 1262 stabili
290 1202 502 1262 fundamento?

156 1299 363 1372 Quintodecrina
383 1301 513 1361 conditio
532 1300 657 1360 caritatis
676 1311 728 1372 est,
748 1300 829 1376 quod
850 1301 943 1358 omnia
963 1299 1170 1359 delectabiliter

110 1402 233 1470 rustriut,
248 1400 396 1475 sperando
415 1418 451 1459 ex
471 1400 528 1459 fide
548 1398 634 1457 finale
648 1398 705 1458 Dei
725 1398 902 1475 adjutorium
924 1398 1068 1456 advenire.
1112 1396 1171 1456 Sed

112 1499 137 1557 si
151 1497 252 1557 iratres
263 1507 402 1573 tanquam
416 1496 517 1556 furiosi
532 1497 740 1555 circumvolant
751 1515 805 1573 pro
818 1495 987 1556 defensione
1003 1497 1047 1555 sui
1061 1496 1171 1554 ordinis

112 1613 165 1672 per
184 1606 352 1655 commenta
371 1595 525 1666 mendacii,
540 1595 691 1670 quomodo
712 1594 892 1654 manifestius
912 1593 1073 1653 indicarent
1092 1594 1171 1651 infir·

112 1693 243 1752 mitatem
267 1703 359 1753 status
383 1694 526 1765 diabolici,
552 1694 582 1752 in
607 1711 667 1770 quo
692 1703 831 1770 tanquam
857 1692 1006 1752 instabiles
1030 1692 1094 1769 ejus
1122 1692 1170 1750 filii

113 1792 319 1868 perseverant?

159 1887 264 1947 Ultxina
291 1889 421 1949 conditio
450 1891 575 1950 caritatis
603 1900 656 1961 est,
682 1889 764 1965 quod
790 1907 932 1965 nunquam
961 1889 1077 1960 excellat,
1102 1905 1170 1946 cum

114 1997 213 2045 manet
226 1998 288 2045 tam
306 1987 337 2045 in
351 1989 397 2046 via
416 2005 506 2063 quam
525 1989 556 2046 in
575 1989 675 2065 patria.
718 1987 777 2046 Sed
796 1989 819 2046 si
839 1998 929 2046 status
949 1987 1068 2045 fratrum
1082 1986 1170 2044 hodie

115 2085 288 2161 originatur¹
303 2103 356 2161 per
366 2096 534 2144 commenta
547 2085 691 2145 mendacii
706 2096 734 2144 et
748 2103 813 2145 cras
827 2086 858 2144 in
872 2084 1021 2144 clibanum
1036 2084 1172 2142 mittitur²

114 2200 265 2259 nunquam
287 2184 404 2241 ulterius
427 2183 603 2254 duraturus³,
624 2184 689 2260 quis
714 2193 804 2242 status
828 2185 878 2260 qui
898 2201 992 2260 usque
1014 2184 1052 2242 ad
1077 2185 1170 2242 nubes

114 2290 227 2339 tantum
251 2281 418 2351 extollitur⁴,
443 2291 488 2339 est
512 2282 606 2357 magis
630 2282 783 2357 oppositus
807 2283 937 2341 caritati?
983 2281 1021 2339 Et
1049 2282 1172 2340 breviter

115 2379 211 2437 cuncti
236 2389 396 2438 conventus
420 2380 521 2455 privati
544 2379 588 2438 vel
612 2389 703 2439 status
728 2390 777 2440 aut
798 2381 877 2451 ritus,
898 2381 947 2456 qui
970 2398 1032 2438 uon
1053 2381 1171 2438 suntin

115 2476 223 2535 Christi
242 2476 355 2553 legibus
376 2477 499 2549 stabiliti,
514 2477 629 2536 inutiles
648 2488 716 2537 sunt
736 2489 766 2537 et
785 2479 860 2536 vani.
901 2477 939 2535 Et
957 2479 997 2536 ita
1017 2476 1172 2553 inspectis⁵

115 2575 241 2634 caritatis
255 2575 406 2634 ordinibus
421 2576 516 2634 nullus
531 2585 621 2634 status
635 2577 748 2635 mundo
759 2586 819 2635 tam
833 2575 954 2635 celebris
967 2576 1061 2652 magis
1075 2591 1171 2650 oppo-

115 2673 191 2732 nitur
212 2673 322 2731 caritati
343 2691 433 2749 quam
454 2684 544 2733 status
565 2673 685 2733 fratrum
706 2674 867 2734 secundum
889 2674 1015 2733 formam
1028 2673 1073 2732 vel
1094 2672 1171 2731 ordi·

116 2788 194 2843 nem,
209 2789 268 2847 quo
285 2772 371 2828 currit
390 2771 479 2829 hodie
499 2772 690 2831 introductus.
733 2773 771 2830 Et
791 2774 832 2831 sic
853 2775 975 2831 breviter
994 2776 1056 2831 noh
1075 2772 1170 2831 solum

115 2869 284 2945 imaginarie
303 2879 400 2945 potest
419 2870 484 2941 dici,
500 2871 581 2946 quod
602 2889 709 2946 corpus
729 2881 845 2929 sanctae
865 2873 964 2930 matris
983 2872 1123 2931 ecelesiae
1140 2873 1170 2929 in

116 2977 248 3044 tempore
263 2966 371 3026 Christi
384 2980 412 3026 et
426 2978 494 3044 post
508 2971 640 3027 currebat
653 2969 774 3027 liberum
789 2971 819 3027 in
834 2968 956 3029 serendo
970 2969 1042 3029 duas
1057 2972 1170 3028 tunicas

115 3066 161 3124 vel
185 3066 389 3125 calciamenta⁶
414 3077 463 3124 aut
489 3066 582 3124 aliud⁷
610 3067 691 3142 quod
718 3067 835 3125 inferret
862 3067 900 3125 ad
928 3069 1050 3143 patriam
1079 3086 1169 3126 nocu-

116 3174 248 3223 mentum
256 3183 264 3236 3
287 3164 339 3223 sed
353 3183 390 3223 ex
404 3173 472 3240 post
482 3182 534 3240 per
545 3174 712 3223 commenta
726 3164 834 3223 diaboli
845 3167 972 3240 suscepit
983 3166 1169 3241 gravedinem

116 3262 254 3332 inutilem,
281 3263 441 3338 specialiter
469 3265 590 3321 istorum
618 3263 754 3321 ordinum
779 3272 839 3321 tam
867 3263 1054 3338 corporaliter
1081 3281 1169 3339 quarn

116 3361 298 3440 spiritualiter
312 3361 465 3420 ecclesiam
481 3369 674 3420 onustantem.

150 3543 158 3573 ¹
175 3541 322 3606 originatur]
336 3541 470 3596 ordinatur.
483 3541 514 3590 C.
629 3538 639 3567 ²
655 3538 685 3589 cl.
699 3540 790 3591 Matth.
802 3541 834 3590 vi.
846 3554 887 3602 30.
1002 3542 1012 3572 ⁸
1028 3542 1169 3605 duraturus]

115 3607 294 3664 dominaturus,
306 3609 336 3658 C.
440 3607 449 3634 ⁴
466 3606 497 3655 cs.
511 3604 601 3654 Matth.
613 3605 644 3654 xi.
659 3620 696 3668 23.
794 3607 804 3636 ⁶
820 3606 949 3672 inspectis]
961 3607 986 3657 in
998 3609 1124 3673 spectatis,
1135 3610 1165 3659 C.

115 3673 126 3703 ⁸
143 3673 235 3723 Matth.
246 3689 269 3722 x.
284 3686 322 3722 10.
419 3672 430 3702 ¹
446 3678 489 3721 aut
500 3670 580 3736 aliud]
592 3670 632 3721 vel
642 3671 742 3736 aliquid.
755 3672 787 3723 A.

504 3969 783 4028 *⁴th

1248 469 1313 536 443
