2864 4836
75 469 169 515 carry.
439 445 780 507 TRIALOGUS.

76 608 139 666 suis
160 609 365 667 consentaneis
384 607 463 667 hunc
484 626 620 668 errorem.
663 608 701 666 Et
722 626 790 667 curn
811 609 909 667 omnis
922 608 1027 667 veritas
1048 609 1131 667 sitin

78 708 222 784 scriptura
236 726 325 777 sacra,
342 717 429 784 patet,
444 708 525 783 quod
539 725 620 766 error
634 708 697 778 iste,
711 725 801 783 quem
820 706 973 766 falsitatem
992 717 1131 777 asserunt,

78 806 118 864 sit
132 806 292 864 contrarius
310 806 413 863 saltem
432 805 569 882 implicite
588 805 673 864 alicui
689 806 763 882 parti
783 805 939 880 scripturae
959 822 1075 876 sacrae;
1104 815 1133 863 et

79 921 149 962 cum
169 904 205 962 sit
224 914 284 962 tam
304 905 486 980 pertinaciter
505 903 681 974 defensatus
702 913 790 980 patet,
805 902 885 979 quod
904 902 1005 962 fratres
1024 902 1132 962 debent

78 1019 209 1061 asserere
229 1019 357 1060 errorem
378 1002 465 1060 istum
486 1020 550 1062 esse
571 1000 757 1071 haereticum,
779 1012 808 1059 et
828 1001 871 1060 sic
891 1019 991 1078 regern
1012 1012 1041 1059 et
1062 1018 1132 1059 suos

78 1116 217 1177 proceres
231 1100 328 1176 ipsum
341 1098 434 1158 taliter
452 1099 652 1158 defendentes.
693 1100 732 1158 Et
752 1101 792 1159 ita
805 1100 904 1158 ebullit
922 1099 1042 1158 fratrum
1062 1099 1131 1157 stui-

23 1259 26 1265 ,
79 1197 151 1268 titia,
166 1209 254 1273 quam
270 1199 416 1256 ascribunt
430 1199 484 1256 sibi
498 1216 552 1275 pro
567 1216 677 1275 magna
689 1199 852 1275 prudentia,
868 1197 948 1274 quod
967 1199 998 1255 in
1012 1199 1132 1256 materia

79 1294 149 1354 fidei
173 1295 300 1371 aliquam
324 1294 478 1354 falsitatem
498 1305 605 1355 vocant
629 1314 757 1355 errorem
781 1307 810 1355 et
830 1296 958 1372 aliquam
979 1295 1131 1366 haeresim,

80 1410 150 1451 cum
171 1403 270 1451 tamen
293 1394 447 1470 utrobique
471 1395 604 1470 pertinax
627 1393 757 1453 defensio
783 1395 818 1453 sit
842 1394 980 1470 aequalis.
1023 1393 1130 1464 Sciant,

79 1491 210 1567 iuquam,
224 1492 270 1550 isti
291 1492 368 1550 stulti
390 1492 549 1550 antichristi
571 1492 713 1568 discipuli,
735 1493 816 1569 quod
836 1492 934 1551 omnis
955 1509 1035 1550 error
1056 1494 1131 1568 peri·

79 1588 199 1648 culosus
212 1590 242 1646 in
256 1591 377 1648 materia
390 1589 457 1649 fidei
471 1600 516 1649 est
529 1589 657 1649 haeresis
671 1590 833 1650 manifesta.
877 1588 976 1649 Sciant
990 1589 1130 1659 secund0,

79 1687 164 1762 quod
191 1705 253 1746 non
276 1698 400 1764 possunt
424 1689 550 1765 primam
575 1699 697 1765 partem,
723 1706 799 1764 quae
827 1688 865 1747 ad
892 1687 1032 1764 regaliam
1055 1689 1131 1763 regis

80 1785 213 1862 pertinet,
237 1785 393 1844 dissolvere
421 1796 451 1844 et
474 1805 527 1863 per
551 1804 735 1863 consequens
760 1803 815 1844 nec
844 1786 993 1856 damnare,
1018 1786 1079 1843 imo
1107 1788 1151 1847 si.

80 1883 225 1959 principia
248 1901 302 1942 sua
325 1885 401 1942 bene
426 1884 620 1955 studuerunt¹,
646 1902 707 1942 non
731 1892 881 1960 negarent,
907 1883 977 1960 quin
1003 1880 1132 1941 summe²

80 1991 207 2057 possunt
225 1983 369 2057 corrigere
387 1982 525 2040 dominos
545 1982 727 2059 temporales.
771 1981 829 2040 Sed
844 1982 1016 2057 supponitur
1031 1980 1132 2038 fratres

81 2080 306 2138 incorrectione
328 2079 515 2138 dominorum
536 2090 672 2157 putantes
689 2081 786 2156 jacere
807 2080 975 2156 periculum,
996 2080 1065 2155 quia
1085 2078 1133 2136 illa

82 2178 235 2254 supposita
249 2177 342 2236 forent
361 2176 499 2236 libertati³
517 2177 553 2237 de
567 2178 647 2237 fonte
662 2178 779 2249 diaboli,
794 2189 823 2237 et
842 2197 860 2237 a
879 2178 1053 2237 fraternitate
1074 2195 1133 2253 qua

82 2273 183 2334 fratres
202 2274 445 2335 confoederantur
459 2293 527 2334 cum
548 2275 613 2334 filiis
627 2275 726 2347 Belial,
741 2278 864 2352 separati
872 2295 881 2349 ;
911 2276 948 2335 de
963 2276 1020 2334 hoc
1035 2285 1132 2333 autem

81 2381 222 2449 tanquam
239 2373 367 2449 periculo
389 2374 492 2432 timent
512 2372 622 2433 fratres.
663 2374 701 2431 Et
721 2384 801 2450 patet
821 2374 974 2451 quomodo
995 2373 1132 2449 regaliam

81 2474 160 2548 regis
173 2482 203 2532 et
215 2483 310 2532 totum
328 2473 411 2549 regni
425 2472 555 2532 seculare
568 2472 732 2531 dominium
746 2473 847 2532 fratres
867 2473 989 2532 subdole
1004 2475 1133 2531 nituntur

82 2571 237 2631 destruere.
279 2571 317 2629 Et
331 2588 399 2629 curn
413 2570 461 2629 illa
475 2571 640 2647 perceptio⁴
655 2589 673 2628 a
686 2571 762 2646 regis
782 2571 892 2629 clericis
910 2579 1066 2641 emanaret,
1081 2588 1132 2628 rex
1239 2607 1251 2624 .

82 2679 113 2729 et
126 2670 189 2746 ejus
203 2687 339 2747 proceres
355 2668 451 2727 forent
466 2669 503 2727 ad
522 2667 700 2727 ablationem
719 2668 931 2744 temporalium,
947 2685 1023 2744 quae
1044 2685 1133 2727 occu·

82 2778 189 2846 pantur
203 2786 255 2845 per
269 2767 397 2837 clericos,
412 2766 536 2842 amplius
557 2767 675 2824 animati
684 2786 692 2838 ;
718 2777 806 2842 patet,
821 2766 902 2843 quod
921 2766 1044 2827 subdole
1063 2784 1132 2843 pro-

82 2875 186 2924 curant
199 2882 253 2942 pro
267 2875 389 2940 utroque
405 2864 525 2924 brachio
539 2865 678 2925 eeclesiae
693 2865 884 2941 Anglicanae.
925 2864 1013 2923 Unde
1033 2865 1064 2922 in
1078 2864 1132 2922 illis

82 2982 159 3040 quae
187 2965 302 3041 sapiunt
330 2965 373 3022 eis
401 2964 439 3022 ad
473 2963 595 3035 lucrum,
623 2964 690 3022 licet
716 2965 747 3022 in
776 2964 920 3022 haeresim
948 2963 1132 3023 manifestam

82 3062 241 3133 sonuerint,
268 3061 402 3120 laborant
429 3062 552 3121 assidue.
608 3060 667 3120 Sed
694 3080 732 3120 ex
760 3060 818 3119 Dei
850 3062 943 3137 gratia
977 3061 1131 3120 eonsilium

82 3160 260 3237 Achitophel
278 3161 441 3236 dissipatur,
455 3179 525 3219 nam
544 3170 684 3236 tanquam
698 3160 831 3218 membra
844 3160 953 3220 diaboli
966 3159 1036 3217 illud
1051 3160 1132 3236 quod

81 3260 138 3319 sibi
151 3269 319 3336 reputarunt
332 3258 482 3335 proficere,
499 3258 594 3316 adsui
615 3258 756 3316 damnum
775 3257 881 3315 tamin
900 3274 1024 3333 corpore
1043 3275 1132 3334 quam

81 3359 113 3416 in
124 3358 222 3416 anima
235 3365 446 3426 converterunt,
459 3374 526 3415 cum
540 3356 669 3432 undique
680 3374 717 3414 ex
733 3354 799 3413 sua⁶
813 3354 921 3412 malitia
937 3354 1015 3413 fraus
1030 3373 1132 3413 eorum

82 3455 227 3514 diabolica
241 3454 365 3532 amplius
382 3464 426 3512 est
444 3464 590 3532 percepta,
605 3463 634 3511 et
654 3452 814 3530 specialiter
834 3453 865 3509 in
883 3451 950 3523 hoc,
972 3452 1053 3529 quod
1072 3462 1132 3510 tam

82 3553 246 3613 Londouiis
270 3571 360 3629 quam
384 3551 554 3611 Lincolniae
579 3547 729 3610 laborante
753 3549 868 3610 assidue
897 3551 936 3609 ad
965 3550 1132 3610 sacerdotes

82 3651 184 3710 fideles
208 3660 238 3709 et
260 3669 404 3728 pauperes
428 3650 667 3725 extinguendum,
692 3659 722 3707 et
745 3648 907 3725 specialiter
931 3660 1051 3726 propter
1074 3648 1132 3709 hoc

82 3749 164 3825 quod
184 3767 287 3808 eorum
308 3749 447 3808 versutias
468 3748 614 3807 caritative
635 3748 666 3805 in
687 3747 797 3824 populo
819 3746 1021 3821 detexenmt⁷3
1051 3757 1082 3807 et
1101 3758 1133 3806 ut

83 3848 172 3908 credo
197 3857 264 3907 ante
289 3847 407 3924 plenam
431 3847 542 3924 peccati
566 3846 652 3924 hujus
676 3846 834 3904 vindictam
858 3844 940 3905 Deus
964 3863 1051 3922 super
1075 3846 1131 3903 isto

116 4020 125 4048 ¹
142 4018 299 4083 studuerunt]
311 4018 444 4074 studerent,
456 4018 490 4067 D.
588 4017 598 4046 ¹
615 4017 722 4082 summe]
734 4018 820 4073 sinere,
832 4017 871 4066 ed.
884 4032 921 4092 pr,
1033 4016 1043 4045 ⁸
1060 4015 1132 4065 liber·

85 4084 143 4149 tati]
155 4085 291 4134 derivatum
302 4100 318 4133 a
329 4085 406 4134 verbo
416 4084 514 4140 liberto,
526 4098 571 4147 pro
582 4084 679 4132 liberati.
860 4080 926 4131 ⁴1lla
937 4081 1075 4146 peroeptio]
1087 4081 1132 4131 illo

175 4157 210 4206 to,
222 4150 251 4198 B.
263 4150 357 4214 primae
368 4165 462 4207 manus,
474 4149 513 4199 ed.
525 4164 562 4212 pr.
659 4147 742 4211 ⁵sua]
755 4147 800 4205 sui,
811 4146 850 4196 od.
863 4162 900 4210 pr.
977 4146 1131 4211 ‘laboraut]

84 4165 235 4272 Εἷοξφηωηῐ,
247 4215 277 4265 C.
289 4215 326 4264 ed
339 4230 375 4279 pr.
473 4213 483 4244 ²
499 4212 654 4276 detexerunt]
666 4213 790 4268 deterrunt,
802 4211 840 4262 ed.
852 4227 888 4276 pr.
