2864 4836
501 417 758 495 JOANNIS
799 418 1009 479 WICLIF
1198 440 1284 475 narn.

232 586 261 634 et
274 577 458 637 habitudines
478 580 604 650 virtuosi,
620 581 662 639 sic
677 580 757 656 quod
771 580 890 640 diversis
905 580 1074 639 hominibus
1088 581 1149 639 sint
1165 579 1282 656 disparia

232 675 328 733 media
350 675 524 752 adaptanda.
568 678 627 737 Sed
648 678 731 738 cum¹
756 680 901 757 quaelibet
926 681 1014 738 virtus
1037 679 1160 737 moralis
1185 678 1281 736 habeat

231 791 314 831 suam
333 775 525 849 prudentiam,
545 779 692 837 connectit
710 779 878 849 Art'sloteles,
894 779 974 854 quod
993 787 1037 836 est
1057 777 1178 836 habitus
1197 777 1281 835 deter-

230 859 356 930 minatus
371 874 490 932 ratione.
535 874 605 934 Non
620 877 699 933 enim
717 895 832 952 semper
847 887 891 934 est
906 876 1053 952 agendum
1077 893 1134 933 nec
1150 877 1280 933 continue

229 969 389 1041 otiandum,
405 981 434 1029 et
449 972 490 1030 sic
504 990 564 1048 quo
579 974 617 1031 ad
630 975 812 1033 velocitatem
828 984 876 1032 aut
890 974 1054 1032 tarditatem
1068 975 1204 1044 actionis,
1220 989 1280 1031 cum

229 1068 324 1126 modis
340 1069 402 1127 aliis
416 1069 542 1140 infinitis
557 1089 632 1147 quos
646 1082 761 1148 oportet
780 1073 943 1131 secundum
957 1072 1101 1130 rationem
1116 1071 1280 1147 prudentiae

229 1166 360 1241 regulari.
402 1167 475 1226 ldeo
490 1169 570 1227 addit
584 1170 753 1240 Aristoteles,
769 1170 849 1246 quod
868 1171 956 1228 virtus
976 1169 1096 1228 moralis
1117 1171 1154 1227 sit
1171 1170 1280 1228 habitus

229 1265 338 1322 ratione
364 1265 579 1338 determinatus,
605 1286 659 1326 nec
688 1279 803 1344 oportet
831 1286 895 1338 nos,
924 1269 998 1327 sicut
1025 1268 1148 1343 quando
1179 1268 1280 1327 fuimus

228 1365 316 1437 pueri,
332 1366 492 1434 mussitare,
508 1365 659 1440 quomodo
681 1366 795 1425 habitus
816 1367 879 1425 talis
901 1384 1016 1441 semper
1037 1366 1158 1424 inclinat
1180 1384 1280 1425 secun·

208 1459 297 1530 ,dum
320 1462 363 1518 sui
385 1463 540 1531 ultimum²,
564 1474 592 1522 et
614 1465 654 1522 ita
675 1463 750 1523 soret
771 1483 858 1540 saepe
884 1465 1012 1533 nocivus,
1038 1481 1107 1521 cum
1133 1465 1280 1523 inclinaret

226 1559 388 1633 subjectum
417 1559 455 1618 ad
483 1573 564 1620 actus
589 1563 716 1620 vitiosos
770 1562 879 1620 Iterum
905 1562 1068 1620 secundum
1092 1562 1280 1621 variationem

226 1657 457 1716 circumstantiae
479 1660 567 1717 videri
589 1670 689 1735 posset
710 1661 808 1718 minus
832 1660 1067 1736 intelligentibus,
1089 1660 1173 1736 quod
1195 1662 1280 1718 virtus

225 1755 340 1830 posset³
353 1773 417 1814 esse
432 1757 540 1828 vitium,
556 1767 586 1815 ut
601 1757 715 1815 habitus
736 1759 916 1816 inclinativus
930 1757 1077 1832 magnifici
1093 1758 1131 1816 ad
1153 1757 1280 1816 dandum

225 1854 421 1928 indigentibus
432 1857 578 1913 excessive
594 1855 751 1925 inclinaret,
766 1855 831 1931 plus
846 1857 911 1932 ipso
926 1854 1051 1913 directo⁴
1063 1854 1101 1913 ad
1112 1857 1280 1931 pauperiem

224 1952 348 2009 scienter
362 1951 405 2009 vel
424 1954 599 2029 ignoranter,
615 1972 703 2029 quam
719 1953 791 2012 soret
806 1954 835 2011 in
851 1955 893 2011 sic
910 1951 1052 2028 disposito
1073 1965 1280 2029 opportunum,

222 2061 250 2106 et
266 2051 306 2107 sic
318 2049 462 2108 deveniret
473 2070 509 2108 ex
524 2069 594 2109 casu
609 2052 657 2109 tali
668 2053 832 2109 extrinseco
846 2050 961 2109 babitus
971 2051 1100 2109 vitiosus.
1146 2050 1280 2110 Similiter

222 2147 351 2222 oportet⁵
365 2147 518 2206 diffinitum
533 2151 633 2207 variari
648 2149 939 2226 proportionabiliter,
951 2159 983 2206 ut
996 2149 1131 2207 diffinitio
1147 2149 1278 2217 variatur,

223 2243 272 2300 sed
294 2255 408 2318 oportet
429 2245 580 2304 hominem
601 2249 703 2305 variari
725 2249 754 2305 in
779 2248 890 2305 actibus
914 2247 1085 2305 extrinsecis
1107 2247 1227 2316 vitiosis,
1249 2257 1278 2304 ut

222 2342 351 2399 medium
379 2344 574 2402 extrinsecum
602 2346 733 2403 variatur.
789 2344 869 2420 Ergo
899 2363 966 2403 cum
994 2362 1056 2402 non
1085 2355 1182 2420 potest
1217 2363 1278 2402 esse

221 2440 340 2498 latitudo
355 2442 385 2498 in
399 2441 500 2499 virtute
519 2453 547 2500 et
567 2443 644 2513 vitiu,
661 2452 800 2518 superest,
815 2443 896 2518 quod
910 2443 939 2500 in
959 2441 1058 2500 habitu
1079 2444 1169 2500 animi
1185 2460 1278 2500 corre·

221 2540 399 2615 spondenter
412 2540 449 2598 ad
470 2542 599 2599 medium
621 2543 824 2611 extrinsecum,
840 2541 954 2599 habitus
974 2542 1107 2600 avirtute
1128 2542 1160 2598 in
1180 2543 1276 2599 vitium

221 2638 350 2695 varietur.

32 2748 179 2833 „lffliggssgffifgg
261 2738 296 2795 ln
312 2741 367 2796 ista
380 2739 499 2797 materia
517 2736 675 2796 tenendum
690 2745 742 2806 est,
758 2737 839 2812 quod
853 2737 940 2795 virtus
958 2735 1082 2806 moralis,
1099 2736 1135 2795 de
1156 2756 1215 2813 qua
1234 2749 1277 2795 est

32 2833 186 2866 ³⁶⁰⁰⁵⁰⁶‘¹¹‘¹³¹¹⁰·
203 2878 205 2913 ἶ
221 2853 326 2904 sermo,
343 2837 503 2894 secundum
519 2837 666 2893 veritatem
682 2844 724 2892 est
739 2834 853 2892 habitus
868 2852 886 2892 a
899 2833 965 2892 Deo
981 2833 1074 2904 datus,
1086 2834 1115 2890 in
1131 2836 1276 2893 intellectu

202 2918 346 3057 {hominis
362 2935 505 2992 radicatus
514 2954 520 3003 ;
544 2942 573 2990 et
588 2933 800 3007 distinguitura
815 2930 1036 3002 consuetudine,
1052 2950 1141 3008 quam
1157 2934 1275 3008 quidam

220 3031 318 3089 dicunt
339 3031 511 3089 Aristotelem
535 3049 639 3089 vocare
661 3030 793 3087 virtutem
817 3030 966 3088 moralem.
1016 3028 1054 3086 Et
1076 3031 1118 3088 sic
1144 3030 1276 3088 concedo

220 3146 279 3204 quo
294 3129 331 3186 ad
339 3132 464 3204 primum
480 3138 692 3205 argumentum,
707 3127 788 3202 quod
804 3128 987 3186 consuetudo
1005 3127 1069 3185 talis
1084 3146 1173 3203 saepe
1189 3142 1275 3187 nocet

220 3228 249 3285 in
271 3229 364 3286 casu⁶.
410 3228 467 3286 Sed
488 3229 543 3286 ista
565 3225 747 3284 consuetudo
769 3225 854 3283 distat
874 3226 1030 3301 plurimum
1052 3244 1070 3283 a
1090 3226 1202 3295 virtute,
1222 3244 1275 3284 nec

218 3336 261 3384 est
283 3327 511 3402 imaginandum,
527 3324 608 3400 quod
630 3323 812 3381 consuetudo
835 3324 869 3381 sit
889 3342 949 3381 una
970 3342 1016 3382 res
1037 3323 1178 3393 absoluta,
1201 3342 1273 3401 quae

218 3437 317 3500 posset
338 3443 391 3500 per
412 3443 444 3482 se
458 3425 588 3492 existere,
604 3423 676 3481 sicut
698 3438 785 3495 grave
808 3432 857 3479 aut
878 3422 948 3493 leve,
963 3432 992 3480 et
1010 3422 1093 3480 inniti
1114 3423 1273 3481 secundum

200 3528 202 3599 l
218 3522 349 3579 ultimum
364 3541 433 3580 suae
453 3523 608 3597 potentiae,
624 3522 675 3580 sed
690 3533 733 3580 est
752 3540 812 3579 una
826 3521 862 3579 de
883 3521 1020 3596 potentiis
1036 3521 1272 3590 accidentalibus,

200 3604 202 3677 l
218 3620 322 3694 quibus
337 3621 512 3678 adventicie⁷
522 3621 613 3678 homo
625 3620 795 3696 disponitur,
807 3629 838 3677 ut
849 3619 943 3679 taliter
957 3629 1007 3677 aut
1021 3619 1115 3678 taliter
1129 3634 1273 3698 operetur.

199 3706 263 3798 [Ad
285 3719 429 3775 secundam
449 3719 614 3776 instantiam
637 3717 739 3775 dicitur
760 3717 854 3775 forma
874 3718 1027 3788 consimili,
1047 3719 1129 3794 quod
1150 3737 1272 3778 consue·

198 3817 201 3897 j
216 3815 295 3884 tudo,
312 3834 387 3890 quae
406 3833 466 3872 non
486 3815 639 3890 prudentia
659 3813 826 3890 regulatur⁸,
842 3825 928 3872 nocet
942 3813 1129 3887 bominibus;
1160 3817 1272 3875 sedilia

197 3900 200 4007 l
248 3952 343 4015 ¹cum]
362 3959 451 4006 tamen.
470 3951 503 3999 D.
675 3950 737 4000 ²sui
756 3950 883 4014 ultimum]
905 3951 1019 4000 ultimum
1037 3967 1091 4001 esse
1110 3954 1155 4009 sui.
1175 3955 1214 4003 ed.
1234 3970 1270 4018 pr.

196 4027 198 4095 p
215 4017 223 4042 ³
240 4017 336 4082 posset]
349 4024 438 4081 potest.
451 4017 480 4065 C.
493 4016 531 4064 ed.
545 4032 581 4079 pr.
648 4016 656 4044 ⁴
673 4016 779 4080 directo]
796 4015 900 4078 dejecto.
913 4016 1006 4066 A.B.C.
1019 4017 1058 4067 ed.
1070 4033 1107 4083 pr.
1173 4021 1183 4048 ⁸
1199 4035 1271 4083 opor·

196 4098 198 4150 l
215 4083 262 4145 tet]
275 4098 324 4131 non
336 4090 442 4146 oportet.
455 4081 493 4130 ed.
507 4098 543 4145 pr.
643 4082 652 4108 ⁴
669 4082 694 4130 in
704 4081 773 4145 casu]
786 4081 929 4136 intellectui,
942 4082 1004 4130 ΑΒ.
1095 4082 1105 4110 ¹
1122 4082 1270 4147 adventieie]

195 4156 198 4213 J
214 4147 349 4260 magice}
360 4147 398 4194 ed.
411 4163 447 4210 pr.
640 4147 650 4175 ⁸
667 4147 796 4210 prudentia
810 4146 946 4210 regulatur]
958 4154 997 4196 est
1010 4146 1140 4210 prudentia
1153 4148 1270 4213 regulata.

195 4232 197 4262 τ
240 4248 245 4259 .
270 4248 275 4259 .
301 4248 306 4259 .
352 4228 405 4274 .pr.
