2864 4836
10 192 62 206 ἢ

10 307 164 379 'Alma
429 312 770 375 TRJALoGUS.

10 461 219 563 &affieralior
246 486 275 535 et
300 477 514 536 munificentior
539 495 628 554 quam
653 478 756 553 aliquis
779 478 916 537 dominus
940 478 1125 555 temporalis;

10 575 129 658 End
142 574 254 633 domini
268 576 443 652 temporales
458 595 494 634 ex
509 577 621 634 ratione
636 576 680 634 sui
695 577 817 634 dominii
831 577 861 634 in
876 575 949 635 fine¹
964 577 1125 652 praemiant

10 670 175 753 ιίῗροιίοιι
195 689 265 731 suos
273 692 280 744 ;
310 691 382 748 ergo
396 681 490 731 stante
505 674 608 749 majori
623 672 751 732 ratione⁰
764 692 832 733 cum
847 673 1002 732 ιιιιιιιιιιιε8
1016 675 1125 733 virtutis

10 776 110 863 &a
132 779 214 846 parte
234 768 300 840 Dei,
321 770 450 847 sequitur
471 770 582 846 quod
575 789 637 846 ipse
661 789 761 830 servos
785 774 870 830 suos⁴
896 771 1016 831 finaliter
1042 790 1124 848 prae·

10 875 54 969 εξ
38 866 190 940 ἱιίιιιιις
222 867 276 926 sed
298 885 359 926 non
380 868 410 925 in
431 867 486 927 hac
508 868 566 927 vita
580 868 683 944 plena,
705 879 737 928 ut
756 879 843 946 patet,
866 887 937 945 ergo
958 868 1125 945 relinquitur

10 954 52 1034 ἑ
62 963 140 1031 aslis
162 964 332 1042 praemiatio
356 982 411 1041 pro
436 964 540 1024 futuro.
583 964 648 1026 Nec
677 967 782 1026 sufficit
809 968 979 1044 praemiatio
1008 968 1102 1025 sola
1094 986 1125 1025 111

10 1063 49 1134 ι’
63 1063 182 1141 spiritu,
197 1063 266 1140 quia
284 1073 387 1121 natura
406 1064 537 1140 corporis
551 1064 625 1123 sicut
640 1074 684 1123 est
702 1066 898 1142 participative
913 1066 1106 1137 rationalis,'
1083 1084 1124 1124 sic

10 1192 33 1235 ι
64 1171 199 1223 meretur
213 1179 340 1238 poenam
355 1161 399 1219 vel
412 1162 561 1237 gaudium,
576 1174 607 1220 ut
627 1173 736 1222 tactum
753 1173 797 1223 est
817 1164 853 1222 de
872 1164 1002 1222 homine.
1045 1163 1126 1223 Sicut

10 1292 32 1365 3
64 1276 145 1337 ergo
159 1270 299 1337 repugnat
314 1259 427 1318 divinae
442 1260 601 1319 liberalitati
616 1270 703 1337 atque
720 1261 855 1337 justitiae,
870 1261 951 1337 quod
964 1280 1027 1322 non
1042 1273 1125 1320 erunt

10 1390 16 1430 Ι
65 1373 216 1436 personae
230 1357 383 1415 hominum
398 1357 519 1416 finaliter
534 1359 718 1435 praemiatae,
733 1360 775 1418 sic
790 1354 893 1417 etiam⁰
908 1369 1050 1435 repugnat
1064 1377 1125 1435 quo

20 1454 112 1516 ad
136 1456 400 1515 remunerationem
426 1465 545 1514 naturae
571 1474 739 1533 corporeae
792 1455 880 1514 Unde
905 1454 971 1532 Job.
994 1457 1053 1514 xix.
1078 1455 1125 1514 ille

10 1596 17 1605 -.
67 1570 199 1636 magnus
223 1551 415 1629 philosophus
440 1554 580 1612 audenter
601 1556 718 1613 asserit:
749 1552 835 1612 ‘Scio
857 1554 937 1630 quod
958 1553 1125 1631 redemptor

66 1669 157 1712 meus
171 1652 246 1720 vivit,
261 1652 334 1710 etin
349 1651 510 1710 novissimo
525 1652 572 1711 die
588 1653 623 1711 de
644 1663 719 1712 terra
738 1661 949 1710 resurrecturus
964 1669 1037 1722 sum,
1052 1652 1126 1709 etin

64 1767 160 1811 carue
174 1767 240 1808 mea
253 1749 359 1808 videbo
376 1747 471 1807 Deum
491 1750 663 1808 salvatorem
681 1748 799 1809 meum!
841 1749 894 1808 Ει7
909 1750 1014 1807 talibus
1028 1749 1126 1807 multis

64 1849 245 1909 testimoniis
272 1865 340 1906 cum
368 1847 513 1905 evidentia
540 1849 662 1907 naturali
690 1849 854 1923 quietantur
883 1847 982 1905 fideles
1010 1848 1040 1904 in
1068 1847 1125 1905 isto

65 1947 193 2006 articulo
204 1946 281 2017 fidei,
292 1944 373 2022 quod
384 1945 481 2004 cuncti
495 1945 629 2006 homines
644 1956 711 2005 sunt
722 1957 782 2004 tam
793 1963 915 2022 corpore
928 1963 1016 2021 quam
1028 1947 1125 2003 anima

65 2046 234 2104 surrecturi.

510 2337 605 2396 CAP.
628 2335 691 2395 XL.

460 2485 619 2562 Dejudt'crb
633 2485 735 2541 ultimo.

111 2634 235 2694 illitum.
279 2632 354 2692 Satis
369 2633 483 2708 quietor
498 2633 528 2690 in
542 2633 599 2691 isto
614 2631 752 2702 articulo;
775 2631 827 2689 sed
843 2631 898 2701 dic,
914 2649 997 2708 rogo,
1012 2631 1124 2701 clarius,

66 2744 161 2811 quare
182 2741 298 2809 oportet
318 2749 383 2790 esse
405 2749 497 2789 unum
512 2730 667 2787 universale
677 2729 821 2805 judicium
843 2729 1014 2800 ultimatum,
1030 2741 1058 2788 et
1076 2731 1124 2789 ubi

67 2832 124 2890 erit
138 2841 167 2890 et
181 2830 310 2907 quando

112 2927 275 2987 Phrenesis.
317 2926 388 2985 Non
403 2926 523 2984 dubium
538 2926 609 3001 quin
623 2926 675 2983 erit
689 2943 780 2982 unum
795 2924 958 2983 ultimatum
975 2925 1125 3000 judicium,
1160 2954 1182 3016 νι
1199 2943 1232 3017 '⁶⁰2¹
1241 2953 1315 3017 ufflm

67 3025 167 3105 quod⁰
186 3034 305 3084 vocatur
324 3024 404 3082 ‘dies
419 3023 548 3081 Domini'
568 3023 600 3080 in
621 3022 769 3097 scriptura,
788 3022 858 3096 quia
879 3023 951 3079 sicut
971 3022 1125 3080 adversarii

69 3133 229 3183 tractantes
248 3121 285 3181 de
304 3140 377 3199 pace
399 3138 501 3179 eorum
521 3120 669 3178 ascribunt
687 3118 805 3176 habenti
825 3135 879 3192 pro
899 3117 945 3175 die
965 3117 1013 3175 illo
1034 3119 1125 3177 victo·

67 3223 153 3292 riam,
183 3221 260 3281 diem
288 3216 394 3290 illum⁰,
419 3229 498 3295 patet
526 3216 737 3284 rationabiliter,
764 3233 831 3273 cum
856 3213 1002 3272 Dominus
1030 3215 1126 3273 tunc¹⁰

70 3319 195 3378 finaliter
219 3318 397 3396 praevalebit
422 3327 525 3375 contra
547 3316 696 3373 diabolum
722 3330 756 3370 ac
784 3311 884 3369 omnia
908 3313 1041 3370 membra
1062 3332 1124 3385 sua,

69 3418 153 3494 quod
168 3418 215 3476 illa
225 3428 345 3477 vocetur
359 3416 440 3475 ‘dies
451 3413 573 3473 Domini
581 3413 598 3483 ;'
620 3422 649 3470 et
664 3411 719 3470 sub
733 3412 787 3469 ista
802 3428 853 3485 spe
867 3408 967 3468 fideles
981 3411 1124 3470 humiliter

68 3516 194 3575 tolerant
214 3516 334 3592 injurias
355 3514 410 3572 sibi
431 3512 530 3580 lactas,
551 3510 702 3568 credentes
724 3508 803 3585 quod
825 3520 894 3567 tunc
916 3519 1000 3567 erunt
1020 3510 1123 3568 rectifi-

69 3624 153 3674 catae
177 3613 215 3672 ad
239 3613 359 3690 plenum
384 3622 413 3669 et
437 3609 642 3686 gratiosissime
665 3607 819 3683 judicatae.
861 3605 899 3663 Et
922 3616 1065 3681 quantum
1086 3607 1123 3665 ad

103 3760 155 3810 ιιιι
166 3758 246 3824 fine]'
239 3775 264 3808 m
276 3757 359 3812 finem,
370 3757 399 3805 Β.
409 3755 448 3805 ed.
460 3770 497 3819 pr
563 3752 697 3817 ’ratione]
710 3751 864 3808 liberalitate,
875 3750 968 3800 Α...Βο
1044 3749 1124 3799 ¹inli-

69 3825 162 3890 nitate]
180 3825 299 3879 infinitae
316 3823 377 3873 ΒΕ
394 3821 505 3913 primae
505 3835 600 3874 manus,
617 3820 655 3869 ed.
673 3834 710 3883 pr.
879 3817 962 3865 ¹suos
992 3831 1042 3864 om.
1059 3816 1122 3865 A..B

69 3891 182 3957 ¹plene]
195 3907 245 3940 om.
257 3890 296 3938 ed.
308 3904 346 3953 pr.
494 3884 608 3948 ⁰etium]
620 3891 652 3939 et,
664 3884 702 3932 ed.
714 3899 750 3948 pr,
909 3879 961 3929 ⁰et
986 3896 1024 3935 ex,
1035 3879 1073 3930 ed
1085 3896 1122 3945 pr.

69 3956 174 4022 ⁰quod]
186 3956 255 4019 cujus
266 3964 372 4031 tempus,
385 3951 422 4001 ed.
435 3967 471 4016 pr,
575 3950 585 3978 ¹
601 3946 867 4010 adversarii-illum]
861 3963 877 3994 ι
885 3962 906 3996 e
917 3961 959 4009 qur
952 3944 1122 3995 'bellaverunt

69 4031 95 4073 et
113 4037 201 4086 pacem
220 4021 374 4086 pepigerunt,
394 4018 417 4066 ei
437 4017 478 4079 qui
496 4017 535 4065 die
553 4023 620 4064 certo
640 4013 769 4063 victoriam
790 4012 931 4076 reportavit.
949 4010 1035 4060 diem·
1052 4010 1122 4060 illum

68 4087 204 4138 ascribunt.
304 4085 322 4115 ⁰
304 4081 410 4146 tunc]
423 4098 472 4131 om.
486 4080 578 4131 A.B..C
