2864 4836
63 442 146 488 cans
426 427 768 492 TRIALOGUS.
1213 436 1254 521 83

63 683 149 744 Deus
161 696 261 746 tamen
276 705 337 747 non
351 699 394 748 est
408 707 463 767 pro
478 690 527 748 illo
542 691 666 761 instanti,
678 692 751 751 sicut
765 702 809 752 est
822 694 950 752 mundus
965 711 1032 751 cum
1047 712 1118 770 qua·

60 782 135 843 libet
148 785 212 861 ejus
227 795 317 862 parte.
1136 800 1138 835 ⁴

63 587 240 659 naturaliter,
253 607 315 649 non
329 601 428 650 tamen
442 602 486 650 est
502 592 697 668 temporaliter
707 603 773 652 ante
788 593 866 664 illud,
879 596 952 653 sicut
963 613 1016 654 nec
1028 594 1119 656 Deus.
1136 588 1140 739 Ι
1325 540 1328 685 i

1325 734 1327 767 l

503 978 599 1039 CAP.
622 981 678 1039 111.

276 1171 283 1185 ,
324 1115 370 1175 De
383 1120 570 1193 compositione
583 1139 676 1178 rerum
691 1129 858 1180 creatarum.

104 1245 243 1305 Psmttri.
286 1247 470 1324 Impossibile
490 1267 578 1326 saepe
597 1252 729 1322 assumis,
744 1253 825 1329 quod
845 1254 1016 1312 continuum
1036 1273 1119 1313 com·
1152 1274 1269 1358 temp

61 1344 182 1420 ponitur
201 1363 238 1403 ex
257 1363 318 1404 non
338 1347 462 1423 quantis,
478 1347 558 1423 quod
578 1348 739 1407 Aristoteles
758 1367 846 1426 saepe
861 1351 996 1426 reprobat
1016 1362 1119 1410 contra
1152 1358 1296 1433 {2333ng

61 1441 208 1500 Platonem
232 1453 320 1520 atque
343 1443 541 1515 Democritum,
563 1447 623 1505 imo
649 1448 733 1507 vivax
755 1449 829 1507 ratio
850 1465 885 1506 ac
907 1448 1117 1509 demonstratio

61 1539 283 1600 mathematica¹
297 1541 367 1601 illud
381 1542 477 1602 docet.
972 1597 974 1601 ,

104 1637 269 1698 Phroneni.
311 1639 431 1699 Certum
446 1640 558 1700 videtur
572 1642 760 1718 sapientibus,
778 1643 853 1701 sicut
873 1644 903 1701 in
919 1643 1117 1714 Arithmetica,

61 1737 150 1797 sicin
164 1735 334 1796 Geometria
352 1749 382 1797 et
401 1740 504 1799 ceteris
524 1740 661 1809 scientiis,
676 1749 817 1816 quantum
836 1740 993 1816 componi²
1004 1759 1042 1798 ex
1056 1758 1117 1799 non

60 1836 186 1912 quantis,
206 1853 281 1912 quae
302 1846 417 1913 oportet
438 1855 503 1896 esse
524 1838 665 1913 principia
683 1837 882 1913 cujuscunque
902 1839 1066 1915 compositi,
1086 1839 1117 1896 in

60 1944 174 1992 tantum
193 1934 274 2011 quod
293 1932 383 1994 homo
403 1952 464 1994 non
483 1945 583 2014 posset
598 1952 672 2004 esse,
687 1935 742 1993 nisi
761 1952 829 1993 cum
848 1952 972 2010 corpore
991 1953 1114 2012 compo·

60 2032 138 2090 nitur
158 2049 197 2089 ex
218 2032 327 2108 spiritu,
342 2033 392 2108 qui
413 2033 487 2091 inter
508 2044 618 2093 ceteras
640 2043 736 2109 partes
757 2032 884 2091 hominis
905 2035 1052 2092 maximus
1072 2043 1117 2092 est

60 2130 173 2189 virtute.
225 2129 263 2189 Et
288 2148 480 2207 quaecunque
505 2131 666 2190 substantia
694 2130 839 2190 sensibilis
867 2132 1055 2207 componitur
1079 2150 1115 2189 ex

59 2227 185 2305 genere⁸
198 2238 228 2287 et
241 2228 305 2305 ejus
320 2228 491 2298 differentia,
502 2247 577 2305 quae
592 2239 659 2288 sunt
673 2228 859 2288 indivisibiles
873 2246 933 2305 quo
944 2229 983 2289 ad
997 2228 1114 2288 molem.

60 2325 131 2385 Feci
152 2335 250 2385 autem
272 2328 387 2404 saepius
408 2326 484 2385 hanc
506 2327 696 2397 evidentiam3
729 2327 859 2403 capiatur
879 2325 907 2384 Α
928 2328 1050 2402 corpus⁴
1071 2327 1115 2386 vel

60 2424 259 2501 quodcunque
279 2425 459 2495 continuum,
474 2435 502 2483 et
521 2425 609 2484 not0⁶
626 2442 731 2483 omnes
749 2420 811 2501 ejus
829 2434 935 2500 partes,
954 2441 992 2483 ex
1010 2425 1115 2501 quibus

60 2523 256 2598 componitur,
277 2533 307 2581 et
328 2540 437 2600 quaero
456 2523 582 2591 ulterius,
601 2532 697 2580 utrum
718 2532 785 2581 sunt
803 2521 989 2581 indivisibiles
1006 2532 1036 2582 et
1053 2539 1114 2580 non

58 2629 197 2696 quantae,
213 2620 259 2679 vel
278 2620 433 2680 divisibiles
447 2632 533 2697 atque
547 2638 681 2697 magnae,
697 2619 741 2678 vel
756 2620 860 2696 partim
882 2620 923 2678 sic
945 2620 989 2678 et⁸
1007 2621 1114 2696 partim

58 2719 109 2778 sic.
153 2716 184 2776 si
197 2718 293 2794 primo
308 2719 400 2778 modo
415 2728 464 2778 aut
475 2719 559 2777 tertio
570 2718 779 2795 componittu⁷,
791 2717 912 2776 habetur
922 2718 1113 2795 propositum,
1170 2788 1174 2795 A

46 2816 170 2876 scilicet
180 2816 261 2891 quod
277 2816 449 2876 continuum
463 2816 649 2892 componitur
664 2834 701 2875 ex
715 2834 777 2874 non
788 2816 905 2892 quantis
913 2835 921 2887 ;
944 2816 968 2874 si
982 2817 1113 2876 secundo

57 2914 160 2985 mode,
183 2924 253 2972 tunc
273 2932 378 2973 omnes
403 2914 468 2973 illae
492 2924 588 2990 partes
613 2923 643 2973 et
665 2914 810 2989 quaelibet
835 2932 933 2972 earum
955 2923 999 2972 est
1020 2913 1115 2973 divisi-

57 3012 123 3072 bilis
149 3012 179 3070 in
204 3022 300 3088 partes
324 3011 482 3081 ulteriores,
507 3028 578 3087 ergo
603 3029 741 3070 numerus
765 3011 876 3070 illarum
899 3012 1062 3088 assignatus
1085 3014 1114 3070 in

56 3108 217 3187 principi0⁸
236 3127 297 3169 non
317 3122 360 3169 est
380 3127 519 3169 uumerus
538 3109 633 3169 totalis
647 3109 780 3168 omnium
800 3110 926 3185 partium
941 3109 969 3167 A
984 3109 1113 3185 signati⁹.

57 3206 95 3266 ln
109 3209 165 3267 ista
178 3216 276 3267 autem
289 3208 482 3284 responsione
498 3224 635 3283 suppono
650 3225 718 3266 cum
732 3207 893 3283 Augustino
907 3217 936 3264 et
950 3206 1008 3266 tide
1022 3207 1113 3283 scrip-

58 3317 150 3375 turae,
162 3305 241 3382 quod
252 3307 325 3365 sicut
335 3304 418 3364 Deus
429 3304 498 3363 vidit
512 3315 617 3364 cuncta
628 3322 702 3380 quae
717 3304 832 3374 iecerat,
845 3305 886 3362 sic
898 3303 1112 3362 distinctissime

59 3403 192 3480 intelligit
214 3421 319 3463 omnes
339 3414 436 3480 partes
458 3403 657 3480 cujuscunque
679 3402 817 3471 continui,
834 3403 876 3459 sic
897 3401 977 3475 quod
992 3418 1053 3457 non
1068 3411 1112 3458 est

57 3502 127 3561 dare
141 3501 290 3560 ulteriores
304 3502 350 3560 vel
364 3501 434 3560 alias
449 3501 545 3576 ipsum
560 3500 730 3558 continuum
741 3508 974 3574 componentes;
1000 3506 1028 3555 et
1043 3498 1085 3556 sic
1091 3498 1112 3531 ¹⁰

55 3599 169 3658 videtur
179 3600 251 3657 ratio
262 3598 348 3675 plane
359 3598 526 3675 procedere.
556 3596 619 3654 Εῑ11
630 3606 772 3673 quantum
783 3596 822 3654 ad
832 3605 943 3654 textum
952 3596 1111 3654 Arcitotelzi

55 3707 85 3757 ct
105 3714 226 3756 suorum
245 3699 422 3774 sequacium,
443 3706 530 3772 patet,
550 3693 631 3772 quod
650 3712 711 3753 non
730 3694 797 3753 facit
816 3694 914 3764 fidem,
934 3712 1002 3753 cum
1021 3712 1110 3770 saepe

88 3895 98 3924 ¹
114 3892 301 3958 mathematica]
313 3867 498 3958 methaphisica.
510 3893 570 3943 ΒΩ.
582 3891 620 3942 ed.
632 3907 669 3956 pr.
843 3890 853 3919 ¹
869 3888 997 3954 componi]
1010 3888 1109 3952 quod-

54 3959 222 4036 componitur,
235 3958 283 4015 1).;
295 3959 460 4034 componitur,
472 3959 510 4008 ed.
522 3973 559 4022 pr.
571 3972 627 4006 cum
640 3957 668 4006 B.
680 3957 898 4083 primazmcznutslg]
911 4035 942 4068 ω
971 3953 1108 4068 1:speetrlrererl

52 4024 314 4166 ξριῗὲἓῑέὁοξῖἓιω
326 4025 356 4074 Ο
367 4039 567 4152 Rugiievgiffis’
579 4022 620 4115 D}
637 4085 804 4151 componitur]
817 4035 972 4137 coireediturrl.)
979 4055 1008 4133 C:
1021 4084 1060 4133 ed.
1071 4034 1108 4148 gr.
1124 4096 1127 4131 t

52 4158 62 4185 ⁸
80 4157 109 4232 in
117 4153 256 4266 pnncipitg
266 4170 315 4203 om.
329 4155 380 4248 λῃ
426 4153 436 4182 ’
453 4155 477 4202 Α
490 4152 591 4217 signati]
604 4153 750 4217 assignatus,
763 4151 871 4203 A.B.C.;
883 4149 1008 4213 assignati,
1020 4149 1059 4198 ed.
1070 4163 1107 4212 pr.
1123 4142 1126 4267 Ι

53 4223 73 4252 ¹⁰
90 4219 138 4284 src]
151 4227 218 4274 tuuc,
258 4255 264 4267 .
399 4218 444 4282 Et]
456 4234 506 4267 orn.
520 4218 558 4268 ed.
570 4234 607 4282 pr.

555 4317 605 4357 Ga
