2864 4836
596 402 851 482 Joavrvrs
891 402 1100 464 vvrcm
1299 423 1382 460 mu.

329 570 424 645 aliqua
438 579 518 645 parte
533 569 633 643 magni
647 568 787 644 temporis
795 586 803 638 ;
826 577 854 625 et
869 565 1064 642 supponendo
1078 565 1220 636 secundo,
1236 564 1320 642 quod
1334 581 1380 621 res

328 679 397 726 tunc
419 667 526 743 incepit
547 685 620 736 esse,
643 665 761 741 quando
782 682 837 741 pro
859 665 956 741 aliquo
977 663 1094 723 instanti
1115 664 1258 740 temporis
1278 674 1334 733 est,
1354 672 1381 719 et

328 775 394 824 ante
416 765 485 822 illud
506 782 568 822 non
589 763 657 834 fuit;
687 774 757 822 tunc
778 780 832 838 pro
853 762 949 839 primo
969 762 1087 820 instanti
1108 761 1226 819 mundi¹
1250 760 1378 819 mundus

328 864 436 938 incipit,
451 863 520 937 quia
534 879 587 938 pro
602 861 651 919 illo
671 861 788 919 instanti
808 858 935 918 mundus
954 870 1006 930 est,
1021 870 1051 918 et
1069 870 1136 918 ante
1155 859 1226 917 illud
1241 857 1378 919 nonfuit.

329 961 410 1020 Deus
425 971 522 1019 autem
533 960 599 1017 licet
614 960 650 1017 sit
664 959 694 1016 in
708 958 757 1016 illo
772 958 898 1027 instanti,
914 967 943 1016 et
957 967 1024 1017 ante
1038 956 1107 1016 illud
1122 958 1234 1016 instans
1249 975 1312 1016 non
1327 956 1379 1015 fuit

328 1059 490 1118 secundum
509 1057 597 1115 fuisse
617 1056 821 1124 successivum,
837 1073 898 1114 non
918 1065 1016 1113 tamen
1030 1055 1101 1113 mihi
1120 1056 1234 1115 videtur
1248 1056 1377 1130 incipere

328 1155 408 1215 esse²
422 1173 476 1232 pro
490 1155 538 1213 illo
552 1155 679 1222 instanti,
694 1172 762 1211 cum
776 1171 837 1211 non
856 1162 952 1229 potest
966 1163 1098 1229 tempore
1112 1153 1158 1212 vel
1171 1153 1291 1211 instanti
1307 1163 1378 1210 tem·

328 1255 407 1330 poris
428 1253 596 1311 mensurari.
639 1251 677 1308 Et
698 1252 739 1309 sic
760 1251 839 1310 aliud
858 1262 903 1309 est
923 1269 988 1310 esse
1010 1253 1040 1310 in
1060 1251 1178 1310 instanti
1196 1250 1339 1326 temporis
1352 1259 1380 1307 et

139 1371 294 1455 pgpppgpmns
328 1371 392 1412 esse
413 1362 468 1426 pro
491 1351 607 1410 instanti
628 1350 776 1424 temporis.
818 1348 949 1407 Mundus
973 1358 1070 1407 autem
1090 1359 1120 1408 et
1140 1348 1288 1426 quaelibet
1313 1364 1379 1425 pars

328 1453 391 1529 ejus
412 1460 455 1509 est
477 1466 530 1525 pro
550 1449 599 1506 illo
620 1447 731 1522 primo³
751 1447 867 1505 instanti
888 1448 1036 1522 temporis,
1052 1446 1105 1505 sed
1125 1465 1187 1506 non
1201 1445 1293 1517 Deus,
1313 1463 1378 1505 cum

329 1548 472 1624 quaelibet
485 1564 553 1623 pars
572 1545 674 1603 mundi
693 1554 813 1615 creatur,
828 1556 856 1603 et
875 1544 957 1604 Deus
975 1555 1019 1603 est
1038 1545 1209 1614 increabilis,
1225 1563 1293 1603 cum
1313 1561 1374 1601 non

328 1655 424 1722 potest
438 1645 564 1720 incipere
579 1644 710 1713 existere,
725 1643 769 1700 vel
784 1643 891 1701 habere
905 1660 970 1702 esse
990 1652 1056 1702 ante
1075 1643 1261 1703 existentiam
1281 1651 1378 1701 actua-

328 1745 394 1803 lem.
437 1741 570 1801 Concedi
581 1751 679 1800 tamen
690 1750 795 1816 potest,
809 1741 889 1816 quod
900 1741 1038 1800 continue
1049 1750 1117 1817 post
1128 1741 1257 1817 primum
1268 1741 1380 1800 instans

328 1861 392 1902 esse
406 1841 509 1900 mundi
522 1849 567 1900 est
580 1856 689 1910 verum,
704 1838 784 1914 quod
798 1837 879 1898 Deus
893 1837 945 1898 fuit
959 1845 1022 1897 ante
1035 1837 1105 1898 illud
1119 1839 1240 1908 instans,
1253 1839 1306 1898 sed
1320 1855 1379 1896 non

329 1940 524 2016 temporaliter
537 1939 583 1996 vel
603 1938 780 2005 variabiliter,
802 1937 862 1995 imo
882 1938 1047 1996 naturaliter
1065 1947 1095 1996 et
1115 1937 1271 1996 causaliter
1292 1937 1379 2014 prius.

328 2038 537 2096 Verumtamen
554 2037 576 2094 si
591 2052 722 2093 essemus
740 2035 770 2092 in
790 2035 885 2110 primo
905 2035 1023 2095 instanti
1043 2035 1153 2106 mundi,
1168 2044 1240 2095 tunc
1260 2045 1380 2093 nonest

329 2137 376 2206 ita,
392 2134 443 2193 sed
458 2135 556 2208 zira'pit
568 2134 606 2190 ita
625 2149 698 2201 esse,
714 2132 795 2208 quod
808 2131 890 2190 Deus
904 2131 1038 2192 saltante
1052 2133 1156 2209 quam⁴
1170 2133 1300 2192 muudus
1319 2132 1379 2190 suit.

329 2233 367 2294 Et
381 2233 423 2291 sic
437 2231 547 2289 videtur
568 2230 695 2288 mundus
712 2241 742 2288 et
759 2239 855 2305 partes
874 2231 992 2290 mundi⁵
1009 2232 1088 2308 prius
1107 2230 1275 2290 naturaliter
1293 2229 1380 2289 fuisse

329 2341 396 2389 ante
410 2330 479 2388 illud
489 2330 609 2397 instans,
624 2328 705 2386 etsie
717 2328 826 2398 melior,
838 2329 960 2400 brevior,
972 2347 1008 2388 ac
1020 2329 1255 2388 convenientior⁰
1269 2329 1381 2387 videtur

328 2447 393 2487 esse
412 2428 460 2487 illa
478 2427 617 2504 loquutio,
638 2443 726 2502 quam
746 2426 885 2501 pictaciae
904 2426 1106 2502 superadditae
1125 2426 1319 2503 expositioni'
1337 2427 1381 2484 in·

329 2527 483 2604 ceptionis,
506 2525 586 2602 quod
610 2525 657 2583 illa
681 2524 853 2600 propositio,
881 2523 978 2582 ‘Deus
1004 2525 1103 2600 incipit
1127 2521 1205 2583 esse'
1228 2524 1316 2584 debet
1340 2524 1380 2582 sic

328 2626 444 2702 exponi,
461 2624 559 2682 ‘Deus
573 2633 624 2692 est,
637 2632 665 2679 et
683 2638 744 2678 nou
762 2620 823 2690 fuit,
835 2623 858 2679 si
878 2622 985 2698 aliquid
1004 2621 1055 2681 fuit
1064 2622 1081 2694 ;’
1103 2635 1165 2680 tum
1179 2623 1248 2698 quia
1264 2623 1380 2698 ‘incep-

329 2721 428 2782 tionis'
457 2721 629 2797 significatio
657 2721 788 2788 variatur,
817 2737 884 2776 cum
910 2721 993 2796 juxta
1023 2721 1107 2781 istam
1137 2720 1379 2796 significationem

330 2819 474 2896 quaelibet
488 2829 618 2877 creatura
638 2834 752 2893 semper
770 2816 916 2892 inciperet,
932 2828 993 2876 tum
1013 2821 1099 2877 etiam
1120 2819 1189 2894 quia
1208 2819 1381 2893 generaliter

330 2928 373 2976 est
388 2918 513 2992 inceptio
528 2917 650 2975 univoce
666 2913 879 2974 describenda⁸.
921 2915 959 2974 Et
978 2917 1018 2975 ita
1036 2917 1091 2975 ista
1109 2917 1273 2992 propositio
1288 2913 1380 2974 ‘ante’

330 3014 399 3072 dicit
427 3015 584 3089 aequivoce
612 3031 690 3070 nunc
719 3011 898 3087 prioritatem
926 3014 1037 3074 ordinis
1065 3014 1218 3073 naturalis⁹
1245 3026 1275 3074 et
1302 3031 1381 3073 nuuc

329 3113 506 3189 prioritatem
529 3112 675 3186 temporis,
698 3110 780 3169 utin
802 3113 984 3189 expositione
1006 3113 1187 3189 inceptionis.
1232 3111 1263 3171 Si
1284 3124 1381 3172 autem

330 3211 394 3287 quis
409 3209 591 3268 contenderit
601 3209 677 3267 circa
691 3212 912 3288 repugnantiam
925 3211 986 3287 Jam
1001 3210 1153 3280 dictorum,
1164 3222 1261 3287 potest
1272 3210 1383 3269 latius¹⁰

329 3309 490 3384 exprimere
505 3307 582 3365 illam
597 3309 874 3382 aequivocationem,
890 3318 921 3365 ut
935 3309 959 3366 si
974 3326 1020 3366 res
1039 3309 1139 3384 incipit
1158 3326 1233 3378 esse,
1247 3321 1318 3367 tunc
1337 3321 1381 3366 est

329 3425 383 3483 pro
403 3407 499 3482 aliquo
518 3406 634 3464 instanti
653 3407 801 3481 temporis,
820 3416 849 3464 et
870 3424 931 3463 non
951 3417 1017 3464 ante
1033 3406 1103 3464 illud
1123 3406 1320 3481 temporaliter
1336 3416 1381 3464 est

330 3505 373 3561 vel
388 3506 536 3573 instanter,
551 3504 619 3579 quia
633 3503 760 3562 mundus
774 3515 818 3563 est
832 3515 899 3563 ante
915 3504 984 3562 illud
998 3505 1118 3573 instans,
1135 3502 1227 3579 quia¹¹
1244 3514 1290 3563 est
1303 3504 1382 3580 prius

310 3730 313 3769 ⁵
363 3741 369 3768 ¹
389 3741 485 3805 mundi]
498 3757 547 3790 om.
560 3742 598 3791 ed.
611 3757 647 3806 pr.
812 3742 821 3769 ²
837 3741 898 3790 mihi
910 3742 1005 3790 videtur
1017 3741 1124 3805 incipere
1136 3739 1202 3804 esse]
1215 3740 1313 3790 videtur
1323 3740 1382 3790 mihi

310 3792 313 3845 Ι
329 3821 389 3862 esse,
402 3806 443 3862 D..
457 3807 495 3856 ed.
507 3822 544 3870 pr.
706 3806 715 3835 ³
731 3807 776 3856 illo
787 3807 880 3872 primo]
893 3807 982 3871 primo,
994 3823 1043 3855 om.
1056 3806 1094 3854 ed.
1106 3821 1158 3870 pr.;
1170 3805 1214 3855 illo
1227 3821 1277 3854 om.
1291 3807 1382 3856 Aue.

329 3870 337 3898 ¹
353 3879 411 3920 ante
422 3871 508 3936 quam]
520 3878 562 3920 aut
574 3872 648 3935 quod.
661 3871 699 3921 ed.
711 3887 748 3936 pr.
880 3873 889 3901 ⁵
905 3872 1010 3920 mundus
1021 3879 1045 3920 et
1058 3881 1140 3935 partes
1152 3870 1252 3935 muudi]
1265 3871 1383 3920 mundum

330 3942 353 3984 et
366 3943 450 4000 partes
462 3936 554 3992 mundi,
568 3937 596 3986 B.
607 3937 645 3986 ed.
658 3953 710 4001 pr.;
730 3953 786 4002 pars
798 3937 891 3992 mundi,
903 3938 935 3985 Α.
988 3937 998 3965 ⁶
1014 3935 1210 4000 convenientior]
1223 3936 1384 3990 communior,

329 4002 367 4051 ed.
380 4017 417 4065 pr.
515 4000 524 4030 ¹
540 4002 698 4066 expositioni]
712 4002 883 4067 expositiones,
896 4002 929 4051 D.
994 4001 1004 4029 ⁸
1020 4000 1193 4065 describenda]
1205 4001 1383 4056 distribuens

330 4066 367 4119 B..
379 4067 409 4115 C.
420 4066 459 4114 ed.
469 4082 505 4130 pr.
594 4067 604 4094 ⁹
621 4066 848 4130 nunc-naturalis]
860 4083 925 4117 nunc
936 4067 1088 4131 prioritatem
1100 4066 1200 4121 ordinis,
1211 4066 1274 4116 alias
1284 4066 1386 4131 originis

329 4130 454 4185 naturalis,
466 4132 504 4181 ed.
515 4146 568 4195 pr.;
585 4131 686 4196 originis
697 4131 821 4187 naturalis,
834 4133 864 4181 A.
932 4133 949 4161 ¹⁰
966 4131 1051 4195 latius]
1064 4131 1167 4194 logicus,
1180 4131 1212 4180 D.
1281 4133 1299 4163 ¹¹
1316 4130 1384 4195 quia]

311 4181 314 4250 l
330 4195 404 4257 quod,
416 4196 454 4245 ed.
466 4212 502 4259 pr.
515 4212 570 4246 cum
583 4198 612 4246 C.
624 4197 717 4260 primae
729 4213 821 4246 manus.
