2864 4836
502 399 757 480 Joartms
790 400 1022 466 talcar!
1209 426 1283 465 ιιιιι.

231 564 423 625 communiter
436 565 467 624 in
483 565 577 642 juato¹
591 575 725 643 tempore
737 582 807 627 cum
820 566 972 627 solemni·
985 568 1114 647 ieiunio
1128 588 1198 632 cum
1208 568 1286 629 rufi

231 674 261 722 et
273 663 336 722 aliia
350 663 459 735 ritibus,
472 664 523 740 qui
537 662 614 722 istud
628 662 790 740 spirituale¹
805 663 1007 724 ministerium
1027 666 1183 729 eeclesiae
1198 666 1285 727 ὼ

231 763 314 820 niset.
357 758 445 820 Unde
459 760 563 821 dicitur
581 760 775 821 communiter
792 760 875 838 quod
893 778 961 821 non
976 763 1073 824 datur
1092 765 1173 826 ordo
1189 764 1285 831 duim

69 868 80 893 ‘
126 900 130 908 -
231 861 287 919 nist
279 859 420 937 quando
434 861 591 937 episcopus
604 857 669 919 dat·
680 858 735 919 sibi
746 857 886 936 Spiritum
896 857 1062 935 suctum,
1074 860 1285 940 etbnprffl'n

231 968 360 1018 mentem
385 975 467 1018 suam
487 957 681 1029 characterem,
702 968 731 1017 et
751 957 798 1016 ille
818 967 863 1020 est
883 965 1004 1018 tantm
1024 960 1201 1023 indelebilis
1217 958 1286 1039 spi
1326 994 1328 999 ·

230 1056 297 1116 licet
310 1057 431 1116 clericus
444 1055 631 1133 degradetur¹
645 1055 690 1116 vel
708 1053 904 1132 quodcunque
923 1055 982 1114 abi
1001 1058 1139 1129 eveniat,
1152 1057 1284 1120 m

230 1153 457 1231 inseparabiliter
477 1153 667 1225 reservatur⁰;
697 1162 727 1213 et
746 1152 826 1213 idern
845 1161 889 1212 est
906 1151 1058 1229 judicium
1074 1155 1119 1216 de
1133 1155 1284 1217 metu

230 1252 372 1327 impresso
387 1252 418 1309 in
437 1251 619 1326 baptismate.
663 1249 722 1310 Sed
735 1249 773 1311 de
787 1249 945 1327 quidditate
958 1248 1169 1314 channen?
1180 1264 1225 1313 eat
1235 1252 1284 1313 tha

230 1350 326 1407 sensio
341 1349 420 1424 apud
434 1347 550 1419 multos,
565 1366 635 1408 cum
651 1347 771 1425 quidam
789 1346 890 1407 dicunt
903 1346 986 1424 quod
1005 1359 1054 1409 est
1067 1350 1202 1428 qualitas
1217 1350 1285 1411 etth

230 1445 307 1504 iacto
332 1444 432 1521 gratia,
454 1445 520 1504 licet
542 1446 651 1504 steterit
670 1462 739 1504 cum
762 1441 900 1506 mortali¹.
944 1442 1007 1505 Sed
1032 1448 1191 1509 concedat
1212 1446 1286 1508 uob'a

230 1542 313 1602 Deus
333 1542 420 1602 aliam
440 1542 572 1619 gratiam,
587 1560 656 1602 cum
676 1543 733 1602 iata
752 1542 783 1601 in
796 1541 894 1602 multis
916 1541 1093 1604 hominibus
1117 1544 1285 1607 dammudia

230 1651 260 1701 et
283 1639 442 1700 salvandis¹
462 1641 607 1700 viantibus
629 1640 700 1699 nihil
724 1639 816 1700 valeti
851 1640 925 1700 Aliis
945 1650 1049 1701 autem
1071 1643 1195 1705 videtur
1213 1640 1286 1721 quod

230 1740 380 1799 character
401 1739 437 1797 sit
457 1739 575 1815 signum
589 1736 763 1809 insensibile,
777 1754 838 1815 quo
859 1736 953 1797 fidelia
973 1738 1013 1797 ab
1034 1739 1096 1800 alio
1118 1743 1285 1802 multene

231 1837 401 1897 discernitur
411 1846 440 1896 et
449 1836 488 1894 ad
499 1835 673 1912 spirituale¹⁰
683 1834 985 1896 officiuminecclesia
994 1835 1143 1897 limitatur
1149 1857 1160 1912 3
1181 1837 1286 1899 etna

230 1946 274 1993 est
298 1933 336 1993 ad
360 1951 424 1993 esse
446 1932 510 1993 talis
531 1933 704 1993 characteris
728 1934 893 1993 constantia
916 1933 1041 2010 subjecti
1062 1943 1095 1994 et
1118 1936 1285 2012 praeteritio

230 2031 317 2090 officii
335 2033 529 2108 praeaccepti,
543 2048 619 2108 quae
640 2048 708 2091 cum
729 2031 787 2090 sint
807 2042 947 2108 perpetua
967 2039 996 2089 et
1016 2030 1203 2105 indelebilia,
1223 2033 1286 2095 etr·

230 2140 322 2190 racter
343 2139 442 2189 manet
460 2129 650 2189 indelebiliter
669 2128 827 2205 impressus
844 2129 875 2187 in
893 2128 1000 2187 anima
1041 2127 1200 2205 Baptana·
1211 2131 1286 2192 enin

230 2227 394 2287 charactere
410 2226 502 2285 fidelis
512 2229 550 2286 ab
565 2226 673 2286 infideli
684 2226 876 2303 distinguitur,
890 2244 926 2285 ac
940 2227 964 2285 si
978 2224 1017 2285 ad
1028 2223 1141 2287 Christi
1156 2229 1286 2291 militen

230 2325 265 2384 sit
279 2325 426 2400 signatum
455 2334 484 2384 et
502 2325 667 2384 charactere
685 2324 794 2382 ordairri
813 2324 935 2384 clericus
953 2334 1106 2400 separatur
1119 2343 1140 2385 a
1151 2325 1243 2397 laioo,
1253 2342 1286 2401 at

230 2424 254 2482 si
267 2440 305 2481 ex
326 2422 507 2482 ordinatione
522 2421 629 2482 Christi
650 2422 688 2481 ad
708 2421 837 2483 officium
857 2421 1001 2500 singulare
1022 2438 1115 2498 supra
1134 2422 1246 2484 laicum
1257 2425 1286 2483 ia

230 2520 353 2580 ecclesia
366 2522 402 2579 sit
416 2521 555 2596 signatus.
596 2519 634 2578 Et
648 2520 689 2579 sic
704 2520 896 2596 multiplicant
905 2518 1027 2596 quidam
1041 2519 1072 2577 in
1087 2520 1247 2583 ordinibus
1258 2531 1286 2580 et

231 2621 420 2678 sacramentis
442 2618 564 2677 multis¹¹
580 2617 769 2678 characteres.
811 2617 872 2677 Sed
885 2619 1007 2676 istorum
1021 2616 1231 2678 fundationem
1244 2617 1285 2677 vel

41 2744 132 2810 ¹25⁰„
230 2717 356 2777 fructum
370 2735 425 2775 nec
444 2718 475 2774 in
494 2716 635 2792 scriptura
649 2734 732 2775 sacra
745 2717 847 2775 necin
861 2714 1001 2774 ratione¹¹
1015 2715 1185 2778 considero.
1229 2717 1285 2777 Sed

54 2826 177 2892 ”amp
230 2833 322 2873 unum
343 2814 480 2872 audacter
500 2831 607 2883 assero,
628 2814 709 2889 quod
733 2815 764 2872 in
785 2813 928 2890 primitiva
952 2813 1075 2872 ecclesia
1097 2824 1132 2871 ut
1154 2823 1285 2892 tempore

110 2909 131 2972 1⁰
178 2905 190 2938 ¹·
231 2912 313 2972 Pauli
327 2913 503 2971 suffecerunt
517 2913 576 2971 duo
592 2911 710 2970 ordines
724 2911 895 2972 clericorum
909 2911 1018 2970 scilicet
1036 2912 1179 2972 sacerdos
1198 2926 1284 2989 atque

40 2984 59 3012 ἰ
74 2988 97 3013 ⁰⁰
146 2990 184 3016 ⁰'
230 3010 408 3069 diaconus¹³.
451 3008 615 3068 Secundo¹¹
641 3009 708 3069 dico
731 3008 812 3085 quod
837 3010 867 3068 in
891 3019 1025 3086 tempore
1053 3009 1210 3086 apostoli¹⁸
1233 3010 1285 3069 fuit

228 3108 308 3167 idem
336 3109 487 3183 presbyter
512 3118 598 3183 atquc
625 3108 800 3184 episcopus;
831 3116 911 3184 patet
935 3125 948 3165 1
973 3105 1105 3166 Timoth
1126 3108 1166 3167 ii'u
1191 3118 1221 3167 et
1247 3107 1285 3168 ad

230 3206 360 3266 Titumi.
401 3205 439 3263 Et
452 3204 530 3263 idem
544 3213 663 3263 testatur
676 3204 722 3263 ille
737 3204 900 3282 profundus
914 3202 1068 3280 theologus
1082 3201 1282 3280 Hieronymus,

229 3315 261 3365 ut
281 3313 360 3381 patet
380 3322 443 3363 xcv.
463 3303 529 3362 dist.
544 3320 607 3378 can
622 3301 764 3373 ‘Olim¹¹,'
779 3313 849 3362 tunc
869 3302 949 3360 enim
969 3318 1031 3361 non
1051 3299 1105 3360 luit
1127 3301 1284 3361 adinventa

229 3402 376 3462 distinctio
400 3418 494 3478 papae
519 3412 548 3460 et
571 3400 766 3472 cardinalium,
787 3399 1013 3478 patriarchamm
1038 3409 1068 3458 et
1087 3398 1283 3478 archiepiaeo·

263 3589 392 3718 [janah
377 3596 471 3645 sancto,
483 3589 576 3638 A...BC
588 3589 625 3637 ed.
637 3604 675 3654 pr.
751 3587 894 3652 ¹solemni]
907 3602 957 3637 om.
968 3586 998 3635 Β.
1009 3586 1132 3638 secundae
1141 3604 1239 3646 manus.
1250 3590 1280 3641 C.

228 3654 392 3719 ¹spirituae]
405 3654 518 3718 speciale,
531 3653 638 3710 A...;BC
657 3653 806 3730 episcopale.
817 3652 856 3702 ed.
868 3668 905 3717 pn
1037 3653 1118 3748 ΗΜ]
1131 3653 1182 3710 det
1195 3655 1234 3705 ed.
1246 3671 1281 3719 pr.

228 3721 347 3784 ¹egradd
347 3719 412 3781 etur]
500 3719 607 3775 daretur,
619 3719 712 3769 A...CB
725 3719 818 3783 primae
829 3733 925 3774 manna
935 3717 974 3767 ed.
986 3732 1024 3782 pr.
1132 3718 1281 3783 resonatur]

229 3792 320 3841 manet,
272 3721 365 3834 A.
367 3784 395 3833 B
397 3785 426 3834 C
401 3719 525 3848 Νῇηι.
595 3783 605 3812 ¹
622 3782 780 3847 characteris]
793 3784 939 3833 characteris
950 3782 1025 3839 illius.
1036 3782 1075 3833 ed.
1087 3798 1126 3848 pr.
1191 3785 1202 3815 ⁸
1218 3800 1281 3834 mon

230 3849 285 3913 nli]
297 3851 350 3900 scil
360 3856 477 3914 peccato;
496 3849 590 3907 motali,
601 3849 639 3898 ed.
652 3864 689 3914 pr.
755 3782 806 3899 ¹]et
818 3846 953 3912 salvandis]
965 3863 1016 3898 οιιι.
1028 3848 1123 3899 A...BC
1199 3851 1219 3881 ¹¹
1234 3849 1280 3915 spi·

229 3916 327 3980 rituale]
340 3914 450 3980 spetiale,
462 3914 500 3963 ed
512 3930 549 3978 pr.
616 3914 747 3991 ¹¹multis]
759 3930 809 3964 om
822 3912 883 3963 A..B
951 3913 1067 3962 ¹¹uecin
1079 3914 1188 3980 ratione]
1199 3916 1281 3965 necin

229 3982 348 4036 oratioue.
361 3980 381 4028 B
383 3979 502 4030 c-Fa
514 3994 551 4044 pr.
562 3994 613 4028 om.
634 3988 694 4030 ‘nec
705 3980 731 4028 in
743 3981 853 4029 ratione·
972 3980 990 4010 ¹
1007 3978 1137 4054 maecum]
1147 3980 1279 4044 dyaconus,

229 4045 285 4095 libri
297 4046 369 4097 MSS
467 4045 485 4076 ¹¹
502 4044 623 4110 secundo]
636 4045 754 4101 similiter,
765 4046 804 4095 ed.
816 4060 854 4109 pr.
931 4044 949 4075 ¹⁸
965 4043 1085 4109 apostoli]
1099 4045 1178 4102 Pauli.
1190 4045 1280 4096 ΑΒΕ.

229 4109 268 4158 ed.
280 4126 317 4174 pr
506 4110 548 4142 ¹¹
542 4109 682 4175 Olim’]E
699 4110 780 4166 istola,
792 4110 822 4171 85
834 4110 893 4160 dist.
904 4110 985 4166 C..;D
1004 4109 1153 4175 Hieronymi
1165 4109 1279 4161 vebaad

229 4175 279 4222 Tit.
289 4175 304 4224 i.
318 4186 332 4238 7
344 4175 441 4240 prolata
452 4175 478 4225 iu
490 4175 590 4225 Decreti
598 4183 668 4241 parte
679 4127 765 4225 fuist.
778 4190 830 4226 xcv.
843 4191 865 4225 c.
878 4189 900 4236 5.
913 4181 1064 4240 repetuntur.
