2864 4836
54 458 150 499 cam
413 432 756 496 TRIALOGUS.

55 597 190 674 quolibet
203 595 381 674 peccatore¹.
423 594 483 655 Sed
502 595 624 656 tolerare
643 613 809 672 possumus,
824 594 905 671 quod
918 593 967 653 hic
981 593 1111 654 Pseustis

56 695 102 756 sic
121 696 226 755 serviat
245 693 312 754 Deo
329 712 400 766 suo;
430 695 483 754 sed
502 695 541 753 ad
559 693 726 754 elidendum
745 711 828 752 suam
847 693 1014 770 superbiam
1030 692 1111 764 sciat,

56 794 142 872 quod
155 803 216 852 tarn
230 793 379 854 criminosi
397 793 427 850 in
441 793 489 852 via
506 810 595 869 quam
615 791 745 851 damnati
760 809 858 868 poena
871 800 1012 868 perpetua
1025 790 1113 849 nimis

57 892 168 971 injuste
181 902 268 968 atque
282 890 409 949 indebite
424 890 551 962 serviunt
564 889 631 948 Deo
646 906 717 962 suo;
740 907 810 949 narn
824 890 937 965 punitio
957 889 1016 949 sive
1030 889 1113 948 dam·

56 989 140 1050 natio
164 999 270 1049 estex
295 998 376 1065 parte
400 1007 453 1046 rua
477 988 591 1064 injusta,
617 999 647 1047 et
670 997 812 1064 quantum
837 987 876 1046 ad
902 987 1113 1046 institutionem

57 1087 226 1166 generalem
247 1086 368 1146 humani
387 1088 503 1163 generis
524 1088 592 1147 satIs
613 1087 748 1158 indebita,
767 1088 819 1146 sed
840 1098 982 1163 quantum
1003 1085 1041 1145 ad
1056 1085 1113 1145 Dei

53 1186 198 1266 justitiam
218 1196 247 1245 et
264 1197 377 1246 reatum
396 1186 589 1245 innaturalem
610 1185 757 1261 peccantis
778 1185 882 1245 dicitur
903 1203 969 1244 esse
988 1186 1065 1261 justa
1084 1195 1114 1243 et

56 1284 130 1344 satis
150 1284 256 1355 debita,
279 1301 334 1343 nec
354 1282 414 1343 est¹
431 1284 641 1342 inconveniens
662 1282 716 1342 sed
736 1301 844 1353 verum,
860 1283 940 1360 quod
961 1283 1040 1343 idern
1062 1283 1115 1343 sit³

54 1383 168 1462 Justum
181 1393 210 1441 et
224 1381 364 1460 injustum
378 1380 539 1441 secundum
553 1381 699 1458 disparem
713 1381 865 1440 rationem.

469 1902 565 1964 CAP.
586 1901 701 1962 XVIII.

514 2078 661 2138 Avaritia.

103 2249 224 2310 Alalhaia
266 2249 446 2328 Prosequere
461 2249 498 2310 de
512 2261 635 2327 peccato
649 2251 791 2321 avaritiae,
806 2261 835 2311 et
849 2249 973 2310 dormiat
985 2248 1114 2309 Pseustis

60 2359 171 2418 mess
186 2349 255 2424 quia
268 2359 347 2408 certa
360 2367 426 2407 sum
440 2367 477 2407 err
492 2349 558 2420 lide,
570 2348 651 2424 quod
665 2360 800 2425 potentes
814 2359 842 2407 et
857 2348 1017 2424 specialiter
1031 2365 1115 2425 prae·
1219 2402 1237 2426 m
1272 2432 1276 2442 .

59 2447 111 2506 lati
123 2446 269 2517 Caesarei,
279 2447 376 2505 vicarii
390 2446 549 2506 antichristi
564 2457 697 2523 potenter
706 2457 851 2506 tormenta
865 2447 1016 2522 pellentur,
1030 2457 1059 2505 et
1074 2446 1115 2505 sic
1149 2444 1161 2467 ⁰
1200 2442 1257 2468 ‘'¹¹¹''
1272 2443 1289 2467 ¹¹

61 2545 185 2604 servitus
212 2562 265 2603 sua
289 2545 341 2603 erit
368 2554 483 2620 potens,
507 2554 607 2620 parata
631 2553 660 2602 et
682 2544 759 2620 justa
783 2544 873 2602 modo
897 2561 958 2620 quo
983 2544 1115 2620 superius

61 2640 224 2701 declarasti.
267 2640 327 2700 Sed
347 2642 479 2713 mussito,
494 2642 646 2718 quomodo
667 2642 817 2718 apostolus
838 2641 915 2701 dicat
936 2660 948 2700 1
967 2641 1047 2700 Tim.
1062 2641 1115 2698 vi:

62 2738 163 2816 ‘quod
176 2739 257 2798 radix
272 2740 406 2799 omnium
420 2740 564 2799 malorum
579 2752 623 2799 est
634 2740 795 2817 cupiditas‚'
810 2758 878 2800 curn
892 2741 1004 2800 initium
1019 2741 1115 2799 omnis

62 2839 177 2916 peccati
200 2838 236 2897 sit
262 2839 405 2913 superbia
448 2837 486 2898 Et
511 2839 593 2914 juxta
617 2849 667 2899 tua
695 2839 772 2899 dicta
798 2841 939 2916 superins,
963 2849 1115 2916 peccatum

62 2935 232 2995 omissionis
246 2945 291 2995 est
305 2935 431 3011 primum
446 2933 603 2994 omnium⁴.

64 3113 66 3116 y
105 3032 268 3091 Phrenesis.
310 3032 462 3105 Quantum
481 3034 519 3093 ad
533 3034 642 3093 dictum
661 3035 794 3110 apostoli,
808 3035 919 3094 videtur
938 3034 1016 3106 mihi,
1036 3033 1116 3111 quod

63 3131 211 3207 intelllgit⁶
235 3130 313 3190 mala
336 3131 484 3190 militantis
508 3132 656 3202 ecclesiae,
682 3133 845 3209 cujusmodi
874 3132 982 3191 malum
1010 3132 1062 3191 luit
1087 3133 1116 3190 ln

64 3229 300 3307 pseudapostolis
314 3247 369 3306 pro
383 3247 438 3288 suo
452 3241 593 3307 tempore,
609 3242 637 3290 et
652 3229 778 3289 futurum
793 3231 822 3289 in
837 3231 920 3288 malis
934 3228 1067 3306 praelatis
1081 3247 1116 3287 ae

65 3326 146 3386 lalsIs
170 3325 302 3385 fratribus
326 3343 402 3402 quos
426 3328 514 3386 etiam
538 3328 736 3403 prophetavit;
768 3339 797 3386 et
821 3338 921 3404 posset
946 3327 1011 3396 dici,
1037 3327 1116 3402 quod

64 3424 197 3484 extendit
218 3425 406 3501 cupiditatem
425 3425 462 3484 ad
481 3425 668 3501 cupiditatem
688 3424 815 3484 illicitam
836 3435 895 3483 tarn
914 3423 1116 3500 temporalium

65 3539 156 3601 quam
170 3521 298 3592 honoris,
319 3524 403 3598 quasi
424 3523 546 3582 diceret:
577 3523 676 3582 ‘radix
697 3523 830 3582 omniurn
851 3522 995 3581 malorum
1016 3524 1046 3580 in
1063 3523 1117 3581 ista

65 3621 211 3700 praesenti
233 3630 262 3680 et
281 3620 376 3681 futura
396 3621 521 3681 ecclesia
542 3632 586 3681 est
605 3622 683 3680 dicta
703 3620 820 3680 Infamis
842 3621 983 3697 cupiditas
992 3621 1008 3693 ;'
1038 3621 1117 3697 ipsa⁸

65 3719 145 3778 enim
167 3720 341 3778 convertitur
360 3719 444 3779 cum'
464 3720 607 3796 superbia,
629 3737 697 3778 cum
718 3736 807 3778 nerno
831 3720 960 3795 superbit
984 3719 1040 3779 nisi
1067 3721 1118 3795 qui

65 3817 147 3895 cupit
168 3817 292 3876 inaniter
312 3835 422 3876 nomen
443 3836 538 3877 suum.
580 3816 618 3876 Et
639 3818 762 3876 omnino
784 3829 850 3877 ante
872 3835 961 3894 quam
976 3819 1118 3894 subrepsit

99 4017 268 4083 ¹peooat0re]
280 4019 544 4084 peecatornmedrpr.
690 4022 762 4072 ’nec
772 4022 822 4087 est]
834 4029 858 4072 et
870 4037 916 4071 nec
927 4031 972 4076 est.
984 4021 1013 4072 B.
1025 4023 1119 4089 primae

65 4098 163 4140 manus,
175 4082 214 4133 ed.
225 4099 263 4148 pr.
383 4085 393 4113 ⁸
409 4085 453 4149 sit]
466 4092 511 4140 cst,
524 4084 617 4136 A.B.C.
629 4086 667 4136 ed.
679 4102 716 4151 pr.
847 4087 857 4116 ⁴
872 4087 995 4151 omnium]
1007 4091 1118 4139 omnium

65 4157 234 4226 peomtorum,
246 4148 340 4199 A.B.C.
473 4150 484 4180 ⁸
498 4150 625 4215 intelligit]
636 4152 767 4216 intelligat.
780 4152 818 4200 ed.
831 4168 868 4216 pr.
989 4154 999 4183 ⁸
1015 4155 1081 4220 ipsa]
1093 4156 1119 4204 in

67 4229 130 4280 ipsa,
141 4213 179 4264 ed.
192 4229 229 4278 pr.
326 4213 336 4242 ¹
353 4214 422 4278 cum]
434 4230 490 4266 cum
501 4231 553 4273 sua,
564 4217 602 4265 ed.
615 4233 651 4281 pr.
