<?xml version="1.0" encoding="UTF-8"?>
<!DOCTYPE html PUBLIC "-//W3C//DTD XHTML 1.0 Transitional//EN"
    "http://www.w3.org/TR/xhtml1/DTD/xhtml1-transitional.dtd">
<html xmlns="http://www.w3.org/1999/xhtml" xml:lang="en" lang="en">
 <head>
  <title>
</title>
<meta http-equiv="Content-Type" content="text/html;charset=utf-8" />
  <meta name='ocr-system' content='tesseract 3.04.00' />
  <meta name='ocr-capabilities' content='ocr_page ocr_carea ocr_par ocr_line ocrx_word'/>
</head>
<body>
  <div class='ocr_page' id='page_1' title='image "./trialoguscumsup00lechgoog_0413.png"; bbox 0 0 2864 4836; ppageno 0'>
   <div class='ocr_carea' id='block_1_1' title="bbox 498 411 1286 489">
    <p class='ocr_par' dir='ltr' id='par_1_1' title="bbox 498 411 1286 489">
     <span class='ocr_line' id='line_1_1' title="bbox 498 411 1286 489; baseline -0.004 -16"><span class='ocrx_word' id='word_1_1' title='bbox 498 411 753 489; x_wconf 65' lang='lat' dir='ltr'>solanus</span> <span class='ocrx_word' id='word_1_2' title='bbox 794 411 1018 474; x_wconf 70' lang='lat' dir='ltr'>ulem</span> <span class='ocrx_word' id='word_1_3' title='bbox 1212 436 1286 473; x_wconf 64' lang='lat' dir='ltr'>u...</span> 
     </span>
    </p>
   </div>
   <div class='ocr_carea' id='block_1_2' title="bbox 230 573 1286 1238">
    <p class='ocr_par' dir='ltr' id='par_1_2' title="bbox 230 573 1286 1238">
     <span class='ocr_line' id='line_1_2' title="bbox 231 573 1285 652; baseline -0.001 -19"><span class='ocrx_word' id='word_1_4' title='bbox 231 574 351 651; x_wconf 77' lang='lat' dir='ltr'><strong>quilibet</strong></span> <span class='ocrx_word' id='word_1_5' title='bbox 369 575 473 633; x_wconf 87' lang='lat' dir='ltr'>beatus</span> <span class='ocrx_word' id='word_1_6' title='bbox 493 583 538 632; x_wconf 91' lang='lat' dir='ltr'>est</span> <span class='ocrx_word' id='word_1_7' title='bbox 557 591 651 650; x_wconf 91' lang='lat' dir='ltr'>aeque</span> <span class='ocrx_word' id='word_1_8' title='bbox 671 574 774 633; x_wconf 78' lang='lat' dir='ltr'>beatus</span> <span class='ocrx_word' id='word_1_9' title='bbox 794 573 840 633; x_wconf 80' lang='lat' dir='ltr'>vel</span> <span class='ocrx_word' id='word_1_10' title='bbox 860 574 970 646; x_wconf 88' lang='lat' dir='ltr'>bonus,</span> <span class='ocrx_word' id='word_1_11' title='bbox 994 574 1142 652; x_wconf 81' lang='lat' dir='ltr'>gaudens</span> <span class='ocrx_word' id='word_1_12' title='bbox 1164 576 1201 635; x_wconf 85' lang='lat' dir='ltr'>de</span> <span class='ocrx_word' id='word_1_13' title='bbox 1219 575 1285 632; x_wconf 84' lang='lat' dir='ltr'>bont</span> 
     </span>
     <span class='ocr_line' id='line_1_3' title="bbox 231 671 1284 749; baseline -0.002 -17"><span class='ocrx_word' id='word_1_14' title='bbox 231 673 355 742; x_wconf 84' lang='lat' dir='ltr'>alterius,</span> <span class='ocrx_word' id='word_1_15' title='bbox 370 673 443 732; x_wconf 89' lang='lat' dir='ltr'>sicut</span> <span class='ocrx_word' id='word_1_16' title='bbox 456 673 481 731; x_wconf 88' lang='lat' dir='ltr'>si</span> <span class='ocrx_word' id='word_1_17' title='bbox 496 671 574 731; x_wconf 82' lang='lat' dir='ltr'>ill&#39;am</span> <span class='ocrx_word' id='word_1_18' title='bbox 587 671 795 731; x_wconf 83' lang='lat' dir='ltr'>beatitudinem</span> <span class='ocrx_word' id='word_1_19' title='bbox 809 671 840 730; x_wconf 89' lang='lat' dir='ltr'>in</span> <span class='ocrx_word' id='word_1_20' title='bbox 854 689 885 732; x_wconf 87' lang='lat' dir='ltr'>se</span> <span class='ocrx_word' id='word_1_21' title='bbox 899 672 1061 749; x_wconf 82' lang='lat' dir='ltr'>objective</span> <span class='ocrx_word' id='word_1_22' title='bbox 1079 672 1224 746; x_wconf 87' lang='lat' dir='ltr'>habuerit,</span> <span class='ocrx_word' id='word_1_23' title='bbox 1235 687 1284 730; x_wconf 86' lang='lat' dir='ltr'>nm</span> 
     </span>
     <span class='ocr_line' id='line_1_4' title="bbox 231 768 1284 848; baseline 0 -19"><span class='ocrx_word' id='word_1_24' title='bbox 231 780 330 829; x_wconf 88' lang='lat' dir='ltr'>tamen</span> <span class='ocrx_word' id='word_1_25' title='bbox 343 779 388 828; x_wconf 92' lang='lat' dir='ltr'>est</span> <span class='ocrx_word' id='word_1_26' title='bbox 406 787 499 847; x_wconf 91' lang='lat' dir='ltr'>aeque</span> <span class='ocrx_word' id='word_1_27' title='bbox 519 771 622 830; x_wconf 89' lang='lat' dir='ltr'>beatus</span> <span class='ocrx_word' id='word_1_28' title='bbox 642 768 806 840; x_wconf 79' lang='lat' dir='ltr'>formaliter,</span> <span class='ocrx_word' id='word_1_29' title='bbox 820 768 874 828; x_wconf 88' lang='lat' dir='ltr'>sed</span> <span class='ocrx_word' id='word_1_30' title='bbox 891 769 1058 846; x_wconf 81' lang='lat' dir='ltr'>objective.</span> <span class='ocrx_word' id='word_1_31' title='bbox 1102 769 1146 829; x_wconf 86' lang='lat' dir='ltr'>Et</span> <span class='ocrx_word' id='word_1_32' title='bbox 1159 779 1284 848; x_wconf 77' lang='lat' dir='ltr'>quantun</span> 
     </span>
     <span class='ocr_line' id='line_1_5' title="bbox 231 865 1284 944; baseline 0 -17"><span class='ocrx_word' id='word_1_33' title='bbox 231 868 270 927; x_wconf 89' lang='lat' dir='ltr'>ad</span> <span class='ocrx_word' id='word_1_34' title='bbox 289 869 468 938; x_wconf 60' lang='lat' dir='ltr'>sancitatem,</span> <span class='ocrx_word' id='word_1_35' title='bbox 489 885 564 944; x_wconf 88' lang='lat' dir='ltr'>quae</span> <span class='ocrx_word' id='word_1_36' title='bbox 588 876 634 926; x_wconf 93' lang='lat' dir='ltr'>est</span> <span class='ocrx_word' id='word_1_37' title='bbox 656 867 752 943; x_wconf 86' lang='lat' dir='ltr'>major</span> <span class='ocrx_word' id='word_1_38' title='bbox 772 883 840 943; x_wconf 88' lang='lat' dir='ltr'>pars</span> <span class='ocrx_word' id='word_1_39' title='bbox 860 865 1068 940; x_wconf 85' lang='lat' dir='ltr'>beatitudinis,</span> <span class='ocrx_word' id='word_1_40' title='bbox 1091 885 1159 927; x_wconf 89' lang='lat' dir='ltr'>non</span> <span class='ocrx_word' id='word_1_41' title='bbox 1179 867 1284 927; x_wconf 79' lang='lat' dir='ltr'>dubim</span> 
     </span>
     <span class='ocr_line' id='line_1_6' title="bbox 231 964 1285 1042; baseline -0.001 -17"><span class='ocrx_word' id='word_1_42' title='bbox 231 966 302 1042; x_wconf 90' lang='lat' dir='ltr'>quin</span> <span class='ocrx_word' id='word_1_43' title='bbox 326 966 419 1025; x_wconf 87' lang='lat' dir='ltr'>sancti</span> <span class='ocrx_word' id='word_1_44' title='bbox 443 967 474 1024; x_wconf 93' lang='lat' dir='ltr'>in</span> <span class='ocrx_word' id='word_1_45' title='bbox 498 965 577 1024; x_wconf 93' lang='lat' dir='ltr'>nullo</span> <span class='ocrx_word' id='word_1_46' title='bbox 601 965 754 1041; x_wconf 88' lang='lat' dir='ltr'>trepidant,</span> <span class='ocrx_word' id='word_1_47' title='bbox 779 964 851 1041; x_wconf 90' lang='lat' dir='ltr'>quin</span> <span class='ocrx_word' id='word_1_48' title='bbox 874 964 906 1022; x_wconf 85' lang='lat' dir='ltr'>iu</span> <span class='ocrx_word' id='word_1_49' title='bbox 931 974 1120 1040; x_wconf 83' lang='lat' dir='ltr'>perpetuum</span> <span class='ocrx_word' id='word_1_50' title='bbox 1149 965 1285 1024; x_wconf 83' lang='lat' dir='ltr'>habebunt</span> 
     </span>
     <span class='ocr_line' id='line_1_7' title="bbox 230 1061 1286 1140; baseline 0.002 -18"><span class='ocrx_word' id='word_1_51' title='bbox 230 1064 439 1122; x_wconf 78' lang='lat' dir='ltr'>beatitudinem</span> <span class='ocrx_word' id='word_1_52' title='bbox 460 1080 549 1139; x_wconf 89' lang='lat' dir='ltr'>quam</span> <span class='ocrx_word' id='word_1_53' title='bbox 567 1080 647 1122; x_wconf 90' lang='lat' dir='ltr'>nunc</span> <span class='ocrx_word' id='word_1_54' title='bbox 666 1061 783 1134; x_wconf 87' lang='lat' dir='ltr'>habent,</span> <span class='ocrx_word' id='word_1_55' title='bbox 800 1061 854 1120; x_wconf 84' lang='lat' dir='ltr'>sed</span> <span class='ocrx_word' id='word_1_56' title='bbox 872 1061 1012 1121; x_wconf 83' lang='lat' dir='ltr'>derident</span> <span class='ocrx_word' id='word_1_57' title='bbox 1027 1064 1179 1123; x_wconf 87' lang='lat' dir='ltr'>verbosos</span> <span class='ocrx_word' id='word_1_58' title='bbox 1197 1061 1286 1140; x_wconf 82' lang='lat' dir='ltr'>sophi·</span> 
     </span>
     <span class='ocr_line' id='line_1_8' title="bbox 231 1157 1285 1238; baseline -0.001 -16"><span class='ocrx_word' id='word_1_59' title='bbox 231 1173 298 1232; x_wconf 86' lang='lat' dir='ltr'>stas,</span> <span class='ocrx_word' id='word_1_60' title='bbox 318 1162 368 1238; x_wconf 93' lang='lat' dir='ltr'>qui</span> <span class='ocrx_word' id='word_1_61' title='bbox 387 1172 501 1238; x_wconf 89' lang='lat' dir='ltr'>ponunt</span> <span class='ocrx_word' id='word_1_62' title='bbox 520 1158 765 1237; x_wconf 86' lang='lat' dir='ltr'>contingentiam¹</span> <span class='ocrx_word' id='word_1_63' title='bbox 785 1157 1030 1219; x_wconf 86' lang='lat' dir='ltr'>contradictionis</span> <span class='ocrx_word' id='word_1_64' title='bbox 1051 1160 1086 1219; x_wconf 90' lang='lat' dir='ltr'>in</span> <span class='ocrx_word' id='word_1_65' title='bbox 1106 1161 1157 1221; x_wconf 85' lang='lat' dir='ltr'>illa</span> <span class='ocrx_word' id='word_1_66' title='bbox 1174 1162 1285 1220; x_wconf 79' lang='lat' dir='ltr'>beatitu-</span> 
     </span>
    </p>
   </div>
   <div class='ocr_carea' id='block_1_3' title="bbox 230 1257 1286 1922">
    <p class='ocr_par' dir='ltr' id='par_1_3' title="bbox 230 1257 1286 1922">
     <span class='ocr_line' id='line_1_9' title="bbox 231 1257 1283 1335; baseline -0.002 -16"><span class='ocrx_word' id='word_1_67' title='bbox 231 1259 299 1320; x_wconf 88' lang='lat' dir='ltr'>dine</span> <span class='ocrx_word' id='word_1_68' title='bbox 312 1276 373 1335; x_wconf 92' lang='lat' dir='ltr'>quo</span> <span class='ocrx_word' id='word_1_69' title='bbox 386 1258 424 1318; x_wconf 89' lang='lat' dir='ltr'>ad</span> <span class='ocrx_word' id='word_1_70' title='bbox 437 1257 544 1317; x_wconf 86' lang='lat' dir='ltr'>Deum</span> <span class='ocrx_word' id='word_1_71' title='bbox 586 1257 647 1334; x_wconf 91' lang='lat' dir='ltr'>Ipsi</span> <span class='ocrx_word' id='word_1_72' title='bbox 661 1259 740 1317; x_wconf 89' lang='lat' dir='ltr'>enim</span> <span class='ocrx_word' id='word_1_73' title='bbox 752 1257 851 1317; x_wconf 84' lang='lat' dir='ltr'>vident</span> <span class='ocrx_word' id='word_1_74' title='bbox 863 1257 951 1328; x_wconf 87' lang='lat' dir='ltr'>clare,</span> <span class='ocrx_word' id='word_1_75' title='bbox 964 1257 1132 1333; x_wconf 89' lang='lat' dir='ltr'>quomodo</span> <span class='ocrx_word' id='word_1_76' title='bbox 1146 1277 1187 1318; x_wconf 88' lang='lat' dir='ltr'>ex</span> <span class='ocrx_word' id='word_1_77' title='bbox 1200 1257 1283 1319; x_wconf 85' lang='lat' dir='ltr'>deter-</span> 
     </span>
     <span class='ocr_line' id='line_1_10' title="bbox 230 1354 1284 1432; baseline 0.001 -16"><span class='ocrx_word' id='word_1_78' title='bbox 230 1357 389 1416; x_wconf 84' lang='lat' dir='ltr'>minatione</span> <span class='ocrx_word' id='word_1_79' title='bbox 410 1355 467 1415; x_wconf 89' lang='lat' dir='ltr'>Dei</span> <span class='ocrx_word' id='word_1_80' title='bbox 487 1366 605 1415; x_wconf 87' lang='lat' dir='ltr'>aetema</span> <span class='ocrx_word' id='word_1_81' title='bbox 624 1355 766 1432; x_wconf 89' lang='lat' dir='ltr'>quidquid</span> <span class='ocrx_word' id='word_1_82' title='bbox 786 1355 849 1432; x_wconf 87' lang='lat' dir='ltr'>ipse</span> <span class='ocrx_word' id='word_1_83' title='bbox 869 1354 1001 1426; x_wconf 88' lang='lat' dir='ltr'>voluerit,</span> <span class='ocrx_word' id='word_1_84' title='bbox 1026 1355 1068 1415; x_wconf 91' lang='lat' dir='ltr'>sit</span> <span class='ocrx_word' id='word_1_85' title='bbox 1095 1357 1284 1417; x_wconf 70' lang='lat' dir='ltr'>neoesmrimn</span> 
     </span>
     <span class='ocr_line' id='line_1_11' title="bbox 231 1451 1218 1531; baseline -0.001 -17"><span class='ocrx_word' id='word_1_86' title='bbox 231 1457 345 1515; x_wconf 87' lang='lat' dir='ltr'>evenire</span> <span class='ocrx_word' id='word_1_87' title='bbox 353 1473 361 1527; x_wconf 92' lang='lat'>;</span> <span class='ocrx_word' id='word_1_88' title='bbox 387 1454 455 1513; x_wconf 91' lang='lat' dir='ltr'>ideo</span> <span class='ocrx_word' id='word_1_89' title='bbox 468 1453 571 1531; x_wconf 91' lang='lat' dir='ltr'>procul</span> <span class='ocrx_word' id='word_1_90' title='bbox 585 1453 639 1514; x_wconf 86' lang='lat' dir='ltr'>ista</span> <span class='ocrx_word' id='word_1_91' title='bbox 652 1453 769 1513; x_wconf 86' lang='lat' dir='ltr'>libertas</span> <span class='ocrx_word' id='word_1_92' title='bbox 788 1451 1031 1512; x_wconf 86' lang='lat' dir='ltr'>contradictionis</span> <span class='ocrx_word' id='word_1_93' title='bbox 1052 1471 1074 1513; x_wconf 85' lang='lat' dir='ltr'>a</span> <span class='ocrx_word' id='word_1_94' title='bbox 1088 1453 1160 1515; x_wconf 86' lang='lat' dir='ltr'>Deo</span> <span class='ocrx_word' id='word_1_95' title='bbox 1173 1454 1218 1514; x_wconf 84' lang='lat' dir='ltr'>vel</span> 
     </span>
     <span class='ocr_line' id='line_1_12' title="bbox 230 1550 1282 1627; baseline -0.001 -15"><span class='ocrx_word' id='word_1_96' title='bbox 230 1554 331 1624; x_wconf 88' lang='lat' dir='ltr'>beatis,</span> <span class='ocrx_word' id='word_1_97' title='bbox 355 1571 423 1612; x_wconf 91' lang='lat' dir='ltr'>cum</span> <span class='ocrx_word' id='word_1_98' title='bbox 447 1551 550 1610; x_wconf 87' lang='lat' dir='ltr'>sufficit</span> <span class='ocrx_word' id='word_1_99' title='bbox 572 1552 689 1611; x_wconf 89' lang='lat' dir='ltr'>libertas</span> <span class='ocrx_word' id='word_1_100' title='bbox 713 1551 829 1610; x_wconf 84' lang='lat' dir='ltr'>alterius</span> <span class='ocrx_word' id='word_1_101' title='bbox 849 1551 939 1627; x_wconf 86' lang='lat' dir='ltr'>partis</span> <span class='ocrx_word' id='word_1_102' title='bbox 963 1550 1004 1609; x_wconf 92' lang='lat' dir='ltr'>ad</span> <span class='ocrx_word' id='word_1_103' title='bbox 1028 1550 1282 1613; x_wconf 79' lang='lat' dir='ltr'>denominandam</span> 
     </span>
     <span class='ocr_line' id='line_1_13' title="bbox 231 1649 1283 1728; baseline 0.001 -19"><span class='ocrx_word' id='word_1_104' title='bbox 231 1652 325 1728; x_wconf 90' lang='lat' dir='ltr'>ipsam</span> <span class='ocrx_word' id='word_1_105' title='bbox 339 1668 454 1709; x_wconf 88' lang='lat' dir='ltr'>summe</span> <span class='ocrx_word' id='word_1_106' title='bbox 467 1650 597 1720; x_wconf 85' lang='lat' dir='ltr'>liberam,</span> <span class='ocrx_word' id='word_1_107' title='bbox 612 1650 678 1710; x_wconf 91' lang='lat' dir='ltr'>licet</span> <span class='ocrx_word' id='word_1_108' title='bbox 690 1650 806 1709; x_wconf 89' lang='lat' dir='ltr'>libertas</span> <span class='ocrx_word' id='word_1_109' title='bbox 820 1649 866 1708; x_wconf 84' lang='lat' dir='ltr'>illa</span> <span class='ocrx_word' id='word_1_110' title='bbox 880 1667 942 1708; x_wconf 91' lang='lat' dir='ltr'>non</span> <span class='ocrx_word' id='word_1_111' title='bbox 959 1650 999 1709; x_wconf 88' lang='lat' dir='ltr'>sit</span> <span class='ocrx_word' id='word_1_112' title='bbox 1017 1651 1243 1727; x_wconf 84' lang='lat' dir='ltr'>impossibiliter</span> <span class='ocrx_word' id='word_1_113' title='bbox 1258 1652 1283 1710; x_wconf 86' lang='lat' dir='ltr'>in</span> 
     </span>
     <span class='ocr_line' id='line_1_14' title="bbox 231 1746 1286 1825; baseline 0 -15"><span class='ocrx_word' id='word_1_114' title='bbox 231 1749 487 1821; x_wconf 82' lang='lat' dir='ltr'>contradictorium</span> <span class='ocrx_word' id='word_1_115' title='bbox 502 1749 544 1808; x_wconf 92' lang='lat' dir='ltr'>sic</span> <span class='ocrx_word' id='word_1_116' title='bbox 558 1747 711 1825; x_wconf 83' lang='lat' dir='ltr'>dispersa².</span> <span class='ocrx_word' id='word_1_117' title='bbox 753 1746 900 1824; x_wconf 88' lang='lat' dir='ltr'>Relinquo</span> <span class='ocrx_word' id='word_1_118' title='bbox 913 1757 1014 1807; x_wconf 87' lang='lat' dir='ltr'>antem</span> <span class='ocrx_word' id='word_1_119' title='bbox 1028 1749 1115 1810; x_wconf 85' lang='lat' dir='ltr'>aliis⁸</span> <span class='ocrx_word' id='word_1_120' title='bbox 1128 1751 1161 1809; x_wconf 89' lang='lat' dir='ltr'>in</span> <span class='ocrx_word' id='word_1_121' title='bbox 1174 1750 1286 1810; x_wconf 74' lang='lat' dir='ltr'>mater&#39;u</span> 
     </span>
     <span class='ocr_line' id='line_1_15' title="bbox 232 1845 1180 1922; baseline 0.004 -15"><span class='ocrx_word' id='word_1_122' title='bbox 232 1849 286 1907; x_wconf 89' lang='lat' dir='ltr'>ista</span> <span class='ocrx_word' id='word_1_123' title='bbox 299 1848 460 1906; x_wconf 88' lang='lat' dir='ltr'>errantibus</span> <span class='ocrx_word' id='word_1_124' title='bbox 474 1848 550 1905; x_wconf 90' lang='lat' dir='ltr'>viam</span> <span class='ocrx_word' id='word_1_125' title='bbox 564 1845 724 1917; x_wconf 86' lang='lat' dir='ltr'>cavillandi,</span> <span class='ocrx_word' id='word_1_126' title='bbox 738 1856 769 1905; x_wconf 93' lang='lat' dir='ltr'>ut</span> <span class='ocrx_word' id='word_1_127' title='bbox 783 1847 825 1905; x_wconf 89' lang='lat' dir='ltr'>eis</span> <span class='ocrx_word' id='word_1_128' title='bbox 840 1846 989 1922; x_wconf 82' lang='lat' dir='ltr'>placuerit,</span> <span class='ocrx_word' id='word_1_129' title='bbox 1004 1849 1100 1909; x_wconf 86' lang='lat' dir='ltr'>verba</span> <span class='ocrx_word' id='word_1_130' title='bbox 1114 1867 1180 1911; x_wconf 81' lang='lat' dir='ltr'>sua.</span> 
     </span>
    </p>
   </div>
   <div class='ocr_carea' id='block_1_4' title="bbox 154 2332 1284 2725">
    <p class='ocr_par' dir='ltr' id='par_1_4' title="bbox 154 2332 1284 2725">
     <span class='ocr_line' id='line_1_16' title="bbox 644 2332 874 2396; baseline -0.009 -1"><span class='ocrx_word' id='word_1_131' title='bbox 644 2333 740 2396; x_wconf 89' lang='lat' dir='ltr'>CAP.</span> <span class='ocrx_word' id='word_1_132' title='bbox 762 2332 874 2394; x_wconf 87' lang='lat' dir='ltr'>XLIII.</span> 
     </span>
     <span class='ocr_line' id='line_1_17' title="bbox 581 2487 941 2565; baseline -0.003 -18"><span class='ocrx_word' id='word_1_133' title='bbox 581 2487 728 2565; x_wconf 70' lang='lat' dir='ltr'>Depoenrlt</span> <span class='ocrx_word' id='word_1_134' title='bbox 740 2491 941 2550; x_wconf 70' lang='lat' dir='ltr'>damnatorum.</span> 
     </span>
     <span class='ocr_line' id='line_1_18' title="bbox 154 2645 1284 2725; baseline 0.004 -23"><span class='ocrx_word' id='word_1_135' title='bbox 154 2686 191 2712; x_wconf 57' lang='lat' dir='ltr'>m.</span> <span class='ocrx_word' id='word_1_136' title='bbox 275 2645 397 2704; x_wconf 76' lang='lat' dir='ltr'>Alithr&#39;a.</span> <span class='ocrx_word' id='word_1_137' title='bbox 439 2645 495 2706; x_wconf 91' lang='lat' dir='ltr'>Dic</span> <span class='ocrx_word' id='word_1_138' title='bbox 509 2664 591 2723; x_wconf 83' lang='lat' dir='ltr'>rogo,</span> <span class='ocrx_word' id='word_1_139' title='bbox 611 2646 704 2725; x_wconf 83' lang='lat' dir='ltr'>irater,</span> <span class='ocrx_word' id='word_1_140' title='bbox 719 2647 841 2705; x_wconf 87' lang='lat' dir='ltr'>breviter</span> <span class='ocrx_word' id='word_1_141' title='bbox 854 2645 988 2720; x_wconf 58' lang='lat' dir='ltr'>&amp;pomo</span> <span class='ocrx_word' id='word_1_142' title='bbox 1006 2646 1284 2720; x_wconf 86' lang='lat' dir='ltr'>proportionalibus,</span> 
     </span>
    </p>
   </div>
   <div class='ocr_carea' id='block_1_5' title="bbox 52 2725 1285 2819">
    <p class='ocr_par' dir='ltr' id='par_1_5' title="bbox 52 2725 1285 2819">
     <span class='ocr_line' id='line_1_19' title="bbox 52 2725 1285 2819; baseline 0.001 -18"><span class='ocrx_word' id='word_1_143' title='bbox 52 2729 80 2753; x_wconf 74' lang='lat'>&#39;¹¹⁵</span> <span class='ocrx_word' id='word_1_144' title='bbox 88 2725 182 2793; x_wconf 52' lang='lat' dir='ltr'>“lmnllo</span> <span class='ocrx_word' id='word_1_145' title='bbox 235 2762 295 2802; x_wconf 92' lang='lat' dir='ltr'>non</span> <span class='ocrx_word' id='word_1_146' title='bbox 308 2744 343 2802; x_wconf 85' lang='lat' dir='ltr'>de</span> <span class='ocrx_word' id='word_1_147' title='bbox 356 2745 471 2803; x_wconf 92' lang='lat' dir='ltr'>dotibus</span> <span class='ocrx_word' id='word_1_148' title='bbox 481 2745 673 2803; x_wconf 79' lang='lat' dir='ltr'>damnatorum</span> <span class='ocrx_word' id='word_1_149' title='bbox 682 2767 696 2815; x_wconf 91' lang='lat'>,·</span> <span class='ocrx_word' id='word_1_150' title='bbox 718 2745 829 2804; x_wconf 83' lang='lat' dir='ltr'>videtur</span> <span class='ocrx_word' id='word_1_151' title='bbox 839 2744 917 2802; x_wconf 88' lang='lat' dir='ltr'>enim</span> <span class='ocrx_word' id='word_1_152' title='bbox 927 2742 1007 2813; x_wconf 90' lang='lat' dir='ltr'>mihi,</span> <span class='ocrx_word' id='word_1_153' title='bbox 1016 2743 1101 2819; x_wconf 93' lang='lat' dir='ltr'>quod</span> <span class='ocrx_word' id='word_1_154' title='bbox 1113 2756 1185 2803; x_wconf 89' lang='lat' dir='ltr'>sunt</span> <span class='ocrx_word' id='word_1_155' title='bbox 1196 2745 1285 2804; x_wconf 88' lang='lat' dir='ltr'>securi</span> 
     </span>
    </p>
   </div>
   <div class='ocr_carea' id='block_1_6' title="bbox 233 2840 1286 3802">
    <p class='ocr_par' dir='ltr' id='par_1_6' title="bbox 233 2840 1286 3215">
     <span class='ocr_line' id='line_1_20' title="bbox 235 2840 1286 2914; baseline -0.001 -13"><span class='ocrx_word' id='word_1_156' title='bbox 235 2842 271 2901; x_wconf 89' lang='lat' dir='ltr'>de</span> <span class='ocrx_word' id='word_1_157' title='bbox 285 2843 344 2902; x_wconf 91' lang='lat' dir='ltr'>suis</span> <span class='ocrx_word' id='word_1_158' title='bbox 360 2843 602 2914; x_wconf 84' lang='lat' dir='ltr'>damnationibus,</span> <span class='ocrx_word' id='word_1_159' title='bbox 617 2844 691 2902; x_wconf 87' lang='lat' dir='ltr'>sicut</span> <span class='ocrx_word' id='word_1_160' title='bbox 704 2844 781 2902; x_wconf 89' lang='lat' dir='ltr'>beati</span> <span class='ocrx_word' id='word_1_161' title='bbox 798 2852 866 2901; x_wconf 87' lang='lat' dir='ltr'>sunt</span> <span class='ocrx_word' id='word_1_162' title='bbox 881 2842 973 2900; x_wconf 89' lang='lat' dir='ltr'>securi</span> <span class='ocrx_word' id='word_1_163' title='bbox 988 2840 1024 2899; x_wconf 93' lang='lat' dir='ltr'>de</span> <span class='ocrx_word' id='word_1_164' title='bbox 1039 2843 1102 2900; x_wconf 92' lang='lat' dir='ltr'>suis</span> <span class='ocrx_word' id='word_1_165' title='bbox 1120 2844 1286 2902; x_wconf 84' lang='lat' dir='ltr'>salvationi·</span> 
     </span>
     <span class='ocr_line' id='line_1_21' title="bbox 234 2940 1286 3019; baseline 0 -20"><span class='ocrx_word' id='word_1_166' title='bbox 234 2942 295 3000; x_wconf 93' lang='lat' dir='ltr'>bus.</span> <span class='ocrx_word' id='word_1_167' title='bbox 338 2941 461 3000; x_wconf 89' lang='lat' dir='ltr'>Videtur</span> <span class='ocrx_word' id='word_1_168' title='bbox 482 2943 568 3000; x_wconf 69' lang='lat' dir='ltr'>mihi*</span> <span class='ocrx_word' id='word_1_169' title='bbox 588 2944 675 3002; x_wconf 91' lang='lat' dir='ltr'>etiam</span> <span class='ocrx_word' id='word_1_170' title='bbox 695 2942 785 3019; x_wconf 90' lang='lat' dir='ltr'>quod,</span> <span class='ocrx_word' id='word_1_171' title='bbox 807 2942 880 3000; x_wconf 87' lang='lat' dir='ltr'>sicut</span> <span class='ocrx_word' id='word_1_172' title='bbox 901 2941 976 2999; x_wconf 87' lang='lat' dir='ltr'>beati</span> <span class='ocrx_word' id='word_1_173' title='bbox 991 2940 1102 3000; x_wconf 87' lang='lat' dir='ltr'>habent</span> <span class='ocrx_word' id='word_1_174' title='bbox 1119 2941 1209 3002; x_wconf 86' lang='lat' dir='ltr'>dotes</span> <span class='ocrx_word' id='word_1_175' title='bbox 1229 2954 1286 3000; x_wconf 90' lang='lat' dir='ltr'>tam</span> 
     </span>
     <span class='ocr_line' id='line_1_22' title="bbox 234 3038 1286 3118; baseline 0.002 -21"><span class='ocrx_word' id='word_1_176' title='bbox 234 3040 364 3115; x_wconf 88' lang='lat' dir='ltr'>corporis</span> <span class='ocrx_word' id='word_1_177' title='bbox 375 3059 464 3117; x_wconf 87' lang='lat' dir='ltr'>quam</span> <span class='ocrx_word' id='word_1_178' title='bbox 475 3042 597 3111; x_wconf 90' lang='lat' dir='ltr'>animae,</span> <span class='ocrx_word' id='word_1_179' title='bbox 610 3043 650 3099; x_wconf 90' lang='lat' dir='ltr'>sic</span> <span class='ocrx_word' id='word_1_180' title='bbox 662 3041 791 3099; x_wconf 88' lang='lat' dir='ltr'>damnati</span> <span class='ocrx_word' id='word_1_181' title='bbox 803 3039 912 3098; x_wconf 89' lang='lat' dir='ltr'>habent</span> <span class='ocrx_word' id='word_1_182' title='bbox 925 3038 1120 3115; x_wconf 80' lang='lat' dir='ltr'>poenalitates</span> <span class='ocrx_word' id='word_1_183' title='bbox 1130 3051 1286 3118; x_wconf 90' lang='lat' dir='ltr'>perpetuas</span> 
     </span>
     <span class='ocr_line' id='line_1_23' title="bbox 233 3137 913 3215; baseline 0 -20"><span class='ocrx_word' id='word_1_184' title='bbox 233 3139 419 3197; x_wconf 85' lang='lat' dir='ltr'>confirmatas</span> <span class='ocrx_word' id='word_1_185' title='bbox 434 3150 493 3197; x_wconf 85' lang='lat' dir='ltr'>tam</span> <span class='ocrx_word' id='word_1_186' title='bbox 508 3141 538 3196; x_wconf 89' lang='lat' dir='ltr'>in</span> <span class='ocrx_word' id='word_1_187' title='bbox 553 3157 675 3215; x_wconf 89' lang='lat' dir='ltr'>corpore</span> <span class='ocrx_word' id='word_1_188' title='bbox 690 3137 794 3214; x_wconf 80' lang='lat' dir='ltr'>quam⁶</span> <span class='ocrx_word' id='word_1_189' title='bbox 808 3138 913 3196; x_wconf 89' lang='lat' dir='ltr'>anima.</span> 
     </span>
    </p>

    <p class='ocr_par' dir='ltr' id='par_1_7' title="bbox 233 3234 1285 3802">
     <span class='ocr_line' id='line_1_24' title="bbox 273 3234 1285 3314; baseline 0.002 -21"><span class='ocrx_word' id='word_1_190' title='bbox 273 3235 437 3295; x_wconf 77' lang='lat' dir='ltr'>Phrenesis.</span> <span class='ocrx_word' id='word_1_191' title='bbox 481 3236 589 3306; x_wconf 87' lang='lat' dir='ltr'>Senti0,</span> <span class='ocrx_word' id='word_1_192' title='bbox 611 3254 702 3307; x_wconf 88' lang='lat' dir='ltr'>soror,</span> <span class='ocrx_word' id='word_1_193' title='bbox 724 3235 804 3312; x_wconf 93' lang='lat' dir='ltr'>quod</span> <span class='ocrx_word' id='word_1_194' title='bbox 830 3235 859 3293; x_wconf 91' lang='lat' dir='ltr'>in</span> <span class='ocrx_word' id='word_1_195' title='bbox 879 3234 936 3293; x_wconf 89' lang='lat' dir='ltr'>hoc</span> <span class='ocrx_word' id='word_1_196' title='bbox 957 3235 1046 3292; x_wconf 88' lang='lat' dir='ltr'>sentis</span> <span class='ocrx_word' id='word_1_197' title='bbox 1067 3234 1179 3294; x_wconf 81' lang='lat' dir='ltr'>solide⁸</span> <span class='ocrx_word' id='word_1_198' title='bbox 1202 3248 1285 3314; x_wconf 90' lang='lat' dir='ltr'>atque</span> 
     </span>
     <span class='ocr_line' id='line_1_25' title="bbox 233 3331 1284 3410; baseline 0.002 -18"><span class='ocrx_word' id='word_1_199' title='bbox 233 3335 382 3405; x_wconf 85' lang='lat' dir='ltr'>catholice,</span> <span class='ocrx_word' id='word_1_200' title='bbox 397 3335 481 3394; x_wconf 85' lang='lat' dir='ltr'>etsie</span> <span class='ocrx_word' id='word_1_201' title='bbox 496 3333 597 3410; x_wconf 61' lang='lat' dir='ltr'>ponis*</span> <span class='ocrx_word' id='word_1_202' title='bbox 611 3333 691 3410; x_wconf 92' lang='lat' dir='ltr'>quod</span> <span class='ocrx_word' id='word_1_203' title='bbox 706 3333 836 3392; x_wconf 87' lang='lat' dir='ltr'>damnati</span> <span class='ocrx_word' id='word_1_204' title='bbox 855 3331 963 3391; x_wconf 90' lang='lat' dir='ltr'>habent</span> <span class='ocrx_word' id='word_1_205' title='bbox 982 3343 1051 3390; x_wconf 91' lang='lat' dir='ltr'>octo</span> <span class='ocrx_word' id='word_1_206' title='bbox 1065 3332 1113 3391; x_wconf 89' lang='lat' dir='ltr'>vel</span> <span class='ocrx_word' id='word_1_207' title='bbox 1132 3332 1284 3410; x_wconf 79' lang='lat' dir='ltr'>quattuor⁸</span> 
     </span>
     <span class='ocr_line' id='line_1_26' title="bbox 233 3429 1285 3502; baseline 0.003 -13"><span class='ocrx_word' id='word_1_208' title='bbox 233 3432 329 3490; x_wconf 89' lang='lat' dir='ltr'>nodos</span> <span class='ocrx_word' id='word_1_209' title='bbox 351 3450 420 3490; x_wconf 90' lang='lat' dir='ltr'>suae</span> <span class='ocrx_word' id='word_1_210' title='bbox 440 3433 644 3502; x_wconf 85' lang='lat' dir='ltr'>damnationis,</span> <span class='ocrx_word' id='word_1_211' title='bbox 663 3433 736 3491; x_wconf 90' lang='lat' dir='ltr'>sicut</span> <span class='ocrx_word' id='word_1_212' title='bbox 757 3432 834 3490; x_wconf 90' lang='lat' dir='ltr'>beati</span> <span class='ocrx_word' id='word_1_213' title='bbox 853 3431 961 3489; x_wconf 90' lang='lat' dir='ltr'>habent</span> <span class='ocrx_word' id='word_1_214' title='bbox 981 3429 1105 3488; x_wconf 87' lang='lat' dir='ltr'>totidem</span> <span class='ocrx_word' id='word_1_215' title='bbox 1127 3433 1285 3492; x_wconf 81' lang='lat' dir='ltr'>confirma·</span> 
     </span>
     <span class='ocr_line' id='line_1_27' title="bbox 233 3529 1284 3602; baseline 0.002 -14"><span class='ocrx_word' id='word_1_216' title='bbox 233 3530 342 3588; x_wconf 79' lang='lat' dir='ltr'>tiones⁰</span> <span class='ocrx_word' id='word_1_217' title='bbox 357 3549 426 3588; x_wconf 88' lang='lat' dir='ltr'>suae</span> <span class='ocrx_word' id='word_1_218' title='bbox 442 3530 623 3602; x_wconf 88' lang='lat' dir='ltr'>salvationis;</span> <span class='ocrx_word' id='word_1_219' title='bbox 645 3540 674 3587; x_wconf 92' lang='lat' dir='ltr'>et</span> <span class='ocrx_word' id='word_1_220' title='bbox 688 3539 787 3588; x_wconf 88' lang='lat' dir='ltr'>tamen</span> <span class='ocrx_word' id='word_1_221' title='bbox 802 3547 864 3587; x_wconf 90' lang='lat' dir='ltr'>non</span> <span class='ocrx_word' id='word_1_222' title='bbox 874 3529 1058 3586; x_wconf 87' lang='lat' dir='ltr'>obstantibus</span> <span class='ocrx_word' id='word_1_223' title='bbox 1068 3531 1212 3590; x_wconf 91' lang='lat' dir='ltr'>omnibus</span> <span class='ocrx_word' id='word_1_224' title='bbox 1227 3533 1284 3590; x_wconf 84' lang='lat' dir='ltr'>istis</span> 
     </span>
     <span class='ocr_line' id='line_1_28' title="bbox 233 3627 1284 3704; baseline 0.001 -18"><span class='ocrx_word' id='word_1_225' title='bbox 233 3627 463 3704; x_wconf 88' lang='lat' dir='ltr'>poenalitatibus,</span> <span class='ocrx_word' id='word_1_226' title='bbox 479 3629 581 3686; x_wconf 91' lang='lat' dir='ltr'>melius</span> <span class='ocrx_word' id='word_1_227' title='bbox 600 3637 628 3686; x_wconf 93' lang='lat' dir='ltr'>et</span> <span class='ocrx_word' id='word_1_228' title='bbox 648 3627 800 3703; x_wconf 84' lang='lat' dir='ltr'>eligibilius</span> <span class='ocrx_word' id='word_1_229' title='bbox 818 3636 863 3685; x_wconf 88' lang='lat' dir='ltr'>est</span> <span class='ocrx_word' id='word_1_230' title='bbox 881 3627 923 3685; x_wconf 89' lang='lat' dir='ltr'>eis</span> <span class='ocrx_word' id='word_1_231' title='bbox 942 3627 984 3686; x_wconf 91' lang='lat' dir='ltr'>sic</span> <span class='ocrx_word' id='word_1_232' title='bbox 998 3627 1091 3684; x_wconf 88' lang='lat' dir='ltr'>vivere</span> <span class='ocrx_word' id='word_1_233' title='bbox 1112 3645 1205 3704; x_wconf 90' lang='lat' dir='ltr'>quam</span> <span class='ocrx_word' id='word_1_234' title='bbox 1225 3636 1284 3687; x_wconf 88' lang='lat' dir='ltr'>non</span> 
     </span>
     <span class='ocr_line' id='line_1_29' title="bbox 234 3726 1284 3802; baseline 0.001 -19"><span class='ocrx_word' id='word_1_235' title='bbox 234 3743 307 3795; x_wconf 86' lang='lat' dir='ltr'>esse,</span> <span class='ocrx_word' id='word_1_236' title='bbox 321 3727 389 3802; x_wconf 90' lang='lat' dir='ltr'>quia</span> <span class='ocrx_word' id='word_1_237' title='bbox 408 3736 440 3784; x_wconf 92' lang='lat' dir='ltr'>ut</span> <span class='ocrx_word' id='word_1_238' title='bbox 460 3727 584 3785; x_wconf 87' lang='lat' dir='ltr'>declarat</span> <span class='ocrx_word' id='word_1_239' title='bbox 590 3726 612 3759; x_wconf 85' lang='lat'>¹⁰</span> <span class='ocrx_word' id='word_1_240' title='bbox 625 3726 812 3802; x_wconf 70' lang='lat' dir='ltr'>Augustiana,</span> <span class='ocrx_word' id='word_1_241' title='bbox 828 3741 889 3783; x_wconf 90' lang='lat' dir='ltr'>non</span> <span class='ocrx_word' id='word_1_242' title='bbox 903 3741 968 3782; x_wconf 89' lang='lat' dir='ltr'>esse</span> <span class='ocrx_word' id='word_1_243' title='bbox 982 3741 1044 3783; x_wconf 90' lang='lat' dir='ltr'>non</span> <span class='ocrx_word' id='word_1_244' title='bbox 1057 3735 1158 3800; x_wconf 90' lang='lat' dir='ltr'>potest</span> <span class='ocrx_word' id='word_1_245' title='bbox 1176 3727 1284 3786; x_wconf 86' lang='lat' dir='ltr'>habere</span> 
     </span>
    </p>
   </div>
   <div class='ocr_carea' id='block_1_7' title="bbox 233 3939 1282 4268">
    <p class='ocr_par' dir='ltr' id='par_1_8' title="bbox 267 3939 1282 4056">
     <span class='ocr_line' id='line_1_30' title="bbox 267 3939 1282 4056; baseline 0.002 -67"><span class='ocrx_word' id='word_1_246' title='bbox 267 3941 275 3971; x_wconf 94' lang='lat'>¹</span> <span class='ocrx_word' id='word_1_247' title='bbox 292 3941 499 4006; x_wconf 82' lang='lat' dir='ltr'>contingentiam]</span> <span class='ocrx_word' id='word_1_248' title='bbox 512 3941 688 4006; x_wconf 84' lang='lat' dir='ltr'>contingentia,</span> <span class='ocrx_word' id='word_1_249' title='bbox 699 3941 738 3991; x_wconf 94' lang='lat' dir='ltr'>ed</span> <span class='ocrx_word' id='word_1_250' title='bbox 750 3957 786 4007; x_wconf 85' lang='lat' dir='ltr'>pr.</span> <span class='ocrx_word' id='word_1_251' title='bbox 928 3939 938 3969; x_wconf 88' lang='lat'><strong>¹</strong></span> <span class='ocrx_word' id='word_1_252' title='bbox 939 3940 1075 4034; x_wconf 85' lang='lat' dir='ltr'>dispersa]</span> <span class='ocrx_word' id='word_1_253' title='bbox 1087 3939 1185 3997; x_wconf 80' lang='lat' dir='ltr'>diflusa,</span> <span class='ocrx_word' id='word_1_254' title='bbox 1196 3942 1236 3991; x_wconf 85' lang='lat' dir='ltr'>ed.</span> <span class='ocrx_word' id='word_1_255' title='bbox 1196 3958 1282 4056; x_wconf 39' lang='grc' dir='ltr'>ἀμ</span> 
     </span>
    </p>

    <p class='ocr_par' dir='ltr' id='par_1_9' title="bbox 233 4004 1282 4268">
     <span class='ocr_line' id='line_1_31' title="bbox 233 4004 1282 4119; baseline 0.001 -65.026"><span class='ocrx_word' id='word_1_256' title='bbox 233 4004 325 4119; x_wconf 47' lang='lat' dir='ltr'>’aliisg</span> <span class='ocrx_word' id='word_1_257' title='bbox 338 4022 387 4055; x_wconf 90' lang='lat' dir='ltr'>om.</span> <span class='ocrx_word' id='word_1_258' title='bbox 400 4007 438 4056; x_wconf 87' lang='lat' dir='ltr'>ed.</span> <span class='ocrx_word' id='word_1_259' title='bbox 450 4023 486 4071; x_wconf 91' lang='lat' dir='ltr'>pr.</span> <span class='ocrx_word' id='word_1_260' title='bbox 569 4007 666 4072; x_wconf 76' lang='lat' dir='ltr'>¹m1ffi]</span> <span class='ocrx_word' id='word_1_261' title='bbox 684 4007 757 4064; x_wconf 85' lang='lat' dir='ltr'>enim,</span> <span class='ocrx_word' id='word_1_262' title='bbox 770 4007 807 4056; x_wconf 91' lang='lat' dir='ltr'>ed.</span> <span class='ocrx_word' id='word_1_263' title='bbox 820 4022 859 4070; x_wconf 92' lang='lat' dir='ltr'>pr</span> <span class='ocrx_word' id='word_1_264' title='bbox 939 4005 1052 4070; x_wconf 71' lang='lat' dir='ltr'>⁸qum]</span> <span class='ocrx_word' id='word_1_265' title='bbox 1065 4007 1235 4070; x_wconf 73' lang='lat' dir='ltr'>quammed</span> <span class='ocrx_word' id='word_1_266' title='bbox 1247 4023 1282 4071; x_wconf 92' lang='lat' dir='ltr'>pr.</span> 
     </span>
     <span class='ocr_line' id='line_1_32' title="bbox 234 4045 1282 4137; baseline 0 -17"><span class='ocrx_word' id='word_1_267' title='bbox 234 4070 305 4120; x_wconf 80' lang='lat' dir='ltr'>‘soli</span> <span class='ocrx_word' id='word_1_268' title='bbox 324 4070 350 4135; x_wconf 89' lang='lat' dir='ltr'>e]</span> <span class='ocrx_word' id='word_1_269' title='bbox 362 4073 459 4128; x_wconf 88' lang='lat' dir='ltr'>stolide,</span> <span class='ocrx_word' id='word_1_270' title='bbox 471 4072 509 4122; x_wconf 90' lang='lat' dir='ltr'>ed.</span> <span class='ocrx_word' id='word_1_271' title='bbox 521 4088 558 4136; x_wconf 93' lang='lat' dir='ltr'>pr.</span> <span class='ocrx_word' id='word_1_272' title='bbox 683 4045 794 4136; x_wconf 77' lang='lat' dir='ltr'>&#39;porlis]</span> <span class='ocrx_word' id='word_1_273' title='bbox 806 4079 878 4136; x_wconf 88' lang='lat' dir='ltr'>potes</span> <span class='ocrx_word' id='word_1_274' title='bbox 889 4072 1027 4136; x_wconf 83' lang='lat' dir='ltr'>concipere.</span> <span class='ocrx_word' id='word_1_275' title='bbox 1039 4073 1070 4121; x_wconf 89' lang='lat' dir='ltr'>C.</span> <span class='ocrx_word' id='word_1_276' title='bbox 1082 4071 1177 4137; x_wconf 82' lang='lat' dir='ltr'>primae</span> <span class='ocrx_word' id='word_1_277' title='bbox 1188 4088 1282 4127; x_wconf 78' lang='lat' dir='ltr'>mantis,</span> 
     </span>
     <span class='ocr_line' id='line_1_33' title="bbox 236 4135 1281 4202; baseline 0.004 -19"><span class='ocrx_word' id='word_1_278' title='bbox 236 4136 268 4183; x_wconf 92' lang='lat' dir='ltr'>D.</span> <span class='ocrx_word' id='word_1_279' title='bbox 281 4135 319 4184; x_wconf 83' lang='lat' dir='ltr'>ed</span> <span class='ocrx_word' id='word_1_280' title='bbox 331 4152 367 4200; x_wconf 92' lang='lat' dir='ltr'>pr.</span> <span class='ocrx_word' id='word_1_281' title='bbox 466 4136 618 4201; x_wconf 83' lang='lat' dir='ltr'>&#39;quattuor]</span> <span class='ocrx_word' id='word_1_282' title='bbox 631 4152 727 4194; x_wconf 81' lang='lat' dir='ltr'>novem.</span> <span class='ocrx_word' id='word_1_283' title='bbox 739 4137 777 4186; x_wconf 88' lang='lat' dir='ltr'>ed.</span> <span class='ocrx_word' id='word_1_284' title='bbox 790 4153 827 4202; x_wconf 88' lang='lat' dir='ltr'>pr.</span> <span class='ocrx_word' id='word_1_285' title='bbox 904 4136 1144 4202; x_wconf 64' lang='lat' dir='ltr'>’confirmauoneq</span> <span class='ocrx_word' id='word_1_286' title='bbox 1156 4137 1281 4188; x_wconf 78' lang='lat' dir='ltr'>confirma·</span> 
     </span>
     <span class='ocr_line' id='line_1_34' title="bbox 236 4200 874 4268; baseline 0.005 -20"><span class='ocrx_word' id='word_1_287' title='bbox 236 4201 319 4255; x_wconf 89' lang='lat' dir='ltr'>tionis,</span> <span class='ocrx_word' id='word_1_288' title='bbox 331 4200 368 4250; x_wconf 91' lang='lat' dir='ltr'>ed</span> <span class='ocrx_word' id='word_1_289' title='bbox 381 4218 417 4266; x_wconf 88' lang='lat' dir='ltr'>pr</span> <span class='ocrx_word' id='word_1_290' title='bbox 497 4203 649 4268; x_wconf 77' lang='lat' dir='ltr'>¹⁰declarat]</span> <span class='ocrx_word' id='word_1_291' title='bbox 660 4203 775 4260; x_wconf 83' lang='lat' dir='ltr'>declaret,</span> <span class='ocrx_word' id='word_1_292' title='bbox 786 4203 824 4252; x_wconf 86' lang='lat' dir='ltr'>ed.</span> <span class='ocrx_word' id='word_1_293' title='bbox 837 4218 874 4268; x_wconf 92' lang='lat' dir='ltr'>pr.</span> 
     </span>
    </p>
   </div>
   <div class='ocr_carea' id='block_1_8' title="bbox 1131 4302 1244 4344">
    <p class='ocr_par' dir='ltr' id='par_1_10' title="bbox 1131 4302 1244 4344">
     <span class='ocr_line' id='line_1_35' title="bbox 1131 4302 1244 4344; baseline -0.009 0"><span class='ocrx_word' id='word_1_294' title='bbox 1131 4302 1244 4344; x_wconf 73' lang='lat' dir='ltr'>wicun</span> 
     </span>
    </p>
   </div>
   <div class='ocr_carea' id='block_1_9' title="bbox 0 0 1436 4836">
    <p class='ocr_par' dir='ltr' id='par_1_11' title="bbox 0 0 1436 4836">
     <span class='ocr_line' id='line_1_36' title="bbox 0 0 1436 4836; baseline 0 0"><span class='ocrx_word' id='word_1_295' title='bbox 0 0 1436 4836; x_wconf 95' lang='lat' dir='ltr'> </span> 
     </span>
    </p>
   </div>
  </div>
 </body>
</html>
