2864 4836
141 462 240 499 cam
509 437 851 501 TRIALOGUS.

185 593 226 657 1²2
239 597 314 658 iuter
333 599 435 658 omnia
454 609 576 676 peccata
596 598 682 678 hujus
702 601 814 677 peccati
834 602 1014 675 sensibilitas,
1029 621 1113 663 amor
1126 605 1197 664 boni

138 696 256 776 proprii
276 706 305 756 et
325 698 502 776 exemplatio
524 700 653 760 mandati
668 699 817 761 Donunici
832 700 960 762 lacerent
974 701 1012 762 ad
1026 701 1085 764 hoc
1097 703 1197 763 vitium

138 793 360 856 detestandum.

574 1195 668 1256 CAP.
689 1196 773 1256 XXI.

579 1354 764 1414 Abstinenttis.

184 1500 307 1562 Antan.
348 1501 406 1562 Dic
427 1502 465 1562 de
485 1504 587 1563 virtute
608 1504 752 1563 contraria
772 1502 840 1562 huic
859 1502 954 1580 gulae,
969 1520 1058 1580 quam
1079 1501 1198 1580 quidam

144 1596 249 1659 dicunt
269 1601 484 1673 abstinentiam,
505 1601 639 1679 quidam¹
659 1601 881 1672 moderantiam,
906 1609 935 1660 et
956 1600 1075 1677 quidam
1096 1601 1198 1660 volun-

142 1706 236 1757 tatem
249 1696 413 1758 ordinatam
426 1701 562 1760 vescendi
577 1700 699 1760 cibariis.
741 1698 813 1760 Non
829 1700 908 1758 enim
921 1697 1033 1757 videtur
1051 1698 1133 1775 quod
1147 1699 1198 1758 ab

143 1794 282 1855 stinentia
295 1799 483 1856 contrariettu
496 1797 564 1858 huic
574 1798 652 1866 vitio,
668 1806 786 1875 propter
795 1795 904 1854 multa:
924 1795 1020 1872 primo
1032 1797 1100 1872 quia
1111 1795 1199 1854 absti-

141 1892 252 1952 nentia
265 1893 334 1952 dicit
357 1894 494 1971 privative
515 1905 545 1955 et
565 1896 717 1972 analogice
738 1895 779 1953 rei
800 1893 958 1954 carentiam
979 1893 1010 1951 in
1031 1892 1199 1952 facultatem

142 1987 273 2050 bominis
294 1993 501 2053 assumendam
507 2013 516 2066 ;
549 2011 611 2052 non
632 2011 703 2070 ergo
724 2002 767 2052 est
788 1991 913 2069 speciale
933 1990 1110 2050 contrarium
1131 1989 1199 2050 huic

142 2087 241 2167 gntae,
255 2085 344 2148 sicut¹
361 2089 595 2169 quandocunque
615 2092 680 2169 quis
700 2093 832 2162 abstinet,
847 2090 935 2149 utitur
949 2089 1132 2160 abstinentia,
1146 2087 1198 2148 sed

142 2187 204 2248 hoc
217 2198 314 2266 potest
326 2199 387 2249 tam
400 2191 476 2250 bene
490 2210 579 2269 quam
599 2192 675 2251 male
696 2191 756 2251 fieri
775 2191 927 2268 privative;
957 2208 1025 2249 cum
1040 2207 1111 2266 ergo
1125 2207 1198 2249 con·

142 2285 232 2346 traria
251 2287 324 2348 sint⁸
337 2289 414 2348 circa
434 2287 521 2361 idem,
535 2289 647 2349 videtur
667 2290 748 2367 quod
769 2290 811 2349 sic
832 2288 1014 2360 abstinendo,
1030 2305 1091 2346 non
1111 2290 1199 2348 utitur

142 2384 247 2444 virtute
261 2387 405 2446 contraria
418 2385 486 2445 huic
498 2387 592 2464 gulae.
637 2385 771 2446 Similiter
790 2386 953 2446 secundum
971 2387 1119 2445 veritatem
1133 2385 1198 2463 phi·

141 2481 335 2560 losophorum
350 2494 379 2544 ει
393 2484 607 2561 theologorum,
621 2485 718 2544 omnis
733 2485 821 2544 n'rtus
832 2483 959 2543 hominis
978 2485 1155 2561 subjectatur
1167 2485 1198 2542 in

142 2579 298 2652 intellectu,
312 2582 356 2640 vel
371 2582 409 2643 ad
422 2583 576 2641 minimum
590 2583 620 2640 in
634 2582 765 2659 potentia
778 2581 930 2653 sensitiva;
953 2580 1005 2639 sed
1026 2581 1199 2641 abstinentia

141 2695 215 2749 non,
230 2697 299 2738 nam
321 2680 351 2738 in
371 2679 420 2739 illa
440 2690 521 2757 parte
542 2679 678 2751 hominis,
699 2682 771 2757 qua⁴
792 2680 919 2739 abstinet
939 2697 958 2738 a
977 2678 1132 2751 vescendo,
1154 2690 1198 2739 εει

142 2775 318 2835 abstinentia
332 2776 501 2855 subjectata,
515 2788 545 2837 et
559 2778 600 2837 sic
618 2779 792 2837 abstinentia
805 2787 849 2837 est
868 2777 898 2835 in
912 2794 1002 2837 manu
1015 2777 1061 2836 vel
1075 2776 1122 2836 in³
1136 2795 1196 2850 ore,

141 2873 225 2952 quod
238 2883 283 2934 est
296 2875 384 2934 nimis
398 2885 566 2934 extraneum
586 2894 604 2933 a
618 2875 727 2934 virtute.
769 2875 893 2935 Dimitto
912 2876 1045 2953 objectus
1059 2875 1196 2947 Pseustis,

141 2972 250 3049 qulbus
263 2973 357 3049 arguit
371 2972 451 3050 quod
465 2973 639 3032 abstinentia
653 2973 830 3033 vescibilium
845 2991 906 3031 non
925 2983 969 3032 est
984 2973 1039 3033 nisi
1052 2974 1198 3033 vescibilia

141 3068 192 3128 illa
219 3068 375 3141 affuerint⁶,
401 3080 431 3130 et
458 3088 511 3147 per
541 3088 725 3148 consequens
752 3081 869 3148 oportet
896 3071 964 3147 per'
992 3072 1197 3130 abstinentiam

140 3166 293 3226 hominem
306 3167 384 3226 vesci
403 3166 466 3227 illis.
509 3167 568 3227 Sed
587 3169 641 3227 iste
659 3170 794 3246 obJ'ectus
813 3178 858 3227 est
871 3168 966 3245 gulosi
981 3179 1009 3227 et
1023 3167 1109 3239 stulti,
1124 3170 1196 3228 acsi

140 3263 315 3336 intenderet,
329 3264 411 3342 quod
432 3283 521 3325 nemo
542 3266 701 3326 abstineret
714 3285 733 3325 a
745 3267 939 3336 vescibilibus‚
953 3265 1009 3323 nisi
1028 3265 1092 3341 ipsa
1105 3265 1197 3323 vesci·

141 3363 213 3423 bilia
239 3362 366 3423 indebite
395 3363 553 3423 devoraret.
605 3362 730 3424 Constat
757 3363 876 3440 quidem
900 3361 1091 3440 philosophis,
1116 3361 1197 3437 quod

140 3461 271 3522 caecitas
290 3471 335 3521 est
348 3461 427 3521 visus
448 3462 583 3533 carentia,
599 3461 669 3521 dum
690 3460 737 3521 ille
751 3462 828 3519 visus
848 3459 988 3531 defuerit;
1018 3476 1107 3536 quare
1125 3476 1196 3535 ergo

141 3577 206 3619 non
233 3569 277 3619 est
305 3559 404 3619 cibarii
430 3559 611 3631 abstinentia,
640 3561 711 3618 dum
738 3557 808 3617 illud
841 3557 984 3616 deluerit?
1019 3556 1196 3635 quandoque

140 3667 243 3718 tamen
257 3656 346 3717 habet
359 3657 501 3717 rationem
515 3657 634 3734 majoris
649 3656 840 3733 poenalitatis,
855 3655 936 3732 quod
950 3655 1041 3715 homo
1055 3674 1074 3714 a
1087 3656 1197 3715 cibario

143 3755 305 3816 delectabili
332 3756 457 3816 abstinet
484 3754 555 3814 dum
583 3765 627 3814 est
655 3772 801 3832 praesens,
826 3755 894 3831 quia
920 3753 1010 3813 libera
1035 3754 1197 3830 praesentia

142 3853 245 3914 talium
269 3853 373 3914 lortius
398 3862 496 3912 movet
521 3853 690 3930 appetitum.
743 3851 1012 3929 Quantumcunque
1036 3868 1107 3927 ergo
1131 3851 1196 3927 quis

177 4023 316 4089 ¹quidam]
328 4030 353 4074 et
365 4023 473 4088 quidam,
485 4023 514 4072 Β.
525 4022 620 4087 primae
631 4038 726 4079 manus,
737 4022 775 4072 ed.
787 4038 825 4087 pr.
967 4019 1196 4083 ’sicutlsimiliten

143 4089 209 4141 C.D.
220 4089 259 4139 ed.
272 4105 309 4166 pr.
406 4089 416 4118 ¹
432 4087 494 4152 sint]
502 4094 566 4144 sunt.
577 4089 616 4138 ed.
628 4104 666 4153 pr.
764 4087 774 4116 ⁴
790 4085 851 4163 qus]
863 4100 933 4150 quae.
944 4085 1037 4135 A.B.C.
1134 4085 1145 4114 ⁸
1160 4086 1197 4152 in]

142 4170 193 4206 orm
207 4154 235 4203 B.
246 4169 341 4219 prunae
352 4168 447 4210 manus.
458 4153 492 4203 D.
504 4155 543 4204 ed.
554 4169 592 4218 pr.
728 4150 1069 4215 ⁸nescibrlisillsaffuerint]
1081 4149 1141 4200 dum
1153 4150 1196 4201 ills

143 4219 242 4275 suerint.
254 4219 293 4269 ed.
305 4235 342 4284 pr.
472 4218 482 4246 ¹
499 4217 555 4282 per]
567 4218 608 4274 sd,
619 4219 649 4268 C.
661 4217 782 4268 secundae
792 4232 888 4271 manus,
900 4216 932 4264 D.
944 4216 983 4268 ed.
995 4232 1031 4281 pr.

1283 461 1342 526 ¹99
