2864 4836
105 450 238 521 ena
511 459 854 522 rnraaoeus
1279 483 1342 550 337

110 612 123 707 ’ς
141 634 237 692 nors,
256 637 346 699 quam
364 639 446 682 mors
462 621 591 682 hominis
610 622 778 700 corporalis,
790 623 872 701 juxta
892 622 962 683 illud
978 642 991 682 1
1009 623 1141 684 Timoth.
1155 642 1199 683 a:

94 716 259 811 y÷{·⁴vidue‚
281 736 357 796 quae
381 720 412 779 in
434 719 544 780 deliciis
564 730 701 793 versatur,
722 739 758 780 ea
779 722 878 781 vivens
903 731 1019 782 mortua
1043 723 1105 783 est!
1147 722 1200 784 Est

94 824 112 881 i,
126 823 245 878 ntem
258 817 382 877 cadaver
398 818 545 895 putridum
563 827 650 895 atque
670 818 792 891 foetens,
807 820 876 896 quia
889 819 946 880 vita
965 821 1097 898 corporis
1116 832 1199 881 uatu-

94 918 99 925 '
141 912 214 976 telis
227 915 264 975 de
278 914 350 992 lege
357 915 414 975 Dei
434 916 567 977 deberet¹
583 932 649 975 esse
667 917 757 976 avita
775 917 914 994 spirituali
927 919 1042 977 animae
1063 919 1198 982 derivata.

141 1010 208 1073 Sed
227 1013 359 1073 secundo
382 1014 539 1092 ‘egrediar
558 1013 591 1072 dc
609 1012 768 1089 sepulchra'
790 1016 859 1092 quia
879 1028 910 1075 ut
931 1019 1041 1088 asserit,
1062 1026 1199 1094 quattuor

140 1108 264 1172 chunni
278 1112 323 1171 sui
336 1113 462 1189 parietes
480 1111 575 1188 ipsum
594 1110 745 1172 includunt
764 1124 904 1191 tanquam
923 1116 1035 1175 mundo
1049 1127 1197 1176 mortuum

141 1217 176 1270 et
191 1209 322 1270 clausum
341 1211 412 1269 inibi
430 1228 465 1270 ae
484 1212 637 1288 sepultum.
680 1211 740 1271 Sed
758 1213 826 1290 quia
845 1214 1002 1274 claustrum
1020 1214 1135 1274 animae
1154 1225 1198 1273 est

94 1307 97 1319 '
139 1305 291 1369 inlinitum
310 1309 503 1386 praestantius
521 1328 611 1387 quam
633 1311 789 1371 claustrum
809 1311 936 1371 hominis
954 1312 1115 1389 corporale,
1130 1312 1197 1372 ideo

140 1404 292 1466 nonnum
310 1416 378 1466 sunt
396 1416 533 1484 quattuor
545 1410 662 1469 virtutes
680 1409 849 1481 cardinales,
865 1409 974 1471 scilicet
989 1411 1097 1487 justitia
1115 1410 1197 1470 torti-

141 1501 218 1565 tudo
233 1503 387 1582 prudentia
404 1515 433 1564 et
449 1509 649 1584 temperantia,
667 1518 697 1567 et
716 1492 878 1568 notandum
897 1519 942 1568 est
959 1507 1109 1580 ecclesiae,
1123 1525 1196 1584 quo·

140 1599 238 1661 modo
256 1600 359 1663 fratres
378 1603 447 1664 istas
466 1615 603 1680 quattuor
623 1607 747 1683 parietes
765 1605 893 1666 lacerant
911 1617 940 1666 et
961 1607 1153 1682 disrumpunt,
1168 1616 1198 1665 et

140 1716 199 1777 per
211 1715 396 1777 consequens
409 1702 595 1779 egrediuntur
608 1704 646 1763 de
660 1704 785 1764 claustro
803 1704 926 1775 animae,
941 1702 1041 1765 fideles
1056 1702 1196 1763 ecelesiae

124 1797 255 1878 ¹perlide
279 1799 469 1860 maculantes
519 1800 557 1860 Et
581 1803 650 1879 quia
677 1800 851 1878 irreligiose'
874 1802 1026 1861 attendunt
1050 1802 1088 1862 ad
1112 1801 1197 1877 signa

113 1956 116 1963 ,
141 1895 300 1969 sensibilia,
320 1895 429 1959 tructus
449 1916 551 1958 eorum
572 1901 694 1959 nimium
716 1899 900 1970 dimittentes,
921 1900 989 1958 ideo
1010 1897 1143 1959 Christus
1168 1909 1196 1957 et

140 2011 215 2054 suus
241 1994 391 2072 apostolus
415 2009 590 2057 vocaverunt
617 2016 670 2057 eos
696 1996 873 2074 hypocritas,
898 2007 927 2058 et
955 1997 1024 2056 hinc
1052 1996 1090 2058 ad
1118 1996 1196 2057 deci·

140 2090 286 2170 piendum
318 2094 472 2153 ecclesiam
502 2104 621 2154 utuntur
652 2096 727 2155 ultra
754 2095 926 2172 religionem
955 2094 1062 2155 Christi
1089 2095 1196 2169 pannis

126 2187 341 2266 swrerala'bus'.
383 2190 422 2251 Et
440 2209 508 2250 cum
527 2193 689 2252 secundum
708 2192 853 2271 Jacobum
868 2194 1027 2270 ‘sapientia
1044 2193 1145 2252 mundi
1160 2193 1196 2250 sit

140 2298 259 2349 terrena
278 2290 410 2349 animalis
430 2290 591 2363 diabolica,'
607 2292 771 2367 duplicant⁴
791 2294 837 2352 isti
856 2292 1024 2370 hypocritae
1045 2294 1075 2352 in
1094 2292 1196 2368 triplici

140 2387 332 2448 vestimento:
367 2389 486 2466 quidam
518 2391 597 2449 enim
627 2399 741 2450 russeto
769 2392 903 2467 signante
932 2391 1063 2450 laborem
1094 2407 1196 2448 eorum

139 2481 268 2564 desuper
282 2495 349 2547 sunt
362 2487 464 2557 vestiti,
479 2498 508 2547 et
521 2490 694 2547 vestimento
713 2487 780 2547 albo
801 2489 934 2565 signante
955 2489 1060 2546 mentis
1080 2487 1196 2545 mundi-

140 2582 214 2642 tiam
227 2583 399 2644 intrinsecus
418 2585 575 2644 vestiuntur
583 2603 591 2658 ;
620 2585 667 2644 alii
681 2595 778 2646 autern
799 2585 903 2661 pannis
921 2584 1092 2643 funebribus
1107 2583 1197 2659 nigris

139 2678 269 2758 desuper
293 2691 361 2741 sunt
382 2682 483 2753 vestiti,
505 2699 580 2758 quos
603 2683 703 2742 dieunt
728 2684 844 2760 signare
867 2699 952 2742 suum
974 2699 1140 2740 moerorem
1162 2699 1196 2739 ac

140 2777 276 2839 dolorem
293 2779 466 2839 continuum
485 2797 539 2856 pro
558 2791 690 2857 peccato,
708 2781 885 2840 vestimentis
903 2790 1000 2839 autem
1019 2778 1092 2838 albis
1111 2778 1195 2837 indu·

140 2884 231 2937 untur
250 2876 384 2938 interium
404 2885 436 2938 ut
455 2877 581 2953 priores;
611 2879 685 2937 tertii
705 2896 775 2938 vero
796 2879 954 2938 induuntur
974 2879 1102 2938 vestibus
1123 2878 1196 2936 albis

139 2991 203 3052 quo
217 2973 254 3034 ad
268 2975 469 3051 apparentiam
485 2976 588 3035 mundi
606 2977 794 3047 extrinsecus,
809 2987 837 3035 et
859 2976 1032 3035 intrinsecus
1051 2974 1090 3034 ad
1104 2975 1196 3034 deno-

140 3072 265 3134 tandum
277 3071 410 3132 laborem
424 3090 509 3132 suum
524 3074 553 3132 in
568 3074 691 3136 eeclesia
701 3075 819 3134 russetis
830 3073 1009 3133 vestimentis
1020 3075 1194 3145 vestiuntur3

142 3168 197 3230 sed
215 3170 308 3247 quarti
327 3170 487 3230 vestiuntur
506 3182 537 3230 ut
551 3171 672 3232 secundi
691 3173 781 3248 nigris
796 3171 923 3230 vestibus
942 3180 1029 3246 atque
1048 3169 1129 3240 albis,
1144 3170 1197 3228 sed

141 3268 175 3330 in
202 3268 295 3345 figura
321 3267 437 3328 habitus
465 3278 494 3327 et
522 3268 618 3327 forma
645 3268 826 3346 sculpttuae⁸
858 3269 1003 3326 variantur
1035 3283 1053 3324 a
1081 3266 1196 3325 duobus

140 3367 330 3444 sequentibus
351 3367 425 3445 sicut
446 3367 549 3443 primi;
579 3367 679 3427 dicunt
697 3369 776 3426 enim
794 3366 875 3443 qnod
894 3365 1003 3440 figurae
1025 3363 1196 3423 difformitas

141 3473 291 3525 attestatur
305 3465 349 3524 sui
363 3465 495 3542 corporis
510 3465 655 3538 vilitatem,
670 3475 700 3524 et
714 3481 790 3523 zona
804 3481 862 3541 qua
877 3463 1031 3539 cinguntur
1045 3461 1195 3533 nodaliter,

140 3562 237 3638 signat
252 3563 282 3620 in
301 3563 351 3634 eis,
366 3574 398 3624 ut
412 3562 548 3633 referunt,
563 3580 692 3638 poenam
713 3562 830 3622 anxiam
852 3571 880 3619 et
901 3561 1070 3620 continuam
1092 3577 1195 3640 corpo·

139 3660 240 3721 talem.
284 3659 343 3722 Sed
357 3678 457 3720 revera
471 3661 585 3737 signata
598 3661 653 3719 ista
666 3677 728 3718 non
742 3659 876 3730 vidimus,
891 3676 958 3719 cum
970 3659 1033 3735 jam
1052 3676 1113 3717 non
1128 3668 1196 3718 sunt

139 3757 303 3835 prophetae
324 3759 377 3818 sed
400 3758 568 3838 hypocritae
594 3755 680 3817 false⁷
701 3757 843 3834 populum
868 3756 1048 3817 seducentes
1091 3756 1129 3815 Et
1154 3758 1195 3815 sie

140 3856 299 3918 claustrum
327 3858 457 3935 corporis
486 3873 573 3932 supra
601 3856 756 3916 claustrum
790 3856 905 3914 animae
933 3855 1000 3932 plus
1033 3853 1194 3925 attendunt,

175 4055 184 4084 ¹
200 4053 312 4118 deberet]
324 4053 407 4110 debet,
419 4053 513 4104 ΑΒΕ.
579 4052 590 4082 ⁸
606 4051 752 4116 irreligiose]
766 4050 809 4100 reli
828 4051 881 4108 'osi
894 4053 925 4101 Α.
1008 4052 1017 4080 ³
1034 4050 1195 4115 funeralibus]

140 4117 297 4196 funebribus·
303 4120 333 4170 C.
346 4119 384 4169 ed.
396 4135 433 4184 pr.
531 4116 540 4147 ⁴
556 4117 696 4215 duplicent]
708 4117 796 4166 diversi
814 4123 880 4171 caut.
892 4117 955 4167 ΑΕ.
968 4117 1089 4166 secundae
1100 4131 1194 4166 manus.

137 4183 279 4306 minz]
287 4190 399 4315 1rerterrus.
412 4184 450 4234 ed.
464 4199 500 4248 pr.
616 4181 768 4250 sculpturae]
781 4183 929 4248 sepulturae,
940 4181 979 4232 ed·
992 4197 1029 4248 pr.
1095 4181 1104 4210 τ
1122 4181 1194 4248 salse]
