2864 4836
80 469 162 506 cura
202 447 690 509 SUPPLEMENTUM
717 444 1013 507 TRIALOGI.

82 611 236 682 caruerint,
257 620 326 670 tunc
347 623 415 670 sunt
436 611 514 671 salsa
557 611 595 669 Et
617 611 779 670 secundum
800 610 872 668 alios
893 609 1013 686 quilibet
1033 606 1131 666 Chris·

82 706 194 767 tianus¹
217 719 329 768 tenetur
351 709 476 770 incolere
502 710 659 769 claustrum
680 710 794 768 animae
815 707 970 784 spirituale,
992 707 1034 767 sic
1055 705 1136 782 quod

83 816 222 882 quattuor
242 808 359 866 virtutes
379 808 549 879 cardinales,
570 809 677 867 scilicet
696 808 805 884 justitia
824 805 962 865 fortitudo
984 804 1137 882 prudentia

83 913 113 963 et
123 907 314 981 temperantia
325 906 399 964 sint²
409 917 545 982 quattuor
558 907 682 982 parietes
694 907 822 963 animam
833 904 960 962 hominis
971 904 1002 960 in
1013 903 1137 961 claustro

83 1001 219 1060 virtutum
240 1003 377 1062 limitibus
398 1004 578 1062 includentes
597 1014 626 1062 et
646 1014 799 1079 peccatum
821 1003 924 1077 triplex
945 1001 1072 1061 securius
1094 1017 1137 1058 se-

83 1100 251 1171 cludentes;
281 1110 310 1159 et
331 1101 407 1160 istud
429 1101 586 1160 claustrum
600 1112 713 1161 tenetur
726 1101 846 1176 quilibet
861 1099 1042 1158 Christianus
1057 1100 1138 1156 inco-

82 1195 150 1256 lere.
186 1197 273 1256 Unde
287 1199 405 1275 quilibet
418 1199 509 1258 homo
525 1218 561 1259 eo
572 1202 646 1277 ipso,
659 1219 719 1276 quo
734 1201 860 1275 aliquam
872 1200 991 1257 istarum
1001 1199 1137 1256 virtutum

84 1295 230 1372 diruperit,
255 1297 439 1372 sepulchrum
466 1298 544 1357 istud
568 1299 713 1375 egreditur
737 1309 765 1356 et
794 1308 836 1356 est
862 1296 1137 1373 pseudoreligiosus

85 1393 251 1454 Claustralis
262 1405 360 1453 tamen
371 1406 490 1471 propter
501 1415 619 1456 causam
630 1396 819 1472 multiplicem
833 1405 861 1453 et
872 1394 957 1452 frater
969 1393 1138 1469 specialiter,

84 1503 129 1552 est
142 1492 265 1551 cadaver
279 1501 426 1551 mortuum
446 1495 487 1552 sic
507 1512 665 1570 egressum,
681 1503 710 1552 et
728 1504 773 1552 est
787 1492 1060 1569 pseudoreligiosus.
1102 1491 1141 1551 Et

85 1599 166 1667 patet
180 1591 274 1666 prima
288 1591 428 1666 particula
442 1592 629 1663 differentiae,
645 1611 720 1668 quae
741 1591 861 1650 includit
880 1590 989 1649 nedum
1010 1589 1139 1666 singulos

85 1687 311 1766 pseudofratres
331 1690 392 1747 imo
412 1691 563 1767 analogice
585 1690 673 1749 falsos
695 1706 887 1765 quoscunque
907 1686 1139 1747 Christianos.—

87 1785 196 1858 Quoad
217 1788 360 1844 secundam
380 1799 492 1863 partem
514 1788 701 1858 differentiae,
723 1788 753 1844 in
778 1804 836 1862 qua
858 1786 970 1855 dicitur,
992 1784 1073 1861 quod
1095 1793 1139 1842 est

79 1887 187 1960 pannii
202 1885 391 1961 funeralibus
420 1887 580 1956 involutam,
609 1885 719 1944 videtur
746 1884 828 1960 quod
856 1902 906 1960 per
931 1883 1017 1941 istam
1042 1882 1140 1940 differ-

85 1984 196 2042 entiam
214 1982 428 2059 distinguuntur
447 1984 591 2043 seculares
612 2002 630 2042 a
650 1982 906 2059 pseudoreligiosis
925 1981 1061 2039 ordinum
1083 1981 1141 2056 pri·

85 2089 227 2140 vatorum.
269 2079 331 2157 Ipsi
350 2082 428 2139 enim
447 2081 556 2141 habent
574 2093 713 2157 tanquam
733 2081 769 2139 de
789 2081 949 2138 substantia
969 2079 1012 2138 sui
1030 2078 1141 2137 ordinis

85 2178 201 2238 habitus
222 2180 388 2256 corporales
409 2181 454 2238 vel
475 2181 557 2238 albos
579 2180 623 2238 vel
644 2180 744 2255 nigros
758 2178 803 2236 vel
823 2178 940 2236 habitus
961 2177 998 2235 de
1020 2187 1141 2235 russeto.

86 2276 181 2336 Albus
195 2286 292 2335 autem
314 2277 395 2335 color
416 2278 534 2354 figurat³
547 2278 578 2334 in
592 2277 654 2347 illis,
669 2277 751 2353 quod
773 2295 825 2335 sua
846 2275 1026 2334 conversatio
1047 2283 1092 2332 est
1113 2275 1143 2331 in

87 2374 185 2445 coelis,
201 2375 323 2450 nigredo
338 2385 435 2434 autem
450 2376 582 2434 dolorem
599 2371 787 2434 continuum⁴
800 2392 855 2450 pro
869 2375 1004 2449 peccatis
1019 2385 1048 2431 et
1062 2372 1144 2447 quod

87 2490 159 2533 suos
177 2473 323 2548 appetitus
341 2473 599 2532 mortificaverant⁶
616 2473 768 2543 bestiales3
798 2482 942 2529 russetum
963 2487 1032 2528 vero
1054 2469 1144 2544 signi-

87 2570 156 2629 ficat
176 2570 322 2628 laborem⁰
343 2589 427 2629 suum
448 2572 547 2631 inillis
569 2571 681 2630 duabus
702 2570 851 2628 virtutibus
873 2567 1086 2639 absconditum,
1106 2585 1143 2625 ne

88 2669 146 2727 sint
166 2667 343 2745 hypocritae.
386 2670 493 2746 Figura
518 2683 614 2727 autem
637 2669 700 2727 talis
721 2668 836 2726 habitus
857 2677 902 2725 est
924 2667 1085 2746 deformitas
1106 2666 1144 2725 ad

91 2766 307 2842 designandum
336 2769 417 2843 quod
444 2778 636 2827 contemnunt
663 2767 839 2843 elegantiam
864 2767 908 2824 sui
936 2767 1084 2841 corporis3
1116 2776 1145 2822 et

90 2863 168 2922 Zona
182 2865 286 2941 signat,
303 2866 384 2942 quod
398 2884 516 2924 carnem
531 2884 614 2924 suam
630 2866 833 2924 crucifixerunt
850 2882 917 2923 cum
931 2865 1005 2923 vitiis
1025 2874 1053 2923 et
1072 2882 1144 2923 con-

90 2964 277 3039 cupiscentiis
300 2982 353 3040 per
381 2965 566 3040 asperitatem
594 2973 786 3040 praesentem,
811 2980 870 3038 qua
896 2963 1058 3038 junguntur
1085 2970 1145 3019 tarn

90 3079 214 3139 corpore
229 3081 318 3139 quam
333 3063 431 3121 anima
450 3081 518 3122 cum
532 3061 751 3138 Baptista—Et
764 3061 863 3136 quoad
882 3061 1014 3119 ultimam
1033 3070 1145 3135 partem

89 3160 276 3232 differentiae,
288 3179 348 3238 qua
361 3161 465 3219 dicitur
478 3160 547 3219 illud
559 3161 682 3219 cadaver
695 3180 714 3217 α
728 3159 833 3217 diabolo
847 3158 927 3216 esse'
942 3160 1015 3216 inm
1026 3157 1145 3214 homzites

90 3260 238 3336 walatam,
259 3257 446 3316 manifestum
470 3267 523 3327 est,
545 3257 639 3332 inquit
660 3255 875 3327 Lincolm'ensis,
897 3255 977 3331 quod
1002 3254 1146 3329 malignus

91 3357 209 3433 spiritus
223 3354 278 3414 hos
292 3357 391 3432 agitat,
406 3365 438 3413 ut
455 3355 655 3414 contaminent
669 3352 819 3430 populum,
834 3353 865 3409 in
880 3369 939 3428 quo
959 3350 1147 3427 corporaliter

90 3465 307 3514 conversantur.
343 3454 381 3512 Et
395 3473 447 3531 per
461 3455 545 3512 istam
559 3454 690 3511 ultimam
701 3452 870 3529 particulam
884 3458 1009 3526 possunt
1019 3448 1146 3526 pseudo-

91 3552 195 3612 fratres
223 3553 349 3611 discerni
377 3553 414 3611 ab
442 3553 504 3611 aliis
532 3552 582 3627 qui
611 3562 731 3626 propter
757 3549 1004 3608 mendicationem
1028 3556 1148 3623 propter

91 3650 268 3722 mendacia⁸,
292 3651 336 3710 vel
360 3651 446 3709 aliam
472 3649 574 3709 falsam
599 3648 799 3708 seductionem
823 3647 924 3725 populi
948 3656 1089 3722 tanquam
1110 3644 1147 3703 de

92 3748 268 3809 substantia⁹
284 3749 328 3808 sui
342 3749 452 3808 ordinis
466 3757 532 3807 sunt
546 3748 663 3822 egressi.

124 3895 133 3926 ¹
150 3893 255 3958 quilibet
266 3892 434 3957 Christianus]
447 3893 602 3943 Christianus
613 3893 723 3957 quilibet,
737 3895 768 3944 C.
939 3891 949 3921 ¹
966 3890 1027 3954 sint]
1040 3897 1105 3946 sunt,
1117 3891 1147 3940 C.

90 3959 101 3990 ³
118 3959 220 4024 figurat]
233 3959 362 4023 significat,
375 3960 404 4009 C.
513 3959 522 3986 ⁴
538 3959 650 4008 dolorem
662 3958 818 4022 continuum]
831 3957 940 4007 colorem
952 3957 1104 4010 continuum,
1117 3956 1147 4005 C.

90 4025 101 4055 ⁸
116 4024 337 4088 mortificaverant]
350 4023 536 4081 mortificarunt,
549 4025 578 4074 C.
645 4023 655 4052 ⁶
671 4024 795 4088 laborem]
807 4023 928 4077 dolorem.
940 4023 969 4071 C.
1041 4021 1051 4048 ⁷
1068 4037 1083 4068 a
1094 4021 1147 4068 dia-

91 4090 154 4141 bolo
165 4089 231 4155 esse]
243 4105 296 4139 esse
307 4106 322 4139 a
333 4089 443 4145 diabolo.
456 4091 486 4139 C.
658 4089 668 4116 ⁸
683 4097 786 4154 propter
796 4087 935 4151 mendacia]
949 4102 998 4135 om.
1011 4087 1041 4136 C.
1053 4086 1148 4150 primae

90 4170 186 4271 Ἓξ.
232 4221 254 4270 C
347 4156 358 4184 ⁰
374 4155 406 4204 de
417 4153 566 4218 substantia]
583 4154 727 4211 substantia.
744 4156 777 4203 A.
792 4154 887 4217 primae
900 4168 995 4209 manus.
1007 4153 1070 4207 aba
1089 4152 1147 4200 sub·

94 4236 107 4270 s
162 4235 220 4276 ram,
256 4258 262 4269 .

569 4302 643 4362 ssa

1213 453 1278 525 435
