2864 4836
496 423 751 503 Jonrvnrs
792 424 1006 487 wrcrrr
1201 450 1282 486 mn

273 585 437 645 Phrenesis.
481 586 561 647 Sicut
585 587 644 645 dixi
669 588 720 645 tibi
744 587 885 663 superius,
909 596 1025 662 oportet
1051 597 1082 645 te
1106 603 1281 664 cognoscere

232 686 403 743 sententiam
435 685 471 744 de
501 686 718 756 universalibus,
745 696 774 743 et
801 684 884 743 tunc¹
913 684 1057 759 intelliges
1091 686 1188 762 quod,
1216 687 1281 745 sicut

231 783 344 856 species
358 782 486 841 humana
500 795 543 842 est
563 784 712 859 quodlibet
731 784 794 860 ejus
811 781 1000 851 individuum,
1015 782 1058 840 sic
1079 782 1164 842 idem
1183 800 1281 860 oorpus

231 876 337 938 Christi
358 882 388 938 in
415 899 537 940 numero
557 890 602 940 est
622 880 766 957 quaelibet
786 899 854 958 pars
875 880 1019 939 sensibilis
1039 880 1160 940 hostiae
1185 899 1281 941 conse·

230 989 334 1036 cratae.
369 978 583 1038 Conclusiones
598 981 677 1038 enirn
689 978 801 1055 logicae
813 979 913 1056 juvant
924 977 962 1036 ad
976 979 1113 1039 veritates
1123 980 1280 1039 oethohoes

230 1077 460 1150 cognoscendas.
511 1076 547 1135 In
574 1077 670 1136 multis
699 1088 797 1136 tamen
825 1087 869 1135 est
896 1076 1053 1146 diversitas,
1083 1077 1116 1134 in
1146 1077 1280 1154 exemplo

230 1175 337 1247 speciei
354 1185 384 1233 et
403 1176 534 1251 corporis
553 1175 669 1245 Christi,
692 1193 759 1234 cum
778 1174 927 1251 quodlibet
946 1175 1135 1251 suppositum
1156 1175 1280 1236 hominis

229 1271 266 1328 sit
287 1270 410 1330 identice
432 1273 544 1349 species
566 1273 702 1331 humana.
745 1272 817 1331 Non
838 1273 879 1330 sic
900 1282 998 1331 autem
1019 1282 1063 1331 est
1088 1273 1127 1332 de
1152 1275 1281 1351 partibus

229 1371 423 1444 quantitativis
444 1371 528 1446 panis
550 1371 662 1441 sacrati,
677 1380 706 1429 et
728 1372 768 1430 sic
789 1380 883 1429 totum
905 1371 1066 1429 universale
1087 1383 1133 1431 est
1154 1373 1280 1431 identioe

228 1467 378 1543 quodlibet
398 1468 461 1544 ejus
482 1470 674 1545 suppositum,
689 1469 741 1528 sed
760 1486 867 1545 corpus
882 1468 989 1527 Christi
1008 1486 1070 1527 non
1089 1479 1135 1529 est
1155 1470 1280 1530 identice

228 1565 372 1641 quaelibet
392 1584 460 1642 pars
485 1568 673 1642 quantitative
695 1568 786 1643 panis,
809 1566 861 1625 sed
885 1565 1129 1626 habitudinaliter.
1175 1566 1278 1627 Utrum

228 1674 325 1721 autern
341 1664 376 1722 sit
394 1663 531 1723 resolutio
549 1664 587 1723 ad
606 1676 719 1741 partem
737 1663 960 1723 individualem²
978 1663 1129 1735 inclusive,
1148 1682 1216 1725 non
1234 1665 1278 1723 hic

227 1760 345 1831 diffinio,
371 1762 423 1820 sed
447 1774 541 1822 certus
566 1782 630 1823 sum
655 1764 736 1840 quod
761 1763 906 1839 quaelibet
930 1780 998 1840 pars
1026 1763 1167 1822 naturalis
1194 1776 1278 1840 atque

227 1860 370 1918 sensibilis
391 1862 475 1938 panis
497 1861 617 1920 sacrati³
637 1873 681 1920 est
700 1860 932 1921 habitudinaliter
953 1878 1059 1936 corpus
1074 1859 1194 1931 Christi,
1213 1879 1278 1921 cum

227 1975 288 2015 non
308 1959 343 2015 sit
362 1959 443 2029 ratio,
467 1977 555 2035 quare
580 1978 672 2036 panes
695 1960 825 2035 dispares
847 1959 877 2016 in
899 1958 1036 2034 qualitate
1057 1967 1086 2017 et
1107 1961 1278 2035 quantitate,

226 2053 297 2113 dum
316 2067 529 2126 consecrantur,
549 2067 808 2134 quantumcunque
827 2055 1003 2128 distiterint⁴,
1023 2065 1091 2115 sunt
1110 2075 1278 2117 sacramen·

225 2153 318 2212 taliter
337 2153 432 2212 idem⁶
452 2172 559 2230 corpus
580 2153 710 2224 christit,
731 2155 803 2230 quin
824 2173 875 2229 per
896 2154 973 2213 idem
992 2152 1037 2212 et⁷
1050 2153 1160 2212 multae
1182 2167 1278 2232 partes

225 2251 429 2326 quantitativae
440 2252 570 2328 ejusdem
582 2256 667 2329 panis
672 2273 680 2325 ;
700 2252 752 2312 sed
762 2252 1010 2329 praedicationum
1020 2251 1170 2311 distinctio
1181 2255 1276 2312 omni·

225 2349 314 2408 mode
328 2359 372 2408 est
386 2350 523 2409 notanda.
566 2351 605 2410 Et
623 2362 710 2429 patet,
726 2351 807 2428 quod
821 2352 915 2427 prima
935 2350 1085 2409 conclusio
1106 2362 1151 2410 est
1170 2370 1276 2411 conce·

226 2448 330 2507 denda.
367 2446 405 2507 Et
419 2459 560 2524 quantum
575 2449 613 2508 ad
622 2453 745 2525 premam
760 2450 846 2508 trium
858 2449 1087 2527 replicationum,
1098 2462 1181 2525 patet
1194 2451 1275 2526 quod

225 2546 294 2604 nihil
319 2557 362 2605 est
387 2547 531 2604 inlinitum
556 2566 687 2623 parvum,
709 2548 782 2606 sicut
807 2546 877 2605 nihil
898 2557 942 2606 est
963 2548 1106 2605 infinitum
1132 2566 1274 2624 magnum

224 2653 337 2719 practer
358 2654 491 2701 naturam
513 2645 649 2714 divinam,
671 2656 700 2703 et
720 2646 767 2703 illa
790 2664 850 2703 non
872 2655 916 2703 est
940 2664 1044 2721 parva;
1077 2646 1274 2722 compositum

224 2741 302 2797 enirn
317 2759 353 2797 ex
369 2741 483 2800 duobus
499 2743 682 2818 punctalibus
701 2755 744 2802 est
764 2761 878 2801 summe
898 2761 1027 2819 parvum,
1042 2743 1115 2801 sicut
1136 2762 1275 2801 numerus

224 2838 350 2898 binarius
372 2841 401 2897 in
423 2844 580 2917 quantitate
602 2843 740 2915 discreta;
773 2842 906 2902 concedo
927 2854 1035 2913 tamen,
1059 2844 1141 2919 quod
1166 2863 1275 2922 corpus

225 2934 330 2995 Christi
344 2948 388 2996 est
407 2941 476 2997 satis
495 2959 616 3016 parvum
630 2952 659 2998 et
673 2941 882 3017 quantumlibet
896 2943 972 2998 varie
987 2941 1150 3016 figuratum.
1194 2941 1275 3001 Nota

223 3047 328 3106 tamen,
351 3048 382 3096 ut
404 3039 463 3096 dixi
484 3041 625 3115 superius,
647 3041 727 3115 quod
748 3042 848 3099 omnia
869 3042 923 3099 ista
943 3039 1086 3116 intelligas
1107 3040 1137 3097 in
1159 3043 1274 3119 praedi·

223 3138 336 3195 catione
350 3135 538 3195 habitudinali
554 3149 581 3196 et
596 3139 750 3208 essentiali,
766 3156 826 3196 non
842 3150 939 3196 autern
954 3147 985 3195 ut
1002 3137 1203 3214 praedicatum
1218 3140 1274 3198 tale

222 3233 379 3293 formaliter
400 3236 589 3311 praedicatur,
610 3247 642 3293 ut
664 3253 771 3312 corpus
792 3235 899 3295 Christi
921 3246 965 3295 est
986 3247 1128 3312 quantum
1150 3248 1180 3296 et
1202 3237 1275 3314 ligu-

222 3346 316 3390 ratum
338 3333 494 3408 aequaliter
519 3351 611 3408 grano
638 3333 797 3402 frumenti⁸,
820 3334 888 3410 quia
909 3344 953 3393 est
976 3334 1044 3392 illud
1072 3335 1155 3410 quod
1183 3336 1276 3394 taliter

221 3431 422 3505 quantificatur
447 3442 475 3489 et
500 3432 645 3506 liguratur,
668 3443 697 3490 et
721 3441 819 3489 tamen
845 3450 951 3507 corpus
972 3431 1078 3490 Christi
1100 3451 1163 3491 non
1181 3434 1273 3493 taliter

222 3529 425 3601 quantificatur
439 3540 488 3586 aut
503 3530 649 3604 liguratur,
661 3548 729 3587 curn
744 3548 850 3605 corpus
865 3529 972 3589 Christi
983 3548 1046 3589 non
1061 3530 1202 3605 figuratur
1216 3531 1271 3589 nisi

220 3636 252 3682 ut
266 3637 308 3683 est
324 3627 353 3682 in
374 3626 466 3696 coelo,
482 3627 548 3685 licet
563 3628 599 3685 sit
620 3628 775 3703 figuratum
795 3626 875 3702 quod
896 3627 943 3686 hic
966 3628 1191 3686 substantialiter
1213 3628 1272 3687 est'

220 3723 382 3793 nobiscum,
397 3725 465 3799 quia
483 3734 527 3782 est
546 3725 630 3799 panis
650 3725 699 3800 qui
719 3724 881 3783 secundum
900 3724 1154 3784 denominationes
1170 3726 1270 3803 hujus·

251 3949 258 3977 ¹
277 3947 348 4012 tunc]
360 3947 403 4003 sic,
416 3947 508 3998 A.B.C.
521 3949 558 3998 ed.
571 3965 608 4013 pr.
754 3948 765 3978 ¹
781 3949 966 4014 inditidualem]
979 3949 1161 4006 indivisibilem,
1174 3950 1268 4001 ΑΒΕ.

219 4013 257 4061 ed.
268 4028 305 4076 pr.
404 4013 529 4078 ³sacrati]
542 4015 695 4071 sacramenti,
708 4014 744 4070 B..
757 4016 786 4065 C.
798 4016 892 4080 primae
904 4031 998 4071 marrus,
1009 4015 1048 4065 ed.
1079 4032 1099 4064 r.
1199 4015 1268 4066 ‘dis-

219 4077 325 4141 titerint]
337 4078 481 4134 destiterint,
493 4080 531 4127 ed.
543 4095 580 4143 pr.
671 4080 680 4109 ⁵
696 4080 774 4145 idem]
787 4097 836 4129 om.
848 4080 887 4129 ed.
899 4097 936 4145 pr.
1025 4082 1035 4111 ⁸
1075 4079 1158 4145 hristi]
1171 4097 1222 4130 om.
1235 4082 1268 4130 Α.

217 4141 227 4168 ⁷
244 4143 280 4205 et]
292 4143 375 4199 etiam,
387 4143 480 4193 ΑΒΕ.
606 4145 616 4173 ³
632 4145 765 4210 aequaliter
776 4161 853 4209 grano
866 4145 992 4210 frumenti]
1005 4160 1056 4195 om.
1069 4147 1133 4196 ΑΕ.
1145 4147 1271 4207 εεοωὶὼι,

219 4222 312 4256 manus.
410 4209 421 4237 ⁹
439 4208 489 4272 est]
499 4209 537 4266 sit,
550 4208 579 4258 B.
591 4210 684 4274 primae
696 4226 790 4268 manus,
802 4211 840 4260 ed.
853 4227 890 4275 pr.
