2864 4836
136 456 233 499 cana.
507 430 848 492 TRIALOGUS.

141 590 330 652 audchristus
357 592 445 652 talem
473 592 578 652 habeat
605 595 798 668 potestatem?
838 591 926 652 Unde
950 592 1062 652 videtur
1089 592 1194 664 multis,

141 689 226 766 quod
244 690 319 748 inter
338 707 443 749 omnes
457 690 610 766 patientias
624 708 698 766 quas
713 689 859 750 Christus¹
875 691 911 750 de
929 691 1039 766 inJ'uriis
1053 691 1196 749 viatorum

141 786 288 858 susanae,
302 786 376 847 haec
390 796 435 847 est
447 805 509 846 una
527 787 570 846 de
582 787 726 859 maximis,
741 788 823 864 quod
841 789 979 864 permittit
998 787 1195 849 antichristum

142 893 207 944 tam
220 883 270 943 diu
284 903 408 960 regnare
423 894 452 944 et
466 885 608 962 populum
623 895 736 944 tantum
751 885 897 945 seducere.

186 980 263 1040 Item
286 982 398 1042 videtur
425 982 506 1059 quod
533 982 581 1041 illa
608 984 710 1060 opinio
737 983 930 1060 multipliciter
957 982 1141 1060 blasphemat
1166 982 1198 1040 in

143 1076 303 1151 Christum,
322 1098 390 1139 cum
411 1081 556 1139 extollitur
577 1081 680 1158 supra⁸
700 1083 764 1158 ejus
784 1082 996 1140 humanitatem
1017 1091 1104 1156 atque
1126 1078 1197 1138 Dei-

114 1221 116 1225 .
143 1185 236 1236 tatem
264 1187 293 1236 et
318 1178 359 1236 sic
385 1196 472 1253 super
496 1196 586 1237 omne
610 1178 690 1255 quod
719 1179 822 1238 dicitur
846 1178 936 1250 Deus,
962 1178 1043 1255 quod
1072 1177 1200 1237 declarat

142 1272 295 1350 spostolus
315 1285 483 1351 competere
505 1275 700 1347 antichristo⁴,
721 1276 811 1334 habet
831 1276 910 1335 enim
931 1284 1106 1350 potestatem
1124 1273 1200 1333 Cae·

143 1387 257 1431 stream
278 1388 366 1449 supra
388 1371 543 1438 Christum,
566 1373 615 1449 qni
636 1390 698 1431 non
718 1372 820 1432 habuit
840 1372 1020 1431 domicilium
1040 1372 1091 1431 ubi
1112 1381 1201 1448 caput

143 1470 298 1548 proprium
318 1469 479 1529 reclinaret.
522 1469 561 1529 Et
585 1481 728 1546 quantum
753 1471 791 1530 ad
816 1470 992 1547 spiritualem
1016 1479 1201 1546 potestatem,

144 1583 221 1645 quae
248 1565 420 1626 humanitati
448 1566 555 1627 Christi
587 1568 696 1639 attinet,
725 1568 838 1627 videtur
865 1567 948 1644 quod
974 1585 1053 1644 papa
1085 1578 1202 1643 superat

144 1663 248 1744 Jesum
275 1675 416 1725 nostrum.
473 1665 611 1742 Oportuit
638 1666 717 1724 enim
746 1664 895 1725 Christum
925 1666 986 1743 pati
1018 1664 1202 1724 durissimam

147 1763 317 1840 passionem
336 1780 392 1839 pro
409 1763 554 1822 salvandis
573 1764 749 1835 hominibus,
764 1773 793 1822 et
812 1781 899 1839 super
917 1761 1007 1821 haec⁸
1020 1770 1136 1839 oportet
1150 1759 1204 1821 de⁸

144 1859 203 1920 Dei
225 1861 334 1937 justitia
361 1860 441 1937 quod
464 1862 566 1920 virtute
592 1860 700 1921 Christi
725 1861 870 1938 passionis
890 1859 1034 1930 homines,
1062 1858 1204 1935 quidquid

145 1956 332 2018 beatitudinis
352 1957 513 2030 habuerint,
533 1969 706 2019 mereantur.
749 1958 809 2017 Sed
829 1959 883 2017 iste
902 1957 1005 2032 refuga
1023 1956 1100 2027 dicit,
1122 1956 1204 2031 quod

145 2055 212 2116 licet
233 2056 287 2115 sibi
308 2066 566 2132 quantumcunque
587 2057 760 2133 voluptuose
780 2055 900 2114 voluerit
922 2053 1094 2124 conversari,
1116 2062 1203 2112 etex

145 2152 226 2212 nuda
239 2152 382 2229 scriptura
394 2154 481 2213 unius
496 2154 533 2214 de
547 2155 648 2214 scribis
663 2155 724 2213 suis
738 2162 862 2229 possunt
875 2154 906 2210 in
920 2152 1061 2211 militante
1081 2149 1203 2210 ecclesia

145 2249 258 2308 infinita
275 2250 417 2309 mirabilia
436 2251 584 2323 innovari;
615 2250 768 2327 quomodo
787 2268 860 2327 ergo
879 2266 941 2308 non
960 2248 1103 2308 extollitur
1116 2266 1204 2325 super

146 2345 309 2406 Dominum
337 2345 439 2424 Jesum
463 2346 632 2407 Christum?
676 2347 713 2406 In
741 2348 824 2424 cujus
851 2345 984 2422 signum⁷
1009 2363 1071 2404 non
1091 2345 1203 2422 legitur,

146 2444 228 2520 quod
248 2443 383 2503 Christus
403 2444 474 2503 tales
496 2445 696 2505 absolutiones
716 2445 761 2502 vel
781 2440 991 2520 indulgentias⁸
1011 2452 1204 2513 concesserat,

145 2559 202 2601 nec
220 2539 322 2618 aliquis
336 2542 373 2600 de
388 2542 448 2601 suis
466 2541 624 2618 apostolis;
654 2543 678 2600 si
697 2551 796 2600 tamen
815 2541 902 2600 talem
922 2549 1097 2617 potestatem
1115 2539 1205 2598 habe·

145 2647 219 2708 rent,
241 2648 286 2696 est
311 2637 409 2696 multis
434 2638 584 2714 probabile
609 2638 691 2715 quod
711 2655 774 2697 non
797 2637 893 2696 forent
914 2638 944 2695 in
968 2637 1017 2696 illa
1037 2636 1206 2713 simpliciter

146 2735 242 2806 otiosi,
267 2735 432 2812 specialiter
460 2754 526 2794 cum
553 2734 687 2796 Christus
714 2733 834 2795 damnat
862 2753 976 2794 servum
1004 2734 1120 2811 pigrum
1144 2750 1206 2793 non

146 2834 347 2909 negotiantem
376 2851 444 2893 cum
472 2834 582 2893 talento
610 2834 666 2893 sibi
694 2832 828 2905 credit0⁹‚
853 2840 883 2892 et
907 2834 1025 2909 requirit
1052 2833 1089 2893 de
1116 2849 1206 2892 manu

145 2931 265 3008 praelati
293 2932 423 2990 animam
450 2931 600 3008 subJecti¹⁰
624 2933 655 2990 in
684 2932 796 2992 desidia
823 2949 877 2991 sua
904 2931 1042 3002 damnati,
1066 2939 1098 2989 ut
1126 2939 1207 3006 patet

145 3027 254 3088 Ezech.
275 3028 339 3087 iii.¹¹
382 3027 440 3088 Vel
464 3030 550 3104 igitur
574 3040 690 3105 oportet
713 3047 829 3105 negare,
850 3029 931 3105 quod
953 3027 1085 3087 Christus
1109 3037 1138 3085 et
1162 3027 1207 3086 sui

146 3127 273 3204 apostoli
300 3127 389 3185 talem
419 3129 581 3203 potentiam
615 3126 787 3197 habuerunt,
815 3126 861 3183 vel
889 3126 970 3201 quod
997 3124 1206 3184 incarcerando

146 3225 243 3301 ipsam
271 3226 434 3302 potentiam
462 3235 493 3283 et
520 3242 582 3282 non
615 3223 767 3300 operando
794 3240 862 3280 cum
890 3222 938 3280 illa
965 3221 1003 3280 ad
1030 3219 1208 3281 utilitatem¹²

146 3323 288 3383 ecclesiae
301 3333 513 3401 peccaverunt;
536 3324 590 3383 sed
603 3341 678 3400 quae
693 3323 788 3400 major
802 3321 934 3381 insania?
968 3321 1033 3380 Et¹³
1046 3320 1150 3379 eadem
1163 3330 1208 3379 est

148 3423 353 3492 consideratio,
377 3422 459 3499 quod
479 3440 557 3498 papa
577 3421 682 3480 eadem
703 3420 805 3478 merita
827 3428 994 3478 sanctorum
1016 3418 1143 3495 applicat
1163 3416 1207 3477 vel

148 3521 277 3595 assignat
311 3519 348 3577 ad
383 3519 618 3596 prodessendum
645 3516 758 3576 homini
791 3527 1049 3593 quantumcunque
1077 3514 1206 3574 voluerit.

149 3615 276 3693 Oportet
296 3618 375 3677 enirn
392 3617 540 3676 Christum
561 3616 627 3692 plus
648 3615 742 3674 iacere
762 3623 824 3673 tam
838 3632 875 3672 ex
892 3622 972 3690 parte
993 3613 1036 3672 sui
1057 3629 1110 3689 pro
1125 3630 1207 3672 com·

147 3714 298 3792 plemento
310 3715 435 3791 justitiae
450 3732 539 3792 quam
555 3723 686 3790 exparte
701 3712 857 3789 peccantis,
873 3728 962 3786 quern
979 3722 1094 3786 oportet
1109 3709 1208 3770 Chris·

182 3876 191 3905 ¹
209 3875 335 3939 Christus]
348 3875 463 3925 Christus
473 3874 557 3930 habet,
569 3873 603 3923 D.
615 3874 654 3923 ed.
662 3890 703 3986 pr.
855 3872 865 3901 ²
883 3871 998 3935 sustinet]
1011 3888 1061 3921 om.
1074 3871 1107 3920 D.
1119 3871 1158 3920 ed.
1170 3886 1208 3935 pr.

148 3939 261 4005 'supra]
274 3955 356 4004 super,
368 3941 406 3989 ed.
418 3956 455 4005 pr.
566 3938 651 3988 ‘ets
686 3938 846 4002 hessal.ii.4.
956 3937 1054 4000 lhuec]
1063 3952 1113 3985 om.
1126 3935 1163 3992 B..
1175 3936 1207 3984 A.

168 4005 244 4054 rimae
255 4021 351 4054 manus.
462 4005 472 4033 ⁸
488 4003 531 4068 de]
544 4004 642 4053 credere
653 4004 692 4059 de.
703 4003 742 4052 ed.
755 4019 791 4067 pr.
901 4002 910 4030 ⁷
927 4000 1037 4065 signum]
1049 4002 1107 4058 vita,
1119 3999 1158 4049 ed.
1170 4016 1207 4064 pr.

176 4069 356 4134 indulgentias]
368 4069 535 4134 indulgentias
547 4068 617 4125 tales,
629 4068 662 4117 D.
675 4068 714 4117 ed.
726 4083 763 4131 pr.
873 4067 884 4096 ⁹
900 4066 931 4117 ci.
944 4066 1036 4114 Matth.
1047 4082 1103 4115 xxv.
1117 4064 1156 4122 26,
1169 4075 1208 4140 η.

149 4136 169 4166 ¹⁰
185 4134 301 4199 subjecti]
313 4135 369 4192 sibi,
382 4134 444 4183 A.B.
543 4134 560 4165 ¹¹
579 4133 711 4184 Ezechiii.
726 4144 829 4196 17-19.
936 4131 954 4161 ¹²
971 4130 1115 4195 utilitatem]
1127 4129 1207 4180 humi-

147 4201 255 4257 litatem,
268 4198 305 4257 Β.,
318 4200 350 4248 Α.
363 4200 457 4265 primae
469 4213 563 4248 manus.
664 4198 681 4228 ¹³
697 4196 734 4260 et]
747 4213 797 4246 om.
809 4197 847 4246 ed.
860 4212 896 4261 pr.

1274 445 1338 513 359
