2864 4836
70 477 152 514 cara
429 447 767 511 TRIALOGUS.

72 614 161 675 aliam
181 620 345 690 generatur,
366 628 429 671 non
449 621 549 671 tamen
569 611 670 688 incipit
694 609 739 669 vel
761 609 866 670 desinit
887 626 941 688 pro
961 619 1031 669 tunc
1051 625 1125 667 esse.

73 711 114 772 Et
135 713 177 771 sic
198 710 364 770 communis
386 708 491 786 logica,
513 720 543 769 et
563 709 750 787 philosophia
773 709 922 767 excutiunt
946 706 1128 767 difficultates

73 808 275 887 sophisticas¹,
290 826 366 886 quae
385 808 416 866 in
434 807 483 867 illa
500 809 621 867 materia
639 806 819 867 ventilantur.
861 805 900 866 Et
919 805 976 865 hoc
995 804 1065 864 satis
1084 813 1128 863 est

74 907 114 968 de
128 907 239 969 unitate
252 916 281 968 et
296 907 334 968 de
346 906 615 984 incorruptibilitate
629 905 839 983 hujusmundi.

531 1259 626 1323 CAP.
647 1259 687 1321 11.

378 1427 424 1487 De
438 1430 605 1498 aeternitate,
619 1446 692 1500 aeus,
707 1432 830 1505 tempore.

121 1595 246 1656 Alr'ttiiir.
287 1593 410 1654 Videtur
433 1604 552 1671 propter
577 1592 702 1653 dicenda
722 1595 956 1670 consequentia²,
977 1614 1042 1656 esse
1067 1614 1132 1673 per-
1166 1596 1295 1673 baffi„

78 1696 178 1756 tinens
200 1693 237 1753 de
258 1711 397 1753 mensura
415 1692 520 1769 triplici
538 1691 737 1768 pertractare³,
760 1693 877 1763 scilicet,
900 1692 936 1752 de
956 1695 1132 1765 aeternitate,
1165 1646 1259 1757 Q.

80 1809 165 1863 aevo,
180 1802 210 1852 et
222 1791 379 1869 tempore⁴.
421 1791 580 1849 Aeternitas
593 1800 690 1849 autem
704 1799 749 1849 est
767 1788 880 1849 duratio
895 1790 952 1849 Dei
971 1792 1133 1851 secundum

80 1909 148 1952 esse
160 1889 326 1962 immobile;
348 1898 378 1949 et
390 1897 510 1948 vocatur
524 1905 542 1946 a
556 1887 653 1946 Bottr'o
666 1887 884 1947 interminabilis
897 1889 971 1948 vitae
985 1891 1133 1966 possessio

80 1999 145 2048 tota
169 1988 264 2060 simul,
286 2005 354 2047 cum
378 1988 409 2045 in
433 1986 600 2045 aeternitate
622 2003 683 2044 non
705 1985 864 2045 succedunt
885 1996 982 2063 partes
1007 1988 1066 2047 sive
1090 1989 1134 2047 in·

82 2086 211 2158 stantia⁶‚
227 2103 264 2144 eo
279 2084 360 2163 quod
373 2083 456 2143 Deus
471 2083 633 2144 nonhabet
647 2101 712 2142 esse
726 2084 944 2144 transmutabile
955 2086 1000 2144 vel
1012 2087 1135 2145 ‘obum-

83 2185 250 2244 brationem
272 2178 509 2253 vicissitudinis⁸,'
536 2182 609 2240 sicut
632 2182 769 2242 mundus.
822 2182 1001 2243 Conceditur
1026 2195 1135 2257 tamen,

84 2282 166 2359 quod
179 2280 262 2340 Deus
276 2279 329 2339 fuit
342 2289 373 2339 et
385 2280 439 2339 erit
457 2290 576 2356 propter
595 2280 787 2357 adjacentiam
801 2283 950 2359 temporis,
965 2283 1047 2359 quod
1065 2301 1135 2342 con-

83 2380 229 2457 tingenter
243 2378 289 2439 vel
307 2376 521 2437 accidentaliter
535 2376 589 2436 sibi
603 2378 686 2449 inest,
702 2379 743 2439 sic
756 2379 838 2456 quod
852 2381 876 2439 si
890 2399 943 2457 per
955 2381 1135 2458 impossibile

86 2497 148 2538 non
162 2477 255 2538 esset'
267 2476 395 2536 mundus
409 2487 458 2536 aut
476 2486 574 2535 motus
593 2477 743 2549 sensibilis,
759 2496 820 2537 non
839 2480 948 2539 inesset
961 2480 1027 2539 Deo
1047 2480 1135 2540 fuisse

86 2575 132 2637 vel
146 2574 233 2646 iore⁸,
249 2574 301 2634 sed
315 2573 483 2650 simpliciter
496 2592 602 2651 purum
620 2593 693 2634 esse.
735 2575 772 2635 Et
786 2577 828 2635 sic
843 2595 904 2636 non
923 2588 1038 2654 oportet
1055 2597 1136 2638 mus·

87 2676 173 2734 sitare
188 2673 225 2733 de
239 2673 368 2750 partibus
382 2670 427 2730 vel
442 2672 616 2732 instantibus
630 2675 813 2745 aeternitatis,
828 2684 877 2735 aut
891 2676 972 2753 quod
986 2677 1033 2736 alii
1047 2695 1136 2753 quam

88 2771 156 2831 Deo
170 2780 267 2848 potest
281 2771 345 2847 ipsa
363 2769 522 2829 formaliter
541 2780 716 2847 competere,
730 2772 795 2831 licet
815 2773 965 2833 causaliter
984 2777 1138 2853 principiet

87 2887 209 2929 omnem
232 2886 401 2927 mensuram
426 2878 562 2928 creatam.
604 2867 669 2928 Nec
697 2869 790 2941 refert,
815 2872 874 2930 sive
897 2873 961 2948 ipsa
986 2876 1138 2933 aeternitas

87 2977 209 3027 vocetur
225 2965 352 3027 instans·
373 2967 547 3025 aeternitatis
567 2967 625 3025 sive
644 2985 717 3043 pura
736 2970 897 3041 aeremitas
914 2972 1033 3030 comsit
1050 2971 1139 3032 idem.

88 3066 199 3126 aevum
212 3075 311 3124 autem
324 3065 369 3124 vel
382 3065 489 3123 aevitas
503 3073 548 3123 est
562 3082 698 3124 mensura
712 3067 864 3142 spiritualis
878 3080 906 3127 et
920 3069 998 3128 mole
1012 3070 1139 3129 indivisi·

90 3164 157 3224 bilis
177 3173 291 3222 creatae
311 3163 498 3233 substantiae,
519 3163 680 3221 secundum
699 3182 787 3240 quam
806 3166 909 3225 dicitur
927 3168 1091 3244 perdurare,
1111 3179 1141 3228 et

64 3286 67 3291 ·
91 3278 154 3321 non
169 3261 300 3320 consistit
314 3262 345 3318 in
359 3261 553 3331 successione,
569 3261 642 3320 sicut
656 3280 710 3321 nec
725 3265 887 3323 aeternitas.

132 3359 268 3418 Pseurtir.
309 3358 371 3418 lsta
384 3356 495 3417 videtur
513 3360 632 3435 brigosa
651 3361 801 3431 sententia,
812 3363 905 3435 prrino
923 3363 992 3438 quia
1010 3362 1142 3421 videntur

90 3475 157 3518 esse
170 3467 213 3516 tot
226 3457 389 3517 aevitates¹⁰
402 3467 475 3534 quot
488 3466 555 3516 sunt
574 3457 646 3516 tales
666 3459 780 3533 spiritus
799 3459 1006 3535 perdurantes;
1029 3478 1142 3519 verum-

91 3568 192 3617 tamen
206 3555 338 3615 sicut'est
351 3573 411 3614 una
424 3555 577 3614 aeternitas
591 3564 620 3614 et
633 3574 725 3614 unum
739 3565 864 3633 tempus,
879 3559 920 3616 sic
934 3558 1046 3618 videtur
1062 3558 1143 3636 quod

92 3656 130 3715 sit
149 3672 210 3713 una
230 3655 346 3726 aevitas,
360 3671 435 3730 quae
455 3654 592 3712 omnibus
613 3653 717 3713 talibus
739 3655 885 3731 spiritibus
905 3667 949 3715 est
970 3659 1143 3717 communis.

93 3751 220 3813 Secundo
234 3752 353 3825 videtur,
369 3770 437 3811 cum
451 3750 547 3827 angeli
560 3761 685 3827 possunt
699 3754 808 3812 moveri
822 3763 882 3813 tam
899 3755 1071 3814 sensibiliter
1084 3773 1144 3833 quo

128 3916 138 3947 ¹
155 3914 314 3980 sophisticas]
327 3914 523 3985 sophismatibus,
534 3913 573 3964 ed.
585 3929 630 3978 pr..
643 3914 673 3964 C.
684 3915 777 3978 primae
788 3931 883 3966 manus.
933 3916 943 3945 ²
959 3917 1144 3983 consequentia]

94 3983 182 4038 subst„
193 3981 371 4045 consequenda,
382 3980 421 4031 ed.
433 3996 470 4045 pr.
576 3979 586 4008 ³
602 3981 762 4046 pertractare]
774 3982 941 4075 pertractatio,
954 3983 1046 4033 A.B.C.
1059 3984 1097 4033 ed.
1108 3999 1146 4048 pr.

93 4048 104 4079 ⁴
119 4055 171 4098 tem
207 4045 245 4124 re]
256 4053 376 4112 perpetuo
388 4053 509 4110 tempore,
519 4044 612 4095 A.B.C.
624 4047 662 4096 ed.
673 4060 710 4109 pr.
800 4047 928 4112 instantia]
940 4049 1048 4105 instanti,
1059 4048 1098 4099 ed.
1109 4065 1146 4114 pr.

94 4113 157 4163 ‘sc
198 4122 300 4176 c.1.17.
397 4111 475 4161 'non
486 4111 561 4176 esset]
573 4126 624 4160 non
635 4118 680 4168 est,
689 4112 720 4160 Α.
732 4117 777 4168 est,
790 4111 823 4160 1).
921 4113 1147 4179 ‘tuisseveliord
1194 4122 1198 4128 '

94 4179 149 4229 iore
159 4176 293 4233 terruisse,
305 4178 338 4227 Α.
485 4176 495 4206 ⁹
512 4176 617 4240 instans]
629 4192 694 4242 pars,
706 4177 744 4226 ed.
756 4192 792 4241 pr.
805 4193 861 4229 cum
874 4179 1147 4244 septimanarius.

96 4247 116 4274 ¹⁰
132 4242 263 4308 ueritates]
275 4241 440 4299 serenitates,
453 4240 485 4290 D.
