2864 4836
70 449 155 486 cana
194 426 682 489 SUPPLEMENTUM
710 428 1006 491 TRIALOGI.

71 587 208 649 fundabit
222 591 288 649 alibi
303 590 333 648 in
353 591 501 667 scriptura.
543 590 618 663 Quis
630 592 718 667 igitur
735 592 854 651 rationis
872 609 998 667 compos
1017 599 1047 650 et
1064 609 1127 650 non

72 689 198 746 omnino
223 688 358 747 seductus
382 690 513 748 versutiis
538 690 695 748 antichristi
719 708 781 748 non
809 691 985 766 quietaretur
1012 690 1043 747 in
1071 690 1128 748 isto

71 804 218 863 responso
237 787 360 863 triplici?
382 790 478 861 preino
497 788 577 864 quod
597 788 696 847 fideles
715 806 871 864 regnorum
886 788 986 848 volunt
1003 789 1033 847 in
1047 806 1130 847 men-

72 902 143 942 sura
166 884 243 942 fideli
267 885 386 944 obedire
407 904 501 962 papae
525 896 665 962 tanquam
690 905 758 945 vero
783 887 889 946 vicario
913 886 985 964 Jesu
1006 886 1129 957 Christi;

70 984 187 1040 secundo
207 984 288 1058 quod
308 983 406 1059 lapsus
426 984 599 1044 antichristi¹
620 985 651 1042 in
674 985 731 1043 isto
751 996 795 1043 est
816 984 914 1055 facilis,
937 995 969 1044 ut
990 995 1070 1061 patet
1093 985 1130 1043 de

73 1081 263 1140 contentione
282 1099 433 1158 paparum,
448 1100 538 1158 quam
556 1082 697 1142 habemus
712 1083 742 1140 in
761 1084 912 1154 manibus;
939 1084 1041 1141 nolunt
1058 1081 1132 1141 ultra

72 1181 242 1240 exactiones
266 1199 408 1257 paparum
434 1181 563 1251 sufferre,
585 1182 637 1241 sed
663 1192 760 1240 tenere
782 1200 813 1240 se
834 1183 865 1239 in
885 1181 1033 1252 limitibus,
1054 1199 1130 1257 quos

74 1277 212 1336 servavit²
235 1277 367 1337 Christus
392 1297 460 1337 curn
485 1279 544 1337 suis
572 1279 721 1354 apostolis.
771 1278 859 1337 Unde
884 1280 967 1338 valde
996 1289 1132 1355 suspecta

74 1374 150 1435 soret
168 1377 290 1445 exactio,
310 1394 368 1452 qua
387 1394 464 1452 papa
483 1377 527 1434 vel
548 1377 664 1453 aliquis⁸
683 1377 826 1453 praelatus
845 1377 982 1436 ecclesiae
1003 1378 1133 1453 exigeret

73 1474 245 1550 temporalia
259 1484 287 1532 et
301 1484 474 1532 mutesceret
488 1474 586 1551 quoad
601 1476 757 1551 spiritualia
769 1474 925 1533 fundabilia
939 1476 969 1532 in
984 1476 1131 1551 scriptura,

74 1589 152 1643 cum,
167 1573 191 1629 si
211 1573 251 1630 sic
271 1569 385 1641 faceret,
405 1570 480 1630 foret
498 1572 616 1630 indubie
631 1573 706 1630 ‘filia
726 1573 954 1649 sanguisugae⁴.'
997 1572 1035 1630 Et
1055 1573 1133 1630 terni>

74 1688 144 1728 cum
172 1688 249 1745 papa
277 1670 307 1727 in
335 1669 498 1729 condendis
532 1672 591 1730 suis
623 1671 735 1747 legibus
765 1681 864 1747 posset
892 1689 986 1730 errare
1014 1669 1133 1729 faciliter

74 1777 216 1843 tanquam
231 1769 352 1844 nequior
367 1768 558 1839 antichristus,
573 1780 601 1827 et
614 1770 661 1827 lex
676 1769 782 1828 Christi
797 1779 841 1828 est
860 1787 912 1846 per
926 1786 958 1827 se
977 1769 1132 1838 sufficiens

74 1875 180 1941 petunt
200 1865 300 1924 fideles
317 1884 483 1941 regnorum,
506 1867 587 1942 quod
607 1885 685 1943 papa
707 1868 819 1937 doceat,
834 1865 975 1943 quidquid
997 1867 1068 1943 petit
1088 1866 1133 1923 vel

74 1963 218 2040 praecipit
239 1981 303 2021 esse
322 1965 502 2034 rationabile,
517 1983 554 2023 ex
575 1967 722 2040 scriptura.
749 1953 844 2024 'Nam
865 1965 889 2023 si
904 1963 1088 2024 antichristus
1103 1964 1134 2022 in

75 2060 120 2119 sic
138 2060 268 2136 parendo
288 2060 401 2136 legibus
421 2060 528 2120 Christi
547 2063 727 2140 dedignetur,
749 2074 810 2121 tum
831 2073 950 2140 propter
970 2062 1132 2121 doctrinam

75 2158 179 2236 populi
198 2159 229 2216 in
250 2171 360 2235 puncto
382 2160 450 2218 fidei
463 2170 525 2217 tum
546 2161 633 2220 etiarn
654 2172 773 2238 propter
793 2161 1017 2220 declarationem
1038 2159 1134 2218 lamae

75 2255 198 2334 papalis,
219 2257 251 2314 in
269 2256 320 2315 illo
342 2258 423 2333 quod
444 2259 583 2335 praecipit
604 2261 635 2318 in
657 2271 833 2337 suspectum,
855 2260 1027 2335 magistrum
1048 2276 1134 2317 suum

75 2353 244 2412 Luciferum
271 2355 302 2413 in
329 2355 461 2414 dominio
489 2355 634 2416 diabolico
663 2369 818 2433 superaret.
874 2357 1017 2416 Diabolus
1046 2357 1133 2424 enim,

75 2451 197 2528 quando
221 2454 370 2530 temptavit
395 2452 552 2524 Christum,
576 2455 693 2530 aliquali
721 2455 865 2514 evidentia
892 2455 988 2531 legem
1012 2453 1133 2512 Domini

76 2549 218 2626 allegavit,
240 2560 272 2608 ut
292 2562 371 2628 patet
393 2550 534 2610 Matthaei
559 2563 671 2628 quarto.
715 2552 796 2624 Quid
819 2553 905 2628 igitur
926 2551 1133 2610 ‘daemonium

76 2646 297 2706 meridianum⁶’
319 2666 379 2707 non
406 2648 540 2725 dignatur
562 2668 616 2726 pro
641 2668 694 2710 sua
717 2650 845 2726 generali
870 2651 1014 2708 sententia
1038 2649 1134 2725 legem

75 2742 135 2801 Dei
153 2743 284 2819 allegare,
301 2763 368 2803 cum
384 2744 484 2805 Petrus
506 2747 676 2822 generaliter
693 2748 830 2806 mandat:
857 2748 900 2806 ‘si
919 2747 985 2823 quis
998 2746 1133 2823 loquitur,

76 2842 162 2919 qnasi
186 2859 336 2901 sermones
358 2842 415 2901 Dei
438 2841 604 2919 loquatm⁰.'
646 2845 684 2902 Et
708 2855 795 2923 patet,
817 2845 898 2922 quod
923 2845 1134 2904 consonantias

76 2938 151 2998 soret
169 2940 230 2998 istis
251 2939 392 3010 fratribus,
413 2942 444 2999 in
463 2942 540 3001 dicto
560 2943 684 3002 concilio
704 2944 811 3003 docere
830 2944 980 3020 populum,
1001 2943 1134 3018 quidest

75 3037 173 3097 hostia
187 3049 365 3108 consecrata,
381 3040 449 3115 quia
467 3044 497 3098 in
517 3042 573 3099 isto
593 3041 714 3100 articulo
730 3043 808 3118 jacet
829 3041 969 3111 idolatria,
984 3051 1064 3099 etex
1078 3041 1134 3099 alia

77 3146 159 3213 parte
178 3136 359 3213 blasphemia
377 3156 395 3195 a
414 3147 546 3214 tempore
565 3156 625 3214 quo
644 3138 745 3198 iratres
765 3139 877 3197 fuerant
896 3139 1059 3197 introducti.
1103 3138 1134 3197 Si

77 3235 164 3311 igitur
185 3235 256 3292 istae
278 3234 353 3293 duae
374 3237 570 3295 extremitates
595 3237 734 3295 ecclesiae
755 3237 985 3313 malignantium,
1008 3254 1085 3313 papa
1105 3247 1134 3294 et

76 3330 188 3404 fratres,
214 3332 319 3390 fuerint
343 3333 524 3403 emendatae,
549 3346 617 3392 tunc
643 3333 717 3392 foret
740 3333 852 3393 facilius
880 3334 993 3392 medios
1021 3351 1134 3392 errores

77 3430 230 3506 corrigere,
241 3436 268 3488 et
278 3436 380 3488 statum
391 3431 514 3488 ecclessiae
527 3433 568 3488 ad
577 3434 774 3489 ordinationem
787 3431 899 3490 Christi
903 3441 976 3506 pure
988 3433 1133 3489 secundum

76 3527 160 3603 legent
174 3547 253 3585 suam
268 3530 401 3600 reducere,
412 3530 493 3605 quod
507 3531 640 3588 attendere
654 3530 782 3588 desidero.
817 3529 855 3587 Et
869 3529 937 3588 hinc
951 3530 981 3587 in
996 3530 1134 3588 omnibus

77 3626 173 3686 verbis
187 3627 271 3685 dictis
282 3627 327 3685 vel
342 3628 454 3705 scriptis
469 3629 641 3687 correctioni
652 3628 697 3687 vel
711 3629 887 3705 correptioni
902 3638 1019 3687 sanctae
1034 3630 1134 3688 matris

77 3723 219 3783 eeclesiae
247 3735 276 3784 et
304 3727 503 3803 cujuscunque
531 3727 655 3785 membri
684 3728 727 3785 sui
755 3745 803 3784 me
831 3725 975 3785 humiliter
1003 3726 1133 3803 subjicio,

78 3822 150 3882 dum
175 3833 273 3882 tamen
296 3824 360 3902 quis
381 3824 522 3901 loquitur²
546 3834 686 3902 tanquam
708 3825 873 3883 membrum
895 3833 1012 3884 sanctae
1035 3825 1135 3883 matris

77 3919 227 3980 ecclesiae.

110 4091 121 4121 ¹
137 4090 286 4156 antichristi]
299 4108 348 4142 orn.
361 4093 393 4141 A.
466 4091 477 4121 ¹
493 4091 609 4156 servavit]
622 4093 770 4149 observavit,
783 4093 812 4143 C.
886 4092 896 4123 ’
911 4091 1010 4157 aliquis]
1022 4091 1093 4148 alius,
1105 4092 1135 4141 C.

77 4154 88 4185 ⁴
105 4154 137 4205 ef.
149 4157 222 4205 Prov.
234 4173 289 4206 xxx.
304 4170 341 4219 15.
520 4159 530 4186 ⁶
546 4157 577 4208 ct'.
590 4158 629 4207 Ps.
642 4158 687 4207 xci.
700 4158 724 4206 6.
919 4157 930 4187 ⁸
950 4174 960 4207 1
975 4158 1040 4207 Petr.
1051 4158 1084 4208 iv.
1098 4171 1135 4206 11.

77 4218 88 4250 ¹
105 4221 227 4286 loquitur]
239 4222 362 4286 loquatur,
375 4223 405 4272 C.

1210 444 1273 510 447
