2864 4836
82 421 144 491 286
489 424 745 504 loannis
786 425 1003 489 arcura*
1194 452 1269 489 ma.

32 615 165 691 meaux
222 588 246 646 si
267 589 320 647 iste
340 588 514 647 insensibilis
534 589 697 666 baptismus
716 589 838 662 affuerit,
859 590 1025 669 baptisams
1049 610 1070 652 a
1092 593 1214 652 crimine
1231 598 1268 649 est

32 655 179 778 fflssmea
221 686 386 758 mundatus,
401 696 430 746 et
448 688 472 745 si
490 686 537 745 ille
556 687 686 760 defuerit,
705 698 965 766 quantumcunque
985 689 1145 750 affuerint¹
1160 691 1287 767 priores·

221 784 381 859 baptismus
395 801 457 842 non
470 785 589 861 prodest
603 787 717 845 animae
736 786 774 845 ad
795 786 927 847 salutm
969 787 1049 848 Ideo
1072 807 1145 848 cum
1162 786 1269 848 iste'n't

220 882 392 942 insensibilis
414 892 442 941 et
460 893 574 942 tantum
588 885 697 944 nobis
689 886 865 962 incognitus,
879 885 993 946 videtur
1011 886 1090 946 mibi
1109 885 1269 964 imprudens

220 982 426 1056 praesumptio,
447 981 539 1040 taliter
560 981 748 1042 salvationem
770 983 897 1044 hominis
918 982 962 1044 vel
988 984 1218 1045 damnationem
1238 1000 1268 1043 α

219 1078 392 1154 baptismate
420 1078 549 1140 diffinire.
601 1079 783 1158 Reputamus
810 1093 910 1142 tamen
936 1084 1051 1160 absque
1086 1083 1268 1152 dubitatione,

219 1175 299 1250 quod
313 1175 438 1236 infantes
456 1177 523 1236 rite³
542 1179 677 1254 baptisati
696 1179 815 1239 flumine
830 1180 887 1239 sint
904 1181 1044 1257 baptisati
1059 1182 1151 1242 tertio
1169 1181 1269 1258 bapti*

219 1283 306 1345 mate,
320 1292 388 1333 cum
409 1276 518 1335 habent
534 1279 657 1353 gratiam
677 1277 888 1355 baptismalem,
909 1289 939 1338 et
962 1278 1006 1338 sic
1027 1291 1140 1355 reputo
1163 1296 1221 1357 ego
1237 1275 1270 1336 de

220 1373 384 1432 martiribus
404 1374 509 1434 occisis
529 1394 584 1454 pro
604 1376 730 1447 Christo,
752 1373 797 1435 ut⁴
818 1387 897 1455 patet
916 1376 955 1436 de
971 1376 1095 1454 legione
1115 1377 1268 1444 Thebaica,

219 1472 285 1532 licet
298 1472 380 1531 multi
395 1491 497 1533 eorum
511 1492 573 1533 non
587 1475 708 1535 fuerint¹
721 1475 841 1535 flumine
857 1476 1002 1552 baptisati
1044 1475 1086 1536 Et
1101 1477 1147 1536 sic
1159 1475 1270 1536 alteim

219 1583 360 1646 quantum
379 1572 418 1630 ad
438 1571 525 1630 fidem
547 1574 704 1650 scripturae
725 1572 868 1651 johannis
888 1574 943 1635 iii:
974 1575 1047 1634 ‘nisi
1068 1575 1141 1652 quis
1160 1584 1269 1634 renatus

219 1668 304 1727 suerit
322 1688 360 1727 ex
381 1689 458 1747 aqua
477 1681 507 1730 et
529 1671 635 1748 Spiritu
650 1670 772 1731 Sancto'
787 1670 865 1744 etc.⁶,
879 1672 1069 1749 probabiliter
1091 1682 1194 1749 potest
1209 1670 1269 1738 dici,

219 1768 300 1844 quod
313 1766 445 1828 Christus
466 1769 592 1845 loquitur
610 1771 648 1830 de
667 1789 744 1848 aqua
762 1789 837 1848 quae
855 1770 938 1830 fiuxit
957 1771 993 1830 de
1008 1788 1065 1830 suo
1079 1771 1182 1842 latere,
1197 1780 1226 1830 et
1237 1768 1270 1827 dt

219 1866 364 1944 baptismo
385 1867 477 1939 tertio,
498 1869 567 1946 quia
592 1879 703 1928 certum
723 1869 842 1940 videtur,
863 1868 944 1946 quod
967 1867 1061 1928 bomo
1084 1869 1271 1929 martirisatus

219 1982 273 2041 pro
296 1963 420 2036 Christo,
445 1966 511 2026 licet
533 1985 594 2026 non
616 1968 753 2027 irroretur
774 1967 886 2026 noviter
908 1983 985 2043 aqua
1009 1967 1207 2043 baptismatis,
1231 1975 1270 2024 ert

220 2063 382 2124 salvandus.
424 2064 496 2124 Ideo
516 2066 627 2125 videtur
645 2065 795 2144 probabile
814 2065 853 2124 ad
870 2064 951 2124 illum
966 2082 1089 2125 sensum
1102 2066 1269 2142 negativum

221 2161 344 2221 Christi¹
357 2163 523 2240 intelligere,
538 2165 647 2224 scilicet
660 2163 740 2242 quod
755 2180 843 2222 nemo
858 2172 955 2239 potest
968 2163 1088 2222 introire
1101 2164 1136 2221 in
1149 2178 1270 2240 regnum

221 2260 379 2332 coelomm,
401 2262 457 2320 nisi
480 2263 653 2339 baptismate
674 2280 768 2339 aquae
790 2244 913 2321 effluxae
935 2260 973 2321 de
997 2260 1088 2320 latere
1110 2258 1221 2320 Christi
1243 2269 1270 2319 et

220 2358 393 2435 baptismate
412 2359 538 2419 flaminis
551 2360 719 2437 baptisetnr,
734 2377 802 2419 cum
816 2358 944 2419 Trinitas
958 2377 1019 2418 non
1033 2358 1149 2435 potest⁸
1163 2359 1269 2419 salvare

219 2457 319 2535 lapsos
345 2457 383 2517 ad
410 2459 618 2518 beatitudinem
642 2459 834 2536 acceptando,
856 2458 912 2518 nisi
936 2476 1064 2536 persona
1087 2459 1222 2519 secunda
1242 2468 1270 2516 et

221 2558 302 2614 tertia
315 2555 370 2615 ita’
384 2567 515 2633 purgent.
558 2557 596 2616 Et
609 2559 649 2616 ita
664 2557 796 2616 Christus
814 2556 966 2616 subtilitate
985 2565 1014 2614 et
1030 2557 1172 2617 brevitate
1186 2558 1268 2614 mira·

220 2653 296 2711 bili¹⁰
310 2653 409 2713 docuit
422 2655 548 2730 primurn
562 2656 740 2731 baptismum
754 2656 784 2713 in
801 2656 862 2714 istis
875 2655 969 2714 verbis
983 2654 1160 2730 evangelicis
1173 2656 1268 2714 obser-

40 2823 57 2845 m
66 2773 150 2846 ³¹33?
221 2752 287 2811 vari
329 2751 400 2811 Non
411 2754 488 2812 enirn
504 2754 570 2812 licet
584 2754 724 2824 fidelibus,
736 2751 931 2830 supponendo
944 2752 1124 2829 baptismum
1135 2752 1268 2820 flaminis,

46 2854 110 2928 „¹343
124 2863 188 2927 „yffi
220 2850 397 2926 baptismum
417 2851 545 2912 fluminis
566 2853 688 2910 omnino
709 2852 878 2928 relinquere,
900 2850 953 2910 sed
976 2868 1115 2910 necessse
1136 2862 1181 2910 est
1204 2851 1270 2909 data

221 2949 435 3024 opportunitate
458 2951 689 3010 circumstantiae
713 2951 808 3025 ipsum
831 2949 971 3027 accipere.
1013 2948 1051 3006 Et
1076 2967 1146 3007 cum
1170 2949 1269 3007 omnia

220 3065 296 3122 quae
310 3047 470 3106 eveniunt¹¹
491 3046 527 3106 de
547 3049 717 3107 necessitate
734 3046 902 3116 evenient¹¹,
917 3047 974 3106 dici
988 3055 1094 3122 potest,
1110 3047 1194 3123 quod
1208 3046 1270 3104 talis

220 3144 311 3203 horno
326 3163 387 3203 non
401 3155 496 3221 potest
514 3145 615 3204 salvari
635 3145 724 3204 sine¹¹
738 3146 786 3204 illo
801 3145 990 3221 baptismate;
1013 3142 1069 3202 hoc
1084 3152 1186 3203 tamen
1201 3160 1270 3218 oog·

221 3245 369 3302 noscimus
383 3243 478 3303 solum
484 3241 505 3276 ¹⁴
522 3246 687 3321 reputative,
703 3254 859 3320 postquam
878 3243 1032 3318 baptisatio
1051 3252 1096 3301 est
1114 3242 1271 3319 completa.

220 3342 257 3399 Et
279 3342 318 3399 ita
339 3341 426 3400 debet
443 3342 570 3418 intelligi,
591 3342 672 3419 quod
689 3342 784 3400 cum1¹
804 3341 927 3400 infidelis
947 3341 1073 3417 baptisat
1093 3358 1229 3417 puerum,
1243 3351 1270 3398 et

220 3458 280 3498 non
294 3450 406 3515 reputat
425 3440 505 3517 quod
524 3441 571 3500 illa
589 3442 743 3517 baptisatio
758 3440 890 3516 proficiat
904 3439 942 3498 ad
961 3438 1092 3508 salutem,
1107 3439 1270 3517 baptismus

220 3537 284 3596 talis
298 3556 359 3596 non
378 3538 506 3615 proderit
525 3540 678 3615 baptisato
720 3538 831 3598 Verum
845 3538 965 3614 quidem
979 3547 1032 3608 est,
1052 3537 1133 3614 quod
1151 3539 1270 3615 quilibet

221 3637 394 3696 criminosus
416 3646 459 3697 est
480 3637 602 3695 nimium
618 3637 743 3697 infidelis
764 3648 792 3696 et
805 3636 902 3695 multis
923 3636 1046 3712 paganis
1064 3636 1219 3708 infidelior,
1234 3638 1269 3696 de

252 3828 259 3857 ¹
277 3825 400 3889 affuerint]
413 3826 503 3883 adsint,
515 3827 553 3877 ed
566 3843 603 3891 ρι.
749 3828 831 3892 ¹iste]
845 3837 917 3887 recte,
931 3830 959 3877 Β.
969 3830 1063 3894 primae
1074 3845 1171 3885 manus,
1182 3832 1221 3882 ed.
1232 3848 1267 3896 pr.

218 3891 302 3956 ἰῆς]
316 3899 388 3949 recte,
400 3892 438 3941 ed.
450 3908 487 3956 pr.
597 3893 662 3957 ¹ut]
674 3902 746 3950 etut,
759 3894 817 3943 B..C
829 3897 868 3944 ed
880 3911 917 3961 pr.
1024 3895 1152 3960 ¹suerint]
1165 3897 1268 3951 fuerunt

220 3958 251 4006 A.
264 3958 344 4007 edr
460 3959 515 4007 ‘ex
527 3959 727 4022 aqua-Sancto]
740 3975 790 4008 om.
802 3961 896 4011 Α..Βο
908 3961 945 4011 ed.
958 3976 995 4025 pr.
1101 3960 1267 4026 'negativum

220 3973 378 4086 charisrime
391 4025 529 4085 negativam
542 4023 634 4074 Christi
646 4026 801 4074 sententiam.
944 4025 1066 4091 ¹potest]
1077 4035 1170 4091 posset.
1181 4028 1220 4077 ed
1231 4043 1266 4091 pr

219 4088 291 4164 ¹ita]
305 4104 354 4138 orn.
366 4089 403 4137 ed.
416 4104 453 4152 pr.
586 4089 738 4154 ¹⁰mirabili]
750 4090 869 4146 miraculi,
881 4092 919 4141 ed
929 4107 965 4156 pr.
1107 4093 1125 4123 ¹¹
1141 4090 1266 4170 eventium]

218 4154 338 4208 evenient,
351 4153 444 4203 A...BC
560 4155 579 4183 ¹¹
595 4155 718 4219 evenient]
730 4156 851 4212 eveniunt,
863 4157 943 4206 edr
895 4173 950 4271 .ιέ
1057 4158 1075 4187 ¹³
1092 4158 1192 4222 sine]
1168 4160 1222 4215 nisi,
1234 4157 1265 4205 D

220 4219 236 4246 ¹⁴
252 4219 344 4283 solum]
357 4218 456 4268 om.ed
469 4235 505 4283 pr.
604 4221 621 4251 ¹¹
638 4221 704 4284 quod
716 4221 785 4285 cum]
797 4222 864 4279 dum
877 4224 908 4271 A.
941 4223 970 4273 C.
982 4222 1021 4273 ed.
1033 4239 1070 4289 pr.
