2864 5242
564 432 822 514 JOANNIS
863 431 1073 494 WICLIF
1274 452 1359 487 cara

292 611 381 659 tatem
396 599 426 657 in
441 599 632 675 castigatione
646 597 930 675 pseudoclericorum
941 593 1155 663 haereticaud0,
1165 591 1356 652 recoluerunt

293 716 330 757 ex
353 698 457 756 timore
482 697 571 774 patris
596 697 639 755 sui
665 697 702 756 de
727 695 866 754 Romano
895 694 1041 770 pontifice,
1066 690 1300 751 condemnando
1324 698 1356 748 ut

292 795 444 865 haeresim,
459 796 540 871 quod
554 796 708 853 vivendum
723 805 766 853 est
785 802 854 870 post
872 793 959 851 istum
977 791 1123 850 Urbanum
1136 796 1250 849 sextum
1270 797 1356 848 more

293 892 482 963 Graecorum,
508 910 570 951 non
597 893 638 951 sic
664 891 803 951 Romano
831 890 961 967 pontifici
986 888 1196 966 comparendo,
1222 890 1296 965 quia
1323 898 1356 946 ut

291 992 426 1068 inquiunt
439 992 519 1070 quod
533 993 660 1051 maxime
675 991 832 1051 destrueret
850 989 1004 1049 ecclesiam
1019 999 1150 1048 sanctam
1164 986 1232 1046 Dei.
1271 986 1356 1046 Con·

294 1099 349 1148 stat
363 1089 483 1166 quidem
499 1108 536 1148 ex
551 1089 705 1160 chronicis,
720 1089 801 1165 quod
815 1088 940 1148 Graecia
953 1105 972 1145 a
985 1098 1118 1162 tempore
1136 1103 1208 1144 suae
1227 1102 1355 1144 conver·

292 1188 383 1246 sionis
403 1206 456 1263 per
474 1187 596 1247 Paulum
618 1187 784 1264 apostolum
806 1185 941 1246 servavit¹
963 1185 1049 1244 nobis
1069 1183 1174 1260 longe'
1194 1183 1355 1261 perfectius

293 1284 381 1344 tidem
410 1284 524 1356 Christi,
552 1286 631 1343 unde
659 1285 790 1344 martires
817 1294 846 1342 et
874 1284 966 1342 sancti
993 1282 1128 1342 doctores
1157 1282 1195 1342 de
1224 1281 1356 1342 Graecia

293 1382 415 1439 multum
441 1393 577 1458 superant
601 1381 706 1441 milites
730 1391 847 1440 nostros
871 1380 1020 1439 occiduos.
1062 1380 1135 1439 Ideo
1156 1381 1270 1439 utinam
1296 1398 1355 1439 nos

293 1477 488 1536 occidentales
501 1478 625 1535 maniaci
639 1495 822 1536 moveremur
833 1475 965 1536 Graecos
979 1475 1078 1551 quoad
1092 1473 1264 1534 Romanum
1276 1493 1354 1551 pon·

294 1574 401 1633 tificem
420 1575 540 1634 imitaril
579 1575 692 1635 Vellem
714 1584 812 1634 autem
832 1574 1029 1633 obedientiam
1050 1584 1179 1632 nostram
1201 1591 1264 1631 non
1287 1591 1354 1632 esse

294 1671 470 1732 Caesaream
484 1673 529 1732 vel
544 1673 739 1732 Luciferinam
754 1673 806 1732 sed
820 1673 1020 1732 rationabilem
1034 1690 1094 1748 quo
1113 1672 1152 1730 ad
1169 1690 1291 1748 papam,
1311 1673 1354 1731 sic

293 1771 424 1830 videlicet
448 1771 543 1847 quod³
567 1772 718 1831 obediatur
742 1773 796 1831 sibi
820 1782 960 1848 tanquam
984 1770 1054 1847 Jesu
1075 1769 1207 1830 Christ0⁴
1232 1782 1262 1830 et
1288 1773 1353 1849 ejus

294 1871 399 1930 vicario
414 1882 516 1930 sancto
531 1870 627 1941 Petro,
642 1881 672 1928 et
685 1888 747 1928 non
760 1870 835 1929 ultra
851 1878 970 1947 propter
989 1870 1123 1928 timorem
1141 1869 1353 1945 blasphemiae.

293 1967 381 2027 Unde
400 1979 518 2045 propter
531 1970 666 2027 timorem
686 1967 785 2043 lapsus
800 1969 830 2026 in
850 1967 1037 2045 sophisticam
1051 1967 1153 2043 hujus⁸
1165 1967 1353 2027 obedientiae

290 2068 401 2126 videtur
422 2067 501 2136 mihi,
525 2065 606 2142 quod
628 2075 796 2124 constanter
818 2065 941 2124 ecclesia
962 2063 1068 2124 Christi
1092 2065 1194 2124 debet⁸
1217 2076 1294 2124 stare
1321 2069 1352 2125 in

292 2166 431 2223 limitibus
457 2164 529 2240 legis
558 2182 637 2235 suae,
666 2163 707 2222 sic
736 2163 877 2233 videlicet,
906 2161 987 2239 quod
1014 2161 1155 2239 quidquid
1182 2181 1263 2240 papa
1291 2165 1354 2224 vel¹

292 2261 452 2319 cardinales
470 2262 514 2320 sui
533 2261 682 2320 sciverint⁸
696 2279 733 2319 ex
753 2261 893 2337 scriptura
913 2279 996 2319 sacra
1015 2261 1092 2320 clare
1110 2260 1265 2333 deducere,
1280 2264 1354 2324 illud

292 2358 433 2416 duntaxat
447 2357 498 2416 sit'
513 2357 692 2417 credendum
706 2358 751 2416 vel
768 2358 807 2417 ad
827 2376 880 2418 sua
898 2358 1009 2417 monita
1028 2356 1201 2431 faciendum,
1217 2369 1247 2418 et
1266 2362 1352 2437 quid·

291 2456 362 2531 quid
390 2456 463 2514 ultra
492 2457 746 2533 praesumpserint,
772 2457 808 2516 sit
835 2466 975 2532 tanquam
1002 2454 1179 2515 haereticum
1207 2458 1353 2518 condem·

292 2555 459 2614 nandum¹⁰.
502 2555 540 2613 Et
557 2565 626 2614 tunc
646 2555 759 2615 videtur
778 2557 882 2633 primu,
896 2555 978 2631 quod
999 2567 1124 2614 cessaret
1142 2559 1258 2615 exactio
1276 2559 1353 2616 anti-

292 2654 390 2712 christi
423 2655 454 2711 in
483 2653 711 2729 depauperando
745 2673 837 2730 regna
864 2673 917 2729 per
945 2654 1125 2713 venditiones
1157 2654 1353 2730 Symoniacas

292 2751 437 2808 bonorum
452 2751 604 2821 ecclesiae,
619 2770 694 2827 quae
714 2753 899 2810 antichristus
914 2763 998 2811 vocat
1018 2754 1191 2829 patrimonia
1209 2755 1352 2813 crucifixi.

291 2846 388 2917 Unde,
405 2865 487 2923 rogo,
503 2849 533 2906 iu
549 2848 606 2906 fide
622 2850 787 2924 scripturae,
803 2851 832 2906 in
850 2868 909 2924 qua
927 2863 971 2909 est
990 2852 1086 2908 omnis
1106 2852 1217 2920 veritas,
1233 2851 1352 2910 licentia

291 2945 354 3003 talis
374 2947 564 3005 commercii?
594 2965 660 3005 cum
681 2945 812 3006 Christus
831 2947 972 3023 judicium
991 2948 1046 3005 tale
1065 2947 1295 3007 ecclesiasticum
1316 2969 1351 3008 ac

290 3043 430 3118 judicium
456 3045 547 3104 seculi
571 3044 736 3115 refutavit¹¹,
759 3064 835 3116 cum,
856 3047 905 3104 ubi
930 3065 998 3121 pars
1017 3047 1106 3104 voluit
1127 3047 1296 3105 submittere
1319 3067 1351 3106 se

293 3142 398 3201 Christi
415 3144 542 3214 arbitri0,
559 3145 649 3219 ‘quis,
664 3145 764 3220 inquit,
781 3145 926 3203 constituit
940 3163 988 3202 me
1001 3145 1129 3220 judicem
1144 3163 1179 3202 ac
1192 3146 1352 3204 divisorem

292 3242 365 3300 inter
389 3242 473 3300 vosi'
509 3241 636 3301 Lucae¹²
657 3241 789 3301 ....Et
818 3242 841 3299 si
870 3259 931 3299 non
959 3244 989 3299 in
1013 3243 1068 3301 isto
1097 3252 1178 3300 textu
1206 3245 1353 3319 evangelii

293 3338 395 3414 papa¹⁸
419 3356 451 3397 se
475 3335 670 3409 fundaverit¹⁴‚
695 3338 776 3414 quod
802 3338 888 3396 debet
910 3356 1067 3414 regnorum
1090 3340 1233 3398 beneficia
1258 3342 1353 3402 taliter

292 3438 440 3514 impartiri,
462 3456 524 3495 non
545 3438 654 3508 dubito,
676 3438 746 3514 quin
767 3439 970 3496 extensionem
991 3439 1036 3496 sui
1060 3438 1181 3497 dominii
1202 3457 1352 3517 nusquam

326 3610 333 3639 ¹
351 3608 468 3672 servavit]
481 3615 568 3664 servat,
581 3609 611 3658 C.
725 3607 736 3636 ²
751 3608 838 3674 longe]
851 3609 939 3674 legem,
953 3611 982 3660 C.
1103 3609 1112 3638 ³
1128 3609 1207 3685 quod]
1220 3617 1256 3665 ut,
1269 3613 1352 3662 a.b.C.

291 3672 302 3766 Ζ
317 3674 376 3738 Jesu
388 3674 501 3749 Christo]
514 3674 624 3750 Domino
636 3675 694 3738 Jesu
706 3674 814 3751 Christo,
826 3676 906 3724 a.b.C.
923 3741 928 3750 Ι
1035 3675 1045 3703 ⁶
1061 3674 1145 3739 hujus]
1154 3674 1307 3767 hujumodi,
1320 3678 1352 3726 C.

292 3804 301 3831 υ
317 3739 709 3867 {litttlltlltll.⁶‘b“
721 3740 824 3834 “dmi
836 3740 1046 3868 thihthh
1057 3805 1165 3853 nunt.
1180 3740 1232 3860 til
1246 3744 1352 3855 ital.

296 3871 432 3925 Wuldmsis,
450 3869 481 3918 cs.
500 3879 585 3918 notam
597 3877 745 3932 sequentem,
758 3870 868 3919 exhibet:
885 3882 923 3918 est.
951 3871 1005 3918 Nos
1017 3871 1114 3933 quidem
1127 3869 1292 3933 conjecimus:
1310 3873 1352 3921 sit.

291 3936 310 3965 ¹⁰
327 3934 551 4000 condemnandum]
569 3936 784 3991 contemnendum,
806 3937 904 3983 ihomas
925 3937 1062 3990 Waldentir,
1081 3936 1225 3985 Doctrinale
1243 3938 1353 4001 antiqui·

291 4008 371 4049 tatum
387 3999 443 4049 fidei
460 3999 520 4050 eccl.
536 3999 601 4050 cath.
618 3999 667 4049 vol.
684 4001 704 4049 1.
723 4011 793 4062 1571,
810 4001 853 4049 lib.
869 4000 903 4049 11.
920 4016 941 4049 c.
957 4002 1028 4055 xxiv..
1040 4001 1084 4049 ubi
1099 4001 1169 4049 locus
1184 4002 1226 4050 hic
1240 4002 1351 4053 affertur.

292 4067 309 4096 ¹¹
326 4064 453 4128 refutavit]
466 4065 562 4121 refutat.
575 4067 604 4116 C.
747 4066 766 4095 ¹¹
783 4067 883 4115 lacuna
895 4065 1015 4129 explenda
1027 4075 1080 4115 erat
1091 4082 1134 4130 per
1145 4082 1276 4115 numerum
1288 4069 1350 4118 xtt.

291 4134 325 4193 (v.
341 4145 367 4190 ῃ
382 4132 447 4195 sqq.)
641 4130 660 4161 ¹⁸
676 4130 696 4179 si
707 4131 869 4195 non-papa]
882 4147 968 4180 omnes
978 4131 1036 4180 libri
1047 4131 1153 4182 habeut:
1170 4132 1191 4181 si
1203 4149 1350 4198 non-papa

270 4264 274 4284 l
290 4212 336 4245 non
348 4211 375 4245 se
386 4195 530 4244 fundaverit.
662 4195 679 4226 ¹⁴
696 4195 844 4260 fundaverit]
857 4195 975 4253 fundavit,
988 4197 1018 4247 C.
