2864 4836
509 393 766 473 Joarvms
808 393 1042 455 ulem
1244 415 1308 457 a„

286 559 425 636 Operarr'i
437 570 534 617 autem
548 568 578 617 et
591 567 652 615 tota
665 555 789 615 ecclesia
799 555 1008 615 addiscerent¹
1024 556 1128 631 legem
1140 554 1308 614 obedientiae

243 659 429 735 repugnando,
455 658 523 734 quia
548 674 616 715 cum
640 654 802 731 praetendit
827 672 859 712 se
886 673 954 713 esse
982 654 1102 714 Christi
1128 654 1264 712 vicarium
1284 662 1308 709 et

244 758 401 816 defendere
425 756 522 831 legem
545 772 638 825 suam,
660 753 770 812 debent
792 752 935 828 prosequi
960 753 1047 811 istud
1071 753 1190 811 dietum
1212 763 1241 809 et
1258 767 1307 807 nou

245 856 460 914 communicare
478 871 546 912 cum
565 853 614 910 tali
628 850 746 910 diabolo
760 851 816 909 nisi
830 851 1047 927 repugnando,
1097 852 1213 911 Clerici
1225 859 1308 907 autem

246 953 353 1011 debent
377 953 489 1011 acutius
512 952 659 1027 publicare
680 951 767 1009 istam
790 950 954 1019 materiam,
978 960 1011 1009 et
1039 969 1166 1009 narrare
1194 946 1307 1007 dominis

247 1071 281 1109 ae
314 1051 415 1110 mundi
442 1051 629 1126 principibus,
657 1047 810 1125 quomodo
837 1048 980 1124 patientia
1011 1066 1072 1107 sua
1100 1048 1253 1107 temeraria
1278 1061 1308 1101 ac

247 1167 393 1210 consensu
408 1167 470 1219 suo,
482 1165 541 1225 quo
553 1153 559 1176 ‘
570 1165 631 1206 non
643 1147 751 1223 Juvant’
761 1156 884 1204 matrem
898 1163 985 1204 suam
997 1152 1005 1176 ‘
1017 1165 1080 1205 nee
1092 1143 1307 1223 reprehendunt

248 1249 318 1307 tales
340 1247 480 1316 diabolos,
503 1245 555 1304 sed
576 1246 673 1322 potius
693 1262 745 1303 eos
770 1245 899 1302 nutriunt
919 1254 951 1302 et
972 1244 1155 1315 defendunt,
1178 1245 1232 1321 ipsi
1251 1250 1308 1300 sunt

248 1364 336 1405 causa
347 1344 529 1414 damnabilis
540 1362 630 1420 quare
641 1354 753 1401 tantum
764 1342 874 1400 malum
885 1343 982 1400 evenit
994 1345 1087 1401 matri
1100 1362 1183 1413 suae,
1192 1354 1221 1401 et
1229 1357 1307 1417 quare

247 1462 338 1520 regna
352 1461 405 1502 sua
419 1453 485 1502 sunt
500 1444 541 1502 sic
555 1442 751 1519 depauperata
764 1451 793 1498 et
807 1459 859 1517 per
874 1440 1011 1499 diabolos
1027 1443 1220 1501 contrubata

703 1898 797 1959 CAP.
819 1899 857 1957 V.

568 2057 613 2115 De
625 2060 764 2136 reltgzhsh
773 2059 990 2134 possessionem.

65 2224 196 2299 pgggcpggor·
295 2210 518 2288 Consequenter
532 2213 571 2271 ad
586 2213 663 2272 dieta
676 2224 721 2272 est
740 2213 863 2290 aliquid²
876 2215 907 2271 dc
926 2214 1070 2289 religasti
1091 2216 1204 2273 nostris
1211 2225 1311 2289 posses·

65 2308 123 2339 solum
132 2305 219 2339 haeretici

65 2347 161 2395 mim
171 2346 208 2394 aa.
253 2313 368 2368 szbnalz‘s
383 2321 412 2369 et
426 2312 538 2370 clericis
553 2313 788 2389 supponendum.
824 2312 885 2389 Ipsi
900 2314 978 2370 enim
992 2330 1030 2370 err
1046 2312 1212 2383 dotatione,
1227 2330 1311 2389 quam

65 2387 208 2463 ῗὲἶὲῗίἷῖιῗᾞᾎι
255 2421 357 2468 contra
371 2410 467 2485 legem
482 2410 588 2469 Christi
603 2412 778 2488 suscipiunt³
791 2422 819 2469 et
835 2409 1003 2479 defendunt,
1019 2419 1089 2468 sunt
1102 2412 1311 2470 ‘meridianum

256 2505 476 2575 daemonium⁴,'
488 2519 519 2565 ut
534 2510 707 2584 supponitur
721 2518 758 2567 err
773 2508 839 2566 alibi
854 2507 1013 2566 declaratis.
1052 2507 1120 2566 Nec
1136 2509 1233 2566 solum
1249 2516 1311 2565 sunt

255 2606 389 2663 haeretici
413 2606 527 2676 novelli,
554 2608 604 2665 sed
629 2607 666 2664 ad
692 2604 846 2665 damnum⁶
870 2606 1008 2663 ecclesiae
1034 2605 1147 2664 diaboli
1174 2605 1310 2673 indurati;

255 2705 335 2780 quod
357 2715 434 2779 patet
456 2724 492 2761 ex
515 2723 569 2762 suo
591 2723 680 2780 opere
702 2717 730 2763 et
751 2724 804 2763 sua
826 2704 1015 2764 sollicitudine
1037 2721 1130 2779 quarn
1153 2704 1263 2761 habent
1275 2701 1310 2759 ad

256 2820 338 2860 suam
357 2803 500 2859 haeresim
521 2803 747 2872 defendendum,
762 2821 829 2861 curn
849 2821 936 2878 supra
954 2803 1027 2858 vires
1047 2801 1197 2861 humanas
1210 2802 1309 2860 vellent

256 2901 306 2957 niti
327 2899 426 2957 fideles
447 2901 608 2974 deprimere
628 2910 687 2958 tarn
708 2901 855 2958 laboribus
874 2918 962 2976 quam
982 2902 1129 2974 expensis
1146 2902 1198 2977 qui
1213 2903 1309 2958 iunue-

255 2999 333 3055 rentl
358 3000 438 3072 ipsos
467 2999 504 3055 ad
533 2999 663 3074 regulam
689 2997 794 3057 Christi
823 2999 968 3061 reducere.
997 3011 1025 3055 et
1053 3015 1178 3068 errores
1208 3000 1309 3075 quihus

256 3096 370 3165 instant,
387 3096 538 3171 expellere.
583 3096 642 3155 Sed
657 3115 731 3172 quae
750 3097 893 3156 conditio⁷
914 3096 1006 3170 magis
1026 3098 1167 3171 opposita
1182 3097 1309 3155 caritati?

257 3192 386 3250 ‘Caritas
412 3194 491 3250 enirn
516 3195 629 3269 patiens
654 3195 711 3252 est’
739 3195 904 3254 sufferendo
933 3194 1103 3270 personales
1128 3195 1258 3270 injurias,
1282 3205 1309 3251 ut

257 3302 335 3366 patet
363 3310 372 3347 1
400 3290 529 3349 Corinth.
553 3293 627 3363 xiii.;
660 3304 688 3350 et
710 3304 789 3368 patet
814 3294 849 3351 de
875 3292 999 3361 ChristO,
1025 3303 1056 3349 ut
1083 3291 1189 3350 Petrus
1214 3296 1309 3351 recitat

262 3407 273 3444 1
300 3389 375 3446 Petri
401 3391 547 3448 secundo:
579 3397 662 3448 ‘cum
688 3392 914 3460 malediceretur,
936 3408 997 3447 non
1017 3390 1223 3457 maledicebat.
1245 3409 1308 3449 cum

258 3496 402 3560 pateretur
425 3507 485 3544 non
508 3489 757 3548 comminabatur!
801 3489 889 3547 Tales
911 3499 1008 3546 autem
1031 3489 1180 3547 inveterati
1204 3489 1307 3548 diaboli

258 3602 318 3641 non
348 3584 442 3641 solum
472 3604 531 3642 non
561 3587 706 3660 patiuntur
731 3587 857 3663 injurias,
884 3587 936 3645 sed
965 3605 1025 3643 non
1054 3587 1204 3661 patiuntur
1232 3585 1308 3662 quod

259 3679 375 3756 aliquis⁸
403 3692 502 3758 tangat
527 3696 608 3741 sanet
631 3684 674 3742 vel
699 3686 815 3761 adjuvet
840 3703 924 3743 suum
945 3685 1090 3741 morbum.
1134 3684 1172 3741 Et
1194 3686 1249 3743 ista
1269 3695 1309 3741 est

51 3829 53 3865 Ι
259 3781 387 3837 conditio
416 3799 531 3838 summa
560 3782 682 3853 diaboli;
715 3802 783 3841 nam
811 3784 940 3842 conditio
970 3782 1041 3840 soret
1071 3783 1207 3853 caritatis,
1237 3800 1308 3859 quae

292 3972 299 3999 ¹
318 3970 482 4034 addiscerent]
495 3972 620 4026 adisceret,
634 3974 688 4021 Aa.
804 3972 814 3999 ²
830 3971 934 4035 aliquid]
947 3971 1022 4027 aliud,
1034 3972 1063 4019 C.
1137 3970 1146 3997 ³
1163 3968 1307 4034 suscipiunt]

260 4037 387 4092 sustinent,
400 4038 429 4085 C.
537 4037 592 4086 ‘ci
608 4040 645 4086 Ps.
658 4039 704 4087 xci.
717 4038 740 4093 6,
754 4038 856 4101 Vulg.'
905 4036 1062 4100 ldamnum]
1075 4036 1269 4087 damnationem,
1280 4036 1307 4083 C.

241 4084 244 4184 ι
259 4102 268 4127 ⁸
286 4102 424 4166 innuerent]
438 4103 575 4159 innuerunt,
589 4106 617 4152 C.
716 4103 725 4131 ⁷
743 4103 865 4167 conditio]
879 4103 1048 4156 contradictio,
1056 4103 1085 4151 C.
1186 4103 1195 4130 ⁸
1211 4098 1308 4165 aliquis]

242 4206 243 4211 ,
259 4166 327 4221 alius,
341 4170 368 4215 C.
