2864 4836
546 391 801 472 JOANNJS
843 394 1073 455 WICLIF
1281 423 1347 465 cin,

278 559 319 615 sic
339 559 390 616 ubi
405 557 536 617 Christus
556 559 648 616 voluit
668 557 787 614 morolzis
807 554 977 631 ponderari,
992 557 1043 614 isti
1069 568 1209 616 statuunt
1231 560 1344 635 despon-

278 656 435 714 sationem¹
451 675 519 715 cum
530 657 589 715 suis
604 656 712 724 ritibus,
724 654 883 712 moralibus
897 657 1111 713 communiter
1122 660 1341 732 praetermissis;

278 766 306 813 et
330 755 372 813 sic
396 755 433 813 de
454 754 711 814 innumerabilibus
731 754 827 824 rebus,
848 751 940 828 quas⁸
961 753 1009 812 isti
1034 755 1152 814 novelli
1174 757 1293 815 ordines
1310 758 1341 814 sd

278 872 354 911 onus
368 854 508 912 ecclesiae
522 853 719 912 introducunt.
760 851 833 910 Ideo
847 860 950 909 contra
966 851 1158 912 Trinitatem
1180 856 1340 931 peccantia

278 969 401 1010 numero
422 952 553 1028 pondere
575 962 604 1010 et
621 969 764 1010 mensura
807 950 846 1008 Et
863 959 953 1025 patet,
975 953 1064 1026 quod
1085 951 1165 1010 false
1185 955 1339 1022 assumitur,

278 1049 359 1124 quod
380 1050 551 1109 observant⁸
572 1050 680 1121 omnia,
695 1067 771 1125 quae
792 1058 885 1107 servat
905 1050 1029 1124 antiqua
1045 1050 1157 1125 religio
1174 1050 1335 1109 Christiana

279 1147 366 1206 Unde
386 1149 498 1206 videtur
518 1149 624 1218 multis
639 1148 720 1223 quod
742 1149 815 1206 sicut
837 1146 981 1205 diabolice
1004 1147 1175 1223 deturpant
1196 1151 1338 1209 ecclesiam

279 1263 345 1304 cum
356 1245 556 1304 traditionibus
567 1247 621 1304 sibi
633 1245 715 1315 fictis,
728 1246 768 1304 sic
780 1245 948 1303 ecclesiam⁴
962 1245 1173 1321 multipliciter
1188 1248 1339 1306 illibertant

320 1341 442 1401 Semndo
463 1344 597 1420 objicitur
617 1361 669 1420 per
683 1343 765 1413 hocl,
779 1343 860 1419 quod
881 1353 1047 1418 atempore
1071 1363 1138 1420 quo
1161 1347 1210 1404 isti
1232 1348 1339 1405 ordines

278 1442 456 1516 incepemnt,
472 1442 637 1516 regulariter
651 1442 749 1500 vivunt
768 1441 931 1516 religiosius
949 1459 1041 1516 quam
1062 1442 1114 1501 alii
1135 1444 1175 1503 de
1197 1446 1338 1503 communi

278 1539 381 1596 ordine
393 1537 575 1611 Christiano,
601 1539 683 1615 quod
694 1538 876 1598 infallibiliter
889 1538 1047 1610 convincit,
1065 1541 1153 1615 quod
1168 1542 1218 1600 isti
1232 1544 1339 1601 ordines

278 1636 401 1694 multum
422 1648 545 1713 prosunt
566 1637 714 1707 ecclesiae,
737 1647 766 1695 et
787 1637 868 1712 quod
888 1637 987 1694 vivunt
1009 1638 1143 1697 strictius
1168 1651 1260 1717 atque
1280 1659 1338 1718 per·

279 1733 379 1792 fectius
394 1754 482 1810 quam
497 1736 632 1794 homines
647 1736 702 1793 sub
716 1736 867 1793 communi
881 1735 983 1793 ordine
1000 1734 1185 1797 ChrIstiano.

321 1833 380 1892 Sed
394 1831 457 1892 hic⁰
471 1835 582 1904 dicitur,
597 1835 679 1910 quod
693 1834 747 1893 ista
760 1835 832 1892 ratio
847 1843 950 1909 peccat
969 1835 999 1890 in
1018 1836 1146 1893 materia
1164 1837 1242 1895 sicut
1256 1838 1337 1913 prior,

278 1950 345 1990 cum
360 1932 486 2008 religiosi
500 1934 545 1992 isti
560 1935 590 1991 in
604 1951 712 2009 magna
726 1943 807 2008 parte
821 1940 889 1990 sunt
903 1932 1031 2008 pessimi,
1043 1942 1072 1989 et
1088 1932 1130 1991 illi
1146 1935 1199 2010 qui
1211 1935 1338 1993 videntur

278 2050 343 2089 esse
357 2029 488 2107 aliquid⁷,
504 2043 570 2090 sunt
589 2031 746 2107 sophistice
766 2030 880 2105 palliati.
923 2028 995 2088 Ideo
1016 2030 1086 2088 dicit
1107 2031 1337 2107 Augustianis

278 2129 401 2205 epistola
415 2130 453 2187 ad
467 2131 544 2189 cives
559 2125 791 2205 Hipponenses⁸,
803 2128 883 2204 quod
898 2138 1060 2203 atempore
1074 2145 1140 2203 quo
1152 2128 1221 2188 Deo
1238 2131 1336 2188 servire

278 2229 433 2303 inceperat,
456 2228 492 2286 de
517 2228 623 2286 difficili
648 2237 783 2303 expertus
806 2237 849 2284 est
872 2225 1005 2284 meliores
1031 2225 1257 2298 claustralibus;
1289 2226 1337 2285 sed

278 2325 391 2384 Deum⁹
411 2336 539 2397 testatur,
554 2325 635 2403 quod
655 2343 805 2400 nunquam
822 2324 890 2382 vidit
909 2323 1079 2399 simpliciter
1097 2325 1262 2399 praviores.
1302 2324 1337 2383 Et

279 2425 353 2482 sicut
375 2423 427 2482 fuit
452 2436 584 2500 tempore
608 2423 665 2493 illo,
687 2423 727 2481 sic
750 2422 802 2481 fuit
825 2423 863 2480 ab
887 2422 935 2480 illo
958 2432 1092 2496 tempore
1117 2440 1216 2499 usque
1239 2423 1335 2482 modo.

280 2522 358 2581 Nam
384 2523 517 2580 simulata
540 2523 684 2592 sanctitas
710 2539 784 2597 quae
810 2532 853 2579 est
882 2521 988 2597 duplex
1013 2520 1161 2595 iniquitas,
1188 2520 1259 2580 facit
1286 2539 1334 2579 eos

279 2623 402 2696 pejores
424 2621 490 2679 licet
511 2621 634 2679 ecclesia
656 2638 708 2694 per
732 2637 834 2677 eorum
859 2618 1034 2694 hypocrisim
1061 2619 1097 2675 sit
1121 2618 1258 2695 decepta
1300 2620 1334 2676 Et

279 2732 365 2795 patet,
383 2721 546 2795 quodlicet
565 2719 741 2794 quandoque
761 2720 856 2775 vivant
876 2717 999 2775 strictius
1018 2734 1108 2790 quam
1130 2718 1233 2792 reliqui
1255 2736 1332 2774 secu·

278 2819 360 2888 lares,
383 2827 480 2874 tamen
506 2836 541 2874 ex
567 2816 624 2875 hoc
650 2834 737 2890 saepe
762 2816 859 2873 vivunt
883 2813 1088 2890 imperfectius
1110 2816 1196 2889 quod
1220 2828 1331 2889 oportet

279 2917 358 2991 ipsos
370 2916 541 2985 concedere,
553 2933 621 2973 cum
633 2932 721 2989 saepe
732 2924 849 2971 currunt
861 2913 1027 2970 Romanam
1039 2913 1150 2969 curiam
1163 2925 1332 2989 sumptuose

278 3032 332 3089 pro
358 3014 575 3089 dispensatione
600 3031 654 3070 suo
679 3010 800 3069 ordini¹⁰
824 3011 990 3078 obtinenda,
1017 3012 1099 3085 quod
1124 3014 1250 3068 omnino
1275 3030 1329 3069 non

278 3112 413 3180 facerent,
425 3112 504 3169 nisi¹¹
517 3111 766 3187 imperfectionem
777 3111 807 3166 in
818 3109 1001 3167 observantia
1013 3108 1119 3166 rituum
1132 3127 1256 3167 suorum
1268 3129 1330 3185 sup·

278 3221 437 3286 ponerent;
459 3221 488 3268 et
504 3209 665 3286 specialiter
680 3207 809 3284 episcopi
824 3218 852 3267 et
866 3208 1011 3283 graviores
1031 3225 1187 3281 personae,
1203 3227 1277 3283 quae
1297 3208 1329 3265 ad

276 3309 515 3366 exonerationem
543 3306 731 3365 traditionis¹²
758 3307 802 3364 sui
830 3306 940 3364 ordinis
967 3305 1032 3380 plus
1061 3303 1207 3364 laborant
1260 3307 1329 3363 Ideo

275 3407 395 3482 quando
423 3408 585 3475 assumitur,
610 3404 691 3480 quod
715 3405 841 3479 religiosi
865 3404 911 3461 isti
935 3403 1031 3460 vivunt
1060 3403 1243 3463 secularibus
1270 3405 1329 3480 plus

275 3504 409 3578 perfecte,
434 3505 478 3562 vel
504 3502 732 3578 sophisticatur¹³
756 3503 786 3558 in
811 3500 1030 3576 particularitate
1054 3500 1098 3557 vel
1123 3501 1230 3559 falsum
1254 3521 1329 3561 assu·

274 3603 368 3658 mitur.
426 3600 524 3670 Notet,
554 3603 682 3676 inquam,
713 3599 839 3668 fidelis¹⁴,
868 3599 1020 3674 quomodo
1049 3599 1078 3655 in
1108 3601 1288 3658 secularibus
1313 3617 1328 3656 a

274 3709 405 3774 tempore
421 3698 527 3756 Christi
549 3700 655 3757 mansit
677 3698 796 3756 fideliter
817 3697 918 3772 religio
939 3696 1111 3764 Christiana,
1128 3710 1157 3756 et
1178 3698 1328 3774 quomodo

307 3867 314 3894 ¹
333 3865 560 3928 desponsationem]
573 3865 789 3929 dispensationem,
803 3866 832 3913 C.
912 3864 922 3890 ⁹
939 3866 1019 3919 rebus,
1032 3863 1103 3928 quas]
1117 3864 1208 3912 ritibus
1219 3881 1288 3928 quos.
1300 3864 1328 3912 C.

273 3931 281 3955 ³
299 3930 442 3992 observant]
456 3932 577 3981 observat.
590 3932 619 3979 C.
697 3929 706 3956 ⁴
722 3930 862 3993 ecclesiam]
876 3930 958 3983 etiam,
970 3931 1000 3978 C.
1080 3930 1089 3958 ⁶
1106 3945 1151 3992 per
1163 3929 1225 3993 hoc]
1239 3947 1287 3978 om.
1300 3931 1327 3978 C.

273 3995 351 4058 ⁸hic]
364 3996 419 4049 hoc.
433 3997 462 4045 C.
565 3995 694 4058 ⁷aliquid]
708 3998 739 4043 cf.
753 3994 809 4043 Gal.
822 3995 888 4049 ii.6;
910 3995 985 4050 aliud,
997 3996 1027 4044 C.
1127 3995 1185 4043 ὀί.
1198 3995 1326 4058 Augustini

274 4062 394 4172 fflppdfq·
405 4063 492 4172 Verpet.
506 4069 645 4175 tapetem.
655 4061 687 4108 11.
701 4060 753 4154 136,
764 4062 810 4135 Ep
821 4061 966 4109 LXXVIII.
1035 4061 1057 4153 ιζ
1070 4059 1172 4173 tDekppt]
1185 4061 1286 4134 tiletum,
1297 4061 1325 4173 g.

274 4190 290 4218 ¹³
305 4126 646 4254 Egpffiljstgtthssi'sz'pl'figijw,
660 4192 688 4239 C.
745 4126 1223 4255 mipfiilhiisa]insrtlelis,n.b.r(121.uoms]
1237 4142 1285 4174 om.
1320 4161 1325 4169 '

1175 4274 1285 4315 wicht?
