2864 4836
151 342 189 392 12
492 333 952 400 PROLEGOMENA.

184 492 264 554 Lrhri
277 492 375 555 titulus
394 496 425 555 in
439 499 548 576 pagina
565 501 661 578 prima
673 504 757 580 quasi
774 502 890 563 tabulae
904 502 1018 565 duabus
1031 503 1177 568 columnis
1191 507 1304 571 Corin·

141 598 209 661 thiis
223 601 413 680 interpositae
427 603 583 683 inscriptus
596 605 675 668 hanc
687 607 776 668 habet
789 608 934 671 sormam:

632 905 686 966 10.
707 906 829 969 wls.

417 1008 512 1070 LEFI
615 1011 708 1072 VIRI
809 1013 1022 1090 UNDIQUA·

415 1134 474 1194 que
507 1117 573 1194 piis.
608 1117 794 1196 dialogorum
828 1121 892 1180 libri
922 1123 1021 1200 ‹ittuor

415 1230 510 1299 quoru
544 1224 655 1300 primus
691 1224 840 1284 diuinitate
872 1235 903 1285 et
934 1226 1020 1286 ldae·

415 1345 448 1386 as
495 1337 607 1401 tractat,
653 1329 808 1390 Secundus
847 1333 1020 1393 uniuersam

415 1434 561 1494 mentione
628 1436 806 1513 coplectitur.
899 1438 1018 1501 Tertius

415 1540 453 1601 de
486 1542 611 1603 uirtutib.
651 1544 786 1622 uitiisque
819 1546 890 1621 ipsis
924 1553 1017 1606 cotra·

414 1649 464 1708 n'is
506 1649 709 1727 copiosissime
751 1650 857 1731 loqtur.
920 1650 1017 1726 Quar-
1050 1694 1056 1704 ·
1085 1631 1088 1635 ‚

414 1767 461 1816 tus
494 1756 552 1817 Ro.
580 1758 722 1819 ecclesiae
754 1769 924 1832 sacramata,
952 1762 1017 1839 ejus

413 1861 550 1940 pestifera
621 1864 781 1936 dotatione,
855 1865 1017 1927 antichristi

413 1975 517 2048 regnis,
562 1968 652 2030 iratru
699 1970 881 2031 fraudulenti
928 1974 1016 2049 origi·

413 2087 451 2136 ne
483 2087 572 2154 atque
602 2085 675 2136 eoru
706 2077 894 2155 hypocrisim,
922 2080 1016 2138 uaria·

413 2200 472 2257 que
488 2185 543 2242 nri>
561 2201 638 2244 aeuo
659 2185 733 2243 seim
749 2184 931 2261 dignissima,
947 2202 1014 2261 gra·

413 2290 500 2368 phiec
521 2293 665 2368 patringit,
690 2308 766 2367 quae
789 2299 822 2350 ut
845 2300 944 2351 essent
971 2292 1014 2350 in·

412 2405 480 2455 uatu
536 2395 640 2468 facilia,
685 2395 835 2473 singuloru
895 2396 1014 2467 libroru,

412 2512 476 2562 tum
516 2512 613 2580 caput,
652 2511 716 2561 tum
757 2503 859 2580 capitis
900 2510 1016 2563 summa

534 2609 631 2669 indice
645 2609 892 2687 praenotauimus.

176 3182 308 3244 Titulum
337 3181 417 3244 hunc
449 3184 489 3241 ita
521 3181 746 3259 exprimendum
775 3199 841 3242 esse
872 3181 1049 3252 censuimus,
1077 3188 1109 3239 ut
1122 3177 1209 3239 simul
1237 3196 1294 3238 ex·

134 3291 247 3369 empiar
273 3291 459 3369 praeberetur
487 3305 590 3350 eorum
618 3288 762 3348 scribendi
790 3288 1041 3364 compendiorum,
1066 3287 1172 3363 quibus
1197 3285 1294 3348 editio

133 3397 280 3476 princeps,
302 3396 341 3457 ad
361 3396 486 3456 modum
506 3395 646 3455 librorum
666 3412 758 3453 manu
778 3404 971 3465 exaratorum,
993 3393 1081 3471 plena
1102 3402 1154 3452 est.

177 3503 311 3580 Sequitur
333 3503 484 3580 praefatio,
508 3520 569 3561 uon
597 3520 616 3561 a
642 3499 828 3579 typographo
855 3501 930 3578 ipso,
956 3499 1009 3560 sed
1033 3501 1071 3559 ab
1100 3498 1198 3576 aliquo
1222 3498 1292 3576 ejus

134 3608 241 3680 amico,
263 3608 410 3668 literarum
434 3607 641 3668 humaniorum
665 3607 850 3686 peritissimo,
874 3607 1048 3684 conscripta,
1070 3606 1149 3667 hunc
1171 3605 1291 3668 habens

134 3715 344 3776 sententiarum
364 3722 514 3773 tenorem:

609 3883 811 3980 Prologus:

399 4032 566 4093 Christiano
586 4031 688 4095 lectori
707 4034 832 4109 gratiam
851 4042 881 4092 et
901 4050 1014 4110 pacem.

175 4139 257 4200 Deus
277 4142 348 4201 olim
369 4159 431 4201 nou
452 4159 619 4220 perunum,
635 4141 687 4202 sed
707 4141 872 4219 perplures
891 4139 1059 4219 prophetas,
1074 4139 1286 4202 candidissime

131 4248 231 4322 lector,
256 4259 284 4308 et
306 4248 424 4326 quidem
449 4248 546 4310 multis
569 4248 676 4319 modis,
698 4265 777 4307 nunc
799 4264 852 4324 per
869 4245 1021 4319 visionem,
1043 4266 1121 4308 nunc
1146 4246 1219 4307 facie
1241 4249 1284 4308 ad
