2864 4836
130 406 238 529 {wa
501 445 841 510 rnrnrooos

245 600 283 661 ad
301 604 517 681 navigationem
536 606 623 665 talem
638 617 705 667 sunt
723 608 888 668 necessario
907 608 1053 685 requisita.
1095 607 1194 685 Opor-

134 772 137 777 ,
209 700 289 759 enim
312 720 367 761 nos
391 704 422 760 in
446 705 610 763 itinerando
634 706 664 763 in
692 716 786 765 aetate
813 717 913 765 nostra
940 705 1076 764 infantili¹
1105 717 1193 783 atque

131 795 289 874 ¹decrepita
309 800 453 876 navigare,
469 801 521 860 sed
542 802 572 859 in
593 812 686 862 aetate
707 804 812 875 media,
828 804 858 861 in
879 804 994 879 signum
1009 804 1090 879 quod
1105 804 1194 863 debe-

135 908 208 967 nus
229 896 354 972 aspirare
376 896 413 956 ad
435 898 578 969 coelestia,
594 900 734 959 debemus
755 902 832 959 viare
853 901 883 959 in
905 902 983 960 sicco
1005 902 1114 960 itinere.
1157 900 1193 959 In

137 993 236 1072 prima
248 995 433 1070 navigatione
448 1006 643 1056 sustentamur
656 1015 674 1055 a
688 999 795 1056 nostris
814 995 992 1075 parentibus,
1007 1008 1035 1056 et
1049 999 1079 1056 in
1093 998 1195 1056 ultima

121 1087 178 1177 ‘tie
198 1091 286 1149 bonis
306 1092 398 1168 quae²
410 1103 570 1170 temperate
591 1092 777 1170 collegimus³
790 1095 835 1154 vel
856 1094 893 1154 de
914 1095 1107 1172 eleemosynis
1129 1113 1194 1154 cor-

126 1187 288 1267 ·poralibus
302 1188 421 1248 fratrum
439 1202 622 1264 nostrorum3
651 1192 681 1250 iu
696 1192 793 1250 media
812 1203 909 1251 autem
929 1203 1023 1251 aetate
1041 1193 1078 1251 de
1093 1203 1194 1253 nostro

134 1285 241 1347 labore
261 1286 402 1347 debemus
423 1291 516 1347 vivere
531 1286 591 1347 vel⁴
605 1289 642 1347 de
663 1290 871 1365 temporalibus
892 1308 967 1366 quae
988 1291 1075 1349 nobis
1096 1290 1196 1367 acqui-

126 1383 231 1444 rimus
244 1385 377 1444 virtuose.
419 1386 457 1445 Et
471 1387 523 1445 iste
543 1397 634 1446 status
652 1397 696 1446 est
715 1389 898 1465 propinquus
912 1389 997 1446 statui
1012 1388 1195 1446 innocentiae

107 1468 112 1507 ³
138 1497 231 1559 quem
259 1483 382 1559 apostoli
407 1486 599 1542 observarunt
606 1504 614 1557 ;
650 1495 679 1543 et
707 1486 749 1543 sic
778 1485 940 1560 intelligunt
969 1486 1056 1561 aliqui
1085 1485 1196 1543 dictum

139 1577 250 1640 Christi
264 1579 405 1639 Matthaei
419 1600 465 1639 rc:
494 1582 581 1640 ‘nihil
600 1582 720 1641 tuleritis
741 1583 772 1640 in
793 1584 839 1640 via
860 1599 955 1658 neque
976 1599 1078 1659 peram
1100 1600 1195 1658 neque

138 1676 279 1738 baculum
303 1696 399 1754 neque
425 1678 622 1738 calceamenta
646 1680 676 1737 in
700 1680 825 1756 pedibus
853 1679 992 1739 habeatis'
1015 1689 1071 1740 etc.
1124 1679 1195 1738 Non

94 1830 96 1835 .
138 1776 221 1835 euim
242 1775 350 1835 debent
363 1776 414 1834 viri
435 1778 586 1855 apostolici
605 1777 711 1836 tardari
732 1796 799 1836 cum
821 1776 918 1853 aliquo
939 1777 1100 1853 temporali,
1115 1776 1196 1853 quod

138 1873 194 1933 vel¹
205 1890 307 1932 comm
327 1872 512 1932 affectionem
527 1874 572 1933 vel
590 1875 815 1949 occupationem
835 1891 894 1950 quo
910 1874 947 1932 ad
967 1892 1052 1932 suum
1067 1873 1196 1932 officium

142 1970 329 2047 impediret⁶3
358 1970 438 2029 nuda
458 1982 555 2030 autern
581 1981 610 2030 et
634 1971 785 2031 moderata
806 1970 916 2029 habitio
938 1989 989 2047 per
1003 1971 1116 2046 virgam
1130 1988 1196 2046 ges·

139 2078 203 2128 tam
216 2070 247 2126 in
260 2069 395 2127 manibus
411 2078 506 2145 potest
521 2069 647 2146 intelligi.
689 2067 777 2127 Unde
792 2069 865 2127 sicut
884 2079 1023 2127 oneratus
1043 2068 1194 2144 multiplici

139 2166 315 2225 vestimento
331 2175 376 2223 est
392 2183 479 2241 saepe
498 2185 551 2242 per
569 2166 626 2226 hoc
645 2166 859 2242 indispositior⁶
873 2166 911 2225 ad
925 2167 987 2236 iter,
1002 2168 1043 2225 sic
1059 2177 1196 2225 oneratus

139 2263 350 2340 temporalibus
363 2274 406 2321 est
424 2282 512 2339 saepe
532 2264 730 2341 indispositior
748 2264 786 2322 ad
800 2264 1033 2339 prodessendum
1047 2264 1195 2323 ecclesiae.

140 2361 181 2421 Et
208 2361 246 2420 ad
273 2362 360 2420 istum
389 2380 509 2421 sensum
538 2361 609 2419 dixit
634 2361 766 2420 Christus
790 2362 839 2419 ubi
864 2380 961 2438 supra,
984 2367 1100 2438 ‘neque
1124 2362 1196 2420 duas

139 2460 254 2519 tunicas
268 2459 416 2530 habeatisl
431 2470 460 2518 et
473 2460 528 2518 ista
547 2459 593 2518 lex
609 2459 715 2518 Christi
734 2470 778 2518 est
798 2458 916 2518 fundata
934 2461 965 2517 in
984 2459 1048 2535 lege
1068 2470 1195 2530 naturae,

142 2575 211 2616 eum
225 2576 284 2634 qua
298 2576 387 2617 nemo
402 2558 507 2635 poterit
522 2557 701 2632 dispensare.

1277 461 1341 533 305

183 2654 232 2713 Ad
252 2657 397 2714 secundum
418 2656 544 2732 obJ'ectum
565 2665 647 2713 tuum
669 2664 756 2730 patet,
771 2653 851 2731 quod
872 2655 958 2714 nimis
978 2654 1049 2715 false
1064 2657 1195 2726 assumis,
1244 2675 1317 2740 ἕως*
1342 2676 1365 2701 ²0

145 2771 214 2813 cum
234 2754 345 2813 domini
362 2753 537 2829 temporales
552 2753 659 2811 debent
674 2753 715 2811 sic
734 2753 887 2811 moderare
907 2771 974 2813 suas
993 2755 1196 2824 eleemosinas,
1230 2757 1376 2824 ¹2„{‘⁸,‘,i„'¹'

141 2850 225 2927 quod
238 2849 318 2909 nullo
338 2850 429 2908 modo
445 2849 550 2908 Christi
565 2849 708 2908 ordinatio
723 2851 929 2926 extinguatur⁷,
949 2852 1017 2927 quia
1036 2851 1116 2911 aliter
1134 2871 1196 2911 non

144 2940 242 3006 forent
266 2947 461 3006 eleemosinae
479 2947 531 3005 sed
549 2949 801 3022 praesumptiones
820 2948 994 3023 proditoriae
1009 2949 1195 3020 maledictae3

142 3043 275 3104 Christus
289 3045 368 3103 enim
384 3043 470 3103 docet
484 3046 515 3102 in
529 3045 680 3121 evangelio
695 3043 794 3104 Lucae
808 3046 874 3116 xiv„
886 3047 1039 3122 quomodo
1054 3047 1196 3105 debemus

141 3142 328 3219 corporaliter
347 3142 555 3201 eleemosinare
574 3160 716 3218 pauperes
735 3160 849 3213 caecos,
867 3161 1010 3219 pauperes
1030 3143 1150 3202 claudos
1168 3154 1197 3202 et

140 3257 286 3316 pauperes
307 3240 424 3311 debiles,
439 3249 468 3296 et
490 3257 542 3314 per
564 3256 749 3315 consequens
770 3239 842 3298 alios
862 3241 1065 3298 mendicantes
1086 3240 1197 3301 validos

140 3339 299 3412 astringere
314 3336 352 3396 ad
366 3337 504 3396 laborem.
548 3335 672 3412 Oportet
686 3337 764 3394 enim
779 3335 860 3412 quod
874 3338 905 3394 in
920 3335 1027 3395 Christi
1047 3338 1146 3413 regula
1160 3340 1197 3398 sit

140 3445 297 3511 paupertas
317 3436 347 3492 in
367 3434 468 3509 triplici
488 3434 620 3510 sequenti
639 3432 780 3509 particula
800 3433 946 3510 tripliciter
960 3433 1113 3506 intellecta,
1128 3438 1196 3512 quia

140 3531 274 3593 Christus
288 3550 350 3592 non
364 3531 450 3591 docet
464 3531 673 3591 eleemosinare
694 3531 795 3588 divites
814 3530 935 3601 mundo,
950 3531 1016 3590 licet
1036 3533 1093 3590 sint
1107 3535 1195 3604 caeci,

141 3629 245 3699 claudi,
267 3629 384 3700 debiles,
407 3628 493 3688 docet
517 3624 629 3687 autem⁸
650 3628 859 3686 eleemosinare
880 3639 938 3687 tres
959 3629 1030 3689 tales
1051 3649 1195 3707 pauperes

140 3727 301 3787 moderate.
344 3726 402 3785 Sed
422 3727 574 3804 quomodo
594 3725 763 3785 universalis
777 3737 805 3784 et
824 3737 964 3802 perpetua
978 3727 1087 3786 dotatio
1102 3728 1195 3787 eccle·

175 3947 184 3976 ¹
202 3945 319 4023 infantili]
332 3946 454 4003 infantuli,
466 3948 496 3996 B.
509 3947 604 4012 primae
614 3963 709 4003 manus.
721 3949 760 3998 ed.
773 3964 809 4012 pr.
968 3949 978 3977 ²
994 3949 1025 3998 de
1036 3948 1109 3998 bonis
1120 3948 1194 4012 quae]

141 4028 213 4087 quast
221 4026 295 4087 puae,
307 4012 353 4069 A.;
371 4014 449 4076 quasi,
461 4013 505 4069 B.;
521 4028 592 4127 puali,
605 4015 634 4062 C.
673 4014 738 4126 Μ’
755 4013 1075 4143 collegimusspplilprgeetppg
1088 4014 1194 4128 ‘ht-iffi?

141 4076 340 4207 {Quam
353 4094 390 4143 μ’
410 4142 501 4193 ‘nun
535 4078 846 4208 dimississem.
859 4159 895 4208 pr.
999 4094 1195 4209 'augmenti

141 4207 300 4272 extinguitur,
312 4207 350 4257 ed
362 4223 399 4272 pr.
499 4143 619 4273 nutem}
632 4209 705 4266 enim,
716 4209 755 4259 ed.
767 4225 804 4274 pr.

184 4307 316 4349 talabot}
321 4307 365 4351 US.
658 4308 678 4349 Χ
