2864 4836
537 394 793 475 JOANNIS
828 397 1043 460 WICLIF
1237 425 1334 466 uani

273 557 372 617 circuit
387 575 475 635 saepe
493 558 615 618 credens
635 577 667 618 se
687 559 845 636 intelligere
859 559 940 638 quod
958 579 1020 620 non
1040 561 1182 639 intelligit,
1196 576 1226 624 et
1242 567 1331 627 multa

273 674 304 715 se
319 674 407 733 posse
428 656 531 729 lacere,
545 676 620 734 quae
642 657 678 716 de
700 658 778 717 iacto
797 677 859 717 non
880 659 1014 735 concipit.
1058 659 1237 722 Studeamus
1258 682 1330 741 ergo

273 755 405 814 veritates
430 773 506 831 quae
530 765 606 827 sunt,
628 766 657 815 et
680 756 817 815 falsitates
840 757 1032 832 procedentes
1057 758 1093 816 dc
1118 760 1329 836 imaginatione

273 853 494 928 impossibilium
506 854 696 913 omittamus¹.
733 853 805 913 Ideo
816 855 985 913 excusando
996 855 1136 914 vanitates
1147 859 1329 919 contenden-

272 949 360 1012 tium²
373 955 403 1012 in
418 955 472 1014 ista
486 956 606 1013 materia
620 973 707 1032 saepe
723 955 791 1024 dixi,
806 954 888 1030 quod
901 966 1019 1029 paratus
1034 973 1098 1013 sum
1112 955 1185 1015 illud
1203 959 1286 1035 quod
1299 970 1328 1018 tu

273 1052 360 1127 ponis
376 1053 514 1128 possibile
534 1053 694 1123 admittere,
708 1053 805 1123 doct0,
820 1051 903 1128 quod
920 1052 989 1111 illud
1009 1053 1047 1111 sit
1066 1055 1216 1128 possibile.
1259 1055 1328 1116 Non

272 1150 352 1207 enirn
373 1160 485 1209 tantum
506 1150 624 1209 confido
646 1151 682 1210 de
704 1161 753 1209 tua
774 1151 904 1220 scientia,
919 1149 1008 1226 quod,
1024 1151 1048 1209 si
1069 1153 1173 1211 asseris
1191 1153 1250 1213 hoc
1264 1173 1328 1214 esse

272 1247 409 1322 possibile
432 1266 502 1324 ergo
527 1266 636 1319 verum,
658 1267 726 1307 curn
749 1247 896 1316 concedis,
918 1248 984 1307 licet
1009 1247 1089 1320 salse,
1115 1250 1197 1326 quod
1222 1252 1328 1312 multos

272 1344 407 1404 homines
420 1346 562 1423 intelligis,
577 1363 651 1423 quos
666 1346 747 1405 Deus
762 1363 823 1404 non
837 1355 934 1422 potest
947 1345 1118 1421 producere,
1129 1356 1161 1405 ut
1176 1347 1327 1409 bominem

271 1444 415 1503 infinitum
430 1462 578 1520 magnum,
594 1445 745 1503 hominem
760 1444 904 1503 infinitum
919 1443 1070 1501 meliorem
1085 1442 1214 1518 Christo,
1229 1458 1260 1506 et
1273 1447 1327 1507 ho·

272 1543 381 1600 minem
397 1543 449 1601 sibi
464 1541 520 1601 Dei
531 1543 692 1619 potentiam
707 1553 928 1619 coaequantem.

312 1638 408 1698 Placet
431 1650 527 1699 autem
552 1641 631 1710 mihi,
654 1641 733 1717 quod
759 1640 797 1699 ad
818 1637 1016 1699 tractandum⁸
1037 1639 1068 1696 de
1089 1648 1186 1715 septem
1205 1645 1326 1716 peccabi

83 1731 118 1765 ⁹⁹⁶
184 1734 202 1758 ”³
271 1738 434 1811 capitalibus
453 1739 656 1814 procedamus.
698 1737 736 1795 Et
758 1739 782 1795 si
803 1737 921 1795 iterum⁴
943 1738 1099 1795 occurrerit
1120 1751 1326 1814 argumentum

125 1895 146 1919 m
159 1855 171 1879 π
271 1836 354 1893 vivax
369 1847 471 1895 contra
482 1839 566 1895 istam
582 1838 764 1905 sententiam,
776 1835 856 1911 quod
867 1851 928 1892 non
943 1834 1041 1904 credo,
1052 1834 1148 1910 ipsum
1160 1836 1327 1913 diligentius

272 1945 443 2009 repetamus.
486 1934 608 1994 Videtur
628 1933 741 1993 autem³
754 1933 836 2009 quod
850 1949 989 1989 numerus
1009 1941 1120 2007 septem
1135 1944 1324 2008 peccatorum

272 2032 436 2106 capitalium
452 2033 481 2089 in
496 2030 554 2090 lide
568 2032 725 2108 scripturae
740 2031 853 2089 fundari
873 2029 978 2106 poterit
992 2040 1021 2087 et
1040 2032 1192 2088 communi
1211 2034 1325 2110 experi-

272 2131 349 2187 entia
374 2148 462 2204 quam
487 2129 638 2188 habemus.
681 2128 805 2189 Constat
829 2128 948 2204 quidem
973 2127 1052 2204 quod
1073 2125 1219 2204 Johannes
1248 2131 1324 2200 dicit,

272 2228 541 2302 concupiscentiam
555 2228 716 2296 oculorum,
728 2226 996 2302 concupiscentiam
1007 2226 1102 2285 carnis
1115 2238 1143 2285 et
1158 2229 1325 2305 superbiam

271 2325 344 2383 vitae
363 2343 427 2383 esse
449 2326 593 2401 originem
613 2324 779 2401 cujuslibet
800 2324 946 2400 sequentis
965 2323 1101 2400 peccati⁶.
1146 2324 1186 2382 Et
1200 2324 1324 2402 Jacobus

270 2422 348 2480 idern
372 2423 441 2481 dicit
465 2424 604 2499 ponendo
629 2422 709 2499 quod
735 2423 876 2498 sapientia
898 2420 983 2497 hujus
1008 2420 1110 2479 mundi
1133 2432 1178 2480 est
1201 2434 1323 2494 terrena,

270 2521 401 2580 animalis
416 2533 444 2580 et
459 2521 627 2580 diabolica⁷.
671 2520 814 2596 Superbia
826 2530 923 2577 autem
934 2519 1017 2589 vitae,
1030 2537 1105 2595 quae
1120 2518 1226 2578 dicitur
1241 2523 1322 2598 spiri·

271 2618 346 2677 tuale
358 2631 511 2694 peccatum
526 2630 554 2677 et
570 2618 754 2686 diabolicum,
766 2618 858 2693 gignit
873 2635 909 2674 ex
921 2634 952 2674 se
964 2617 1036 2674 duas
1048 2616 1144 2686 filias⁸,
1160 2619 1269 2678 seilicet
1280 2621 1322 2678 in·

269 2716 375 2774 vidiam
385 2727 471 2792 atque
481 2718 561 2787 iram,
572 2735 638 2775 cum
648 2716 789 2790 superbus
801 2715 911 2772 ratione
922 2714 1123 2789 singularitatis
1133 2733 1224 2791 quam
1233 2734 1322 2793 appe·

269 2813 309 2882 tit,
322 2813 428 2870 invidet
441 2814 578 2884 inferiori,
593 2832 630 2872 ne
646 2813 719 2872 forte
734 2812 771 2869 ad
791 2811 993 2888 aequalitatem
1008 2829 1092 2869 suam
1107 2814 1238 2888 attingat,
1250 2816 1321 2872 invi-

183 2938 187 2947 .
269 2909 318 2967 det
332 2911 453 2985 aequali,
465 2912 545 2986 quod
557 2910 639 2970 Deus
650 2911 746 2986 ipsum
758 2910 811 2969 sibi
824 2910 1001 2985 aequiparat,
1012 2920 1040 2967 et
1051 2910 1159 2969 invidet
1171 2912 1322 2986 superiori,

269 3007 347 3084 quod
364 3009 404 3066 sic
419 3009 515 3084 ipsum
530 3019 693 3084 exsuperat,
708 3008 793 3066 etsie
813 3008 966 3083 utrobique
987 3007 1076 3066 instar
1090 3008 1198 3067 diaboli
1213 3010 1321 3069 invidet

268 3106 442 3164 ordinationi
463 3116 491 3164 et
512 3107 593 3182 operi
608 3105 664 3163 Dei
686 3106 739 3164 sui.
782 3104 893 3163 Habito
916 3122 987 3181 crgo
1008 3106 1063 3164 isto
1085 3106 1242 3167 maledicto
1268 3121 1322 3170 ter·

268 3204 358 3273 nario,
373 3223 409 3262 ex
425 3203 574 3262 lucilerina
588 3204 730 3279 superbia,
745 3201 920 3261 resumendo
937 3212 1091 3280 peccatum
1111 3205 1178 3276 irae,
1193 3208 1322 3283 sequitur

268 3300 320 3358 ex⁹
348 3301 585 3376 concupiscentia
612 3301 765 3358 oculorum
798 3300 944 3358 secundus
973 3301 1113 3359 ternarius
1140 3303 1320 3378 maledictus,

268 3399 375 3456 scilicet
390 3399 432 3455 ira
446 3398 607 3457 dissolvens
622 3398 765 3467 homines,
781 3396 893 3456 accidia
911 3416 945 3456 ac
966 3399 1082 3458 avaritia
1096 3399 1165 3458 inde
1184 3419 1320 3479 sequens

268 3492 346 3551 Nam
371 3494 534 3565 iracundus,
556 3513 643 3570 quem
667 3506 782 3572 oportet
807 3494 935 3553 frustrari
961 3514 979 3554 a
1002 3514 1055 3554 suo
1076 3499 1240 3575 proposito,
1261 3512 1320 3560 tam

267 3602 365 3649 mente
380 3610 468 3667 quarn
484 3611 607 3668 corpore
623 3593 781 3663 hebetatiu,
797 3604 824 3651 et
839 3594 880 3651 sic
895 3604 1011 3669 oportet
1030 3595 1127 3670 ipsum
1145 3596 1276 3657 incidere
1290 3601 1319 3657 in

163 3734 168 3743 .
268 3700 401 3765 quartum
416 3702 568 3765 peccatum
584 3691 720 3750 accidiae.
761 3690 882 3749 Etcum
901 3691 1076 3751 desiderium
1090 3695 1197 3753 mentis
1217 3714 1321 3757 neces·

302 3915 308 3943 ¹
326 3914 480 3979 omittamus]
493 3930 543 3963 non
555 3915 722 3970 admittamus.
735 3915 797 3964 ΑΒ.
1014 3915 1025 3945 ¹
1041 3917 1258 3984 contendentium]
1270 3934 1320 3970 cre·

267 3980 384 4034 dentium.
397 3981 434 4028 ed.
447 3995 484 4043 pr.
635 3981 644 4009 ³
661 3979 828 4042 tractandum]
841 3987 980 4040 tractatum,
994 3981 1027 4031 D.
1192 3982 1202 4012 ⁴
1216 3983 1320 4099 irenam}

267 4045 372 4098 interim.
383 4045 422 4093 ed.
434 4060 471 4108 pr.
544 4045 553 4073 ⁵
568 4045 662 4109 autem]
675 4046 742 4100 mihi.
756 4046 849 4095 ΑΒΕ.
861 4046 899 4094 ed.
912 4062 948 4109 pr.
1066 4046 1077 4076 ⁸
1093 4046 1124 4096 cs.
1139 4061 1160 4096 1.
1172 4048 1231 4113 Job.
1241 4050 1267 4099 ii.
1282 4063 1292 4099 1
1312 4086 1319 4098 .

265 4108 274 4135 ⁷
291 4110 343 4173 Jac.
355 4109 388 4157 iii.
406 4123 441 4170 ¹5·
579 4112 589 4139 ⁸
605 4111 667 4160 duas
678 4109 752 4174 filias]
764 4111 826 4159 duos
838 4110 909 4166 filios.
923 4112 954 4160 Α.
1092 4113 1102 4142 ⁹
1118 4113 1160 4177 ex]
1172 4114 1212 4169 de.
1224 4115 1320 4166 A.B.C.

267 4174 359 4236 primae
371 4190 466 4223 manus.

1104 4247 1110 4256 Χ
1164 4278 1308 4324 wicun.
