2864 4836
815 330 1078 342 m

62 465 143 507 erra.
414 441 765 504 TRIALOGUS.

60 601 143 661 Deus
167 614 234 662 ante
258 603 409 673 mundum,
430 604 481 663 sed
506 603 694 674 aeternaliter,
716 621 777 662 non
802 611 834 660 ut
858 604 913 660 ista
936 601 1112 678 praepositio

61 701 160 760 ‘ante'
180 702 261 761 dicit¹
285 704 511 772 successionem,
530 702 581 760 sed
605 702 781 778 prioritatem
800 712 929 759 naturae.
976 699 1113 758 Secundo

61 810 172 858 certum
191 811 244 868 est,
262 801 342 876 quod
365 818 419 876 pro
438 799 549 876 primo²
566 800 683 858 instanti
703 798 805 857 mundi
824 815 886 856 non
906 809 950 857 est
971 797 1018 866 ita,
1034 795 1114 872 quod

61 895 144 955 Deus
165 897 216 956 luit
239 908 305 957 ante
326 900 478 969 mundum,
494 901 567 958 sicut
588 917 649 957 non
670 898 722 957 luit
743 909 821 968 tunc,
841 897 923 973 quod
943 894 1025 954 Deus
1036 894 1114 972 suri,

62 994 114 1053 sed
135 1006 206 1054 tunc
226 997 333 1072 incepit
352 1015 425 1066 esse,
441 996 521 1072 quod
536 995 617 1055 Deus
626 996 698 1074 suit
715 1003 777 1054 ante
797 993 936 1052 mundum.
979 992 1017 1050 Et
1031 993 1114 1050 tertio

62 1103 173 1151 certum
194 1103 246 1163 est,
260 1093 341 1170 quod
361 1093 540 1170 exponendo
561 1093 638 1152 hanc
659 1093 852 1152 exclusivam:
883 1096 1014 1150 ‘tantum
1033 1089 1115 1148 Deus

61 1190 117 1248 est'
136 1209 189 1267 per
203 1192 280 1250 hanc
293 1194 466 1268 negativam,
482 1191 610 1250 ‘nullum
630 1210 683 1250 ens
698 1190 779 1267 quod
799 1189 876 1249 non³
890 1200 942 1259 est,
958 1188 1039 1246 Deus
1053 1187 1114 1258 est,'

61 1295 91 1344 et
109 1288 296 1347 extendendo
315 1289 372 1348 hoc
391 1307 502 1347 nomen
523 1289 607 1348 ‘ens'
628 1289 665 1347 ad
683 1306 803 1347 omnem
822 1288 970 1346 veritatem
988 1286 1033 1344 vel
1053 1303 1114 1343 reru

62 1386 190 1454 rationis,
213 1404 247 1444 ac
267 1385 417 1445 limitando
438 1387 684 1462 praedicationem
706 1385 860 1444 formalem
885 1396 913 1443 et
934 1402 995 1442 uon
1016 1400 1115 1442 essen·

62 1482 169 1552 tialem,
184 1494 296 1541 certum
316 1495 368 1555 est,
388 1484 469 1560 quod
491 1483 751 1542 contradictionem
772 1483 887 1553 claudit,
902 1483 997 1542 solum
1018 1481 1115 1539 Deum

63 1597 146 1651 essc;
177 1581 245 1656 quia
265 1583 288 1640 si
312 1583 361 1651 sic,
376 1582 431 1640 alia
453 1582 555 1640 veritas
576 1589 629 1650 est,
650 1598 726 1656 quae
741 1591 860 1640 nonest
882 1580 1041 1639 formaliter
1054 1581 1115 1655 ipse

64 1676 155 1747 Deus,
177 1689 206 1737 et
227 1681 268 1738 sic
289 1690 333 1738 est
354 1680 391 1739 de
412 1679 530 1738 infinitis
551 1679 716 1737 veritatibus
737 1689 766 1736 et
786 1678 876 1754 ydeis.
919 1677 1000 1737 Sicut
1019 1688 1116 1735 autern

63 1776 198 1835 absolute
225 1779 422 1836 necessarium
444 1787 496 1846 est,
519 1776 640 1834 multas*
665 1777 798 1834 veritates
820 1793 894 1844 esse,
918 1792 1041 1850 quarum
1066 1773 1116 1831 ali·

63 1874 139 1950 qua⁶
160 1876 197 1933 sit
215 1874 366 1933 affirmatio
388 1875 444 1933 alia
464 1875 592 1950 negati0,
614 1872 728 1949 aliqual
742 1873 779 1931 de
800 1872 931 1949 possibili
951 1871 1063 1948 aliqua⁵
1080 1872 1116 1930 de

63 1971 220 2049 praeterito
241 1972 285 2030 vel
307 1972 411 2042 futuro,
434 1972 476 2030 sic
502 1971 634 2030 absolute
658 1971 853 2029 necessarium
875 1979 926 2039 est,
950 1986 1013 2038 ens,
1036 1969 1117 2043 quod

64 2086 128 2129 non
152 2078 198 2127 est
221 2067 326 2140 Deus⁰‚
351 2087 425 2128 esse.
476 2067 641 2145 Loquendo
667 2078 766 2127 tamen
791 2067 949 2126 formaliter
973 2066 1117 2144 quaelibet

64 2167 234 2243 hujusmodi
255 2167 406 2226 veritatum
427 2177 471 2225 est
491 2167 680 2226 essentialiter
700 2168 762 2243 ipse
787 2165 877 2237 Deus,
899 2184 961 2225 non
986 2178 1117 2225 creatura

64 2263 170 2341 aliqua,
193 2282 261 2323 curn
282 2282 344 2323 non
366 2265 402 2323 sit
422 2274 488 2339 opus
509 2264 574 2334 Dei,
596 2283 633 2323 eo
657 2264 738 2341 quod
763 2282 825 2323 nou
850 2273 948 2340 potest
971 2264 1115 2341 incipere;

23 2427 28 2434 ,
64 2362 120 2421 sed
140 2372 186 2422 est
207 2362 365 2421 formaliter
385 2363 488 2421 veritas
507 2363 635 2433 rationis,
650 2362 741 2421 modo
761 2380 820 2439 quo
840 2363 965 2439 loquitur
979 2361 1117 2421 Averrori

64 2469 171 2537 quarto
184 2459 392 2536 metaphisicae
406 2478 470 2536 cap.
487 2478 513 2533 3.
555 2459 621 2517 Imo
635 2459 746 2518 videtur
765 2459 897 2518 absolute
911 2460 1115 2529 necessarium,

65 2575 134 2618 esse
158 2558 306 2616 veritatem
331 2558 560 2633 contingentem,
582 2575 671 2633 quam
692 2574 754 2616 non
777 2555 837 2616 (εεῖτ
862 2557 1057 2616 necessarium
1077 2558 1117 2615 ita

64 2673 150 2727 esse;
164 2667 196 2714 ut
208 2657 303 2732 posito
308 2656 328 2727 ⁸,
337 2656 419 2732 quod
430 2656 527 2715 solum
536 2656 617 2714 Deus
629 2655 665 2713 sit
675 2656 761 2728 (sicut
771 2666 802 2713 tu
814 2655 928 2732 ponis⁹)
939 2667 1006 2715 ante
1014 2655 1117 2714 mundi

64 2757 254 2826 creationem,
273 2767 436 2832 quaeratur,
456 2765 553 2815 utrum
574 2755 653 2815 erit¹⁰
673 2757 769 2832 aliqua
790 2758 939 2815 creatura?
981 2754 1072 2828 Quod
1093 2756 1117 2815 si

64 2854 117 2923 sic,
133 2855 196 2930 ejus
210 2855 337 2931 inceptio
353 2856 404 2913 erit
424 2872 514 2931 quam
527 2853 610 2913 Deus
630 2854 784 2930 cognoscit
803 2864 870 2912 ante
888 2854 1031 2913 mundum
1046 2854 1116 2912 vel¹¹

64 2953 131 3029 ejus
145 2952 342 3028 inceptionem
357 2952 428 3022 lore,
443 2963 487 3011 est
500 2970 615 3011 summe
633 2953 817 3028 contingens.
860 2951 890 3010 Si
905 2971 996 3029 neges
1009 2952 1117 3028 aliquid

65 3050 130 3109 sore
145 3050 274 3122 adhuc¹¹,
294 3069 362 3111 cum
382 3050 514 3109 absolute
536 3051 701 3110 necessario
722 3049 830 3127 aliquid
848 3060 944 3126 potest
959 3049 1030 3120 sore,
1044 3067 1116 3108 con-

64 3149 185 3225 tingens
196 3159 241 3209 est
251 3150 399 3208 veritatem
410 3167 471 3208 uon
482 3167 546 3208 esse
561 3167 613 3225 per
627 3149 778 3224 tempus¹³,
793 3160 822 3208 et
837 3149 878 3208 sic
892 3148 1116 3224 Deus'cognos-

65 3247 106 3306 cit
123 3248 271 3305 veritatem
293 3265 382 3323 quam
402 3247 544 3322 contingit
566 3264 627 3304 non
648 3264 722 3317 esse,
742 3266 810 3306 cum
832 3246 856 3305 si
876 3246 959 3306 Deus
979 3255 1032 3316 est,
1054 3246 1116 3321 ipse

64 3355 164 3424 potest
177 3346 268 3404 multa
282 3346 443 3422 producere
458 3363 533 3422 quae
549 3363 610 3402 non
625 3345 776 3420 producet,
791 3344 836 3402 vel
851 3344 958 3420 aliquid
973 3361 1034 3402 non
1048 3360 1116 3418 pro-

65 3444 174 3504 ducere
198 3444 279 3520 quod
300 3445 451 3520 producet.
494 3442 577 3502 Patet
597 3442 680 3520 quod
700 3441 782 3501 Deus
807 3459 869 3499 uon
895 3441 1017 3517 potest¹⁴
1042 3458 1116 3511 esse,

66 3543 124 3602 nisi
136 3545 285 3601 veritatem
300 3544 412 3601 noverit
426 3543 656 3618 contingentem.
698 3538 775 3598 Cum
786 3556 858 3615 ergo
869 3539 1001 3598 absolute
1015 3556 1117 3597 neces·

66 3641 176 3701 sarium
190 3641 227 3700 sit
240 3640 338 3700 Deum
352 3658 426 3712 esse,
441 3650 479 3710 et,
494 3641 518 3698 si
533 3639 615 3698 Deus
629 3648 682 3708 est,
697 3638 759 3713 ipse
773 3637 869 3697 noscit
882 3637 1030 3696 veritatem
1045 3655 1117 3697 cou-

101 3859 109 3888 ¹
128 3858 198 3921 dicit]
210 3857 340 3922 significat,
351 3857 445 3906 a.13..c
511 3854 582 3919 pro
592 3854 685 3919 primo]
697 3854 843 3919 propositio,
855 3854 894 3903 ed
905 3870 942 3918 pr.
1041 3853 1118 3903 ’non

70 3925 120 3988 est]
132 3929 178 3978 est,
189 3922 227 3972 ed
240 3939 276 3988 p.r
343 3920 470 3986 ⁴multas]
482 3920 585 3985 aliquas,
598 3921 675 3977 Α.Β.;
688 3920 778 3969 multas
788 3919 890 3983 aliquas
903 3920 933 3968 C
998 3918 1117 3982 ⁰aliqua]

66 3991 125 4046 alia,
137 3990 169 4037 A.
171 3988 231 4039 B..C
240 3939 324 4038 edr
442 3987 452 4015 ⁸
468 4001 519 4042 ens,
531 3986 598 4049 quod
609 4001 661 4035 uon
672 3994 709 4035 est
721 3984 802 4049 Deus]
814 4000 868 4035 esse
878 4000 929 4040 eus,
941 3983 1008 4046 quod
1018 3999 1069 4033 uon
1080 3992 1118 4032 est

68 4003 364 4118 DeumaBCelpr
490 4050 738 4115 ⁷est]essc,ed..pr
864 4047 1117 4113 ‘posito]pouo,.A

225 4120 264 4168 nis
280 4133 341 4174 esse,
352 4118 390 4168 ed.
402 4132 439 4182 pr
567 4116 585 4145 ¹⁰
600 4115 658 4179 erit]
671 4123 715 4172 est,
727 4115 766 4165 ed
778 4131 816 4180 pr.
941 4113 959 4143 ¹¹
976 4113 1027 4180 vel]
1039 4122 1072 4171 et,
1084 4114 1118 4164 D.

65 4120 325 4250 ιῬιῗῖῗιίιςιοξοάῖιιιιιε,
336 4183 375 4233 ed.
387 4199 417 4248 pr
522 4180 541 4211 ¹³
557 4197 601 4245 per
612 4181 721 4247 tempus]
733 4187 838 4246 tempus
850 4179 888 4231 ed.
900 4195 938 4245 pr.
1044 4179 1062 4210 1‘
1079 4178 1118 4231 vel

66 4252 245 4319 aliquid-nou
257 4248 351 4315 potest]
362 4265 413 4299 om.
425 4248 462 4298 ed.
477 4264 514 4312 pr.
