2864 4836
87 462 176 499 cana
208 439 694 504 SUPPLEMENTUM
724 443 1019 506 TRIALOGI.

86 611 198 671 cantur,
219 620 287 661 cum
308 604 401 663 verbis
422 604 530 676 dicunt,
552 605 635 682 quod
654 605 685 663 in
699 604 755 662 Dei
777 606 906 676 nomine,
927 622 1016 681 quem
1037 606 1134 666 habeo

87 699 235 774 signanter
264 719 334 777 prae
361 703 461 772 oculis,
489 702 566 763 facio
593 703 673 762 istud
703 702 844 780 judicium
876 714 905 761 et
936 702 1062 762 decerno
1089 705 1136 764 isti

86 815 231 874 personae
258 798 397 860 ecclesiae
425 800 501 860 istud
528 801 712 859 beneficium.
764 798 823 859 Sed
851 801 881 858 in
909 803 1045 859 omnibus
1073 802 1136 860 istis

86 896 164 955 istud
178 897 366 957 daemonium
385 898 473 959 habet
492 900 612 958 oculum
631 900 661 957 in
681 899 791 958 directo
810 899 914 958 intuitu
928 898 997 959 solis
1009 899 1135 975 justitiae

85 994 292 1054 tenebratum¹.
334 996 395 1056 Ista
415 998 578 1073 persecutio
592 1008 695 1074 quarta
715 997 746 1054 in
766 997 872 1055 latente
891 995 1057 1055 infidelitate
1073 996 1135 1055 Ro·

84 1091 165 1148 mani
179 1093 309 1170 episcopi
328 1095 454 1153 creditur
470 1113 535 1154 esse
554 1095 661 1166 ultima,
676 1112 752 1170 quae
771 1095 884 1153 eveniet
904 1094 1043 1154 ecclesiae
1062 1095 1135 1153 mili·

84 1191 165 1248 tanti.
208 1190 267 1250 Sed
281 1193 319 1251 de
337 1193 400 1270 ejus
418 1192 599 1253 durabilitate
618 1203 647 1252 et
665 1194 788 1252 acuitate
808 1194 932 1268 graviter
951 1194 1133 1270 pertimesco.

86 1286 117 1346 Si
131 1289 210 1346 enim
231 1289 364 1367 discipuli
384 1292 543 1351 antichristi
564 1300 745 1367 congregent
765 1300 795 1349 et
815 1289 974 1349 defendant
995 1300 1134 1367 tanquam

85 1397 173 1462 caput
185 1388 324 1447 ecclesiae
338 1407 428 1447 unam
442 1400 553 1465 partem
570 1391 652 1449 istius
671 1389 859 1465 apostematis
878 1388 936 1447 sic²
950 1388 1065 1465 dirupti,
1080 1390 1135 1449 alia

84 1501 152 1560 pars
178 1484 335 1544 antichristi
363 1486 501 1547 defendat
524 1487 610 1545 aliam
637 1497 758 1562 partem,
784 1503 963 1544 venenosam
990 1485 1134 1544 haeresim

84 1582 212 1657 priorem
233 1583 262 1640 in
284 1586 493 1660 spongiositate
515 1604 583 1645 suae
604 1585 707 1662 prioris
725 1584 872 1660 voraginis
893 1593 1133 1659 congregantem,

83 1693 154 1741 tunc
175 1683 313 1760 quamdiu
334 1684 401 1744 Deo
423 1685 571 1761 placuerit,
589 1686 803 1744 continuabitur
823 1684 880 1743 hoc
902 1694 1036 1760 quartum
1057 1684 1133 1760 peri·

83 1779 189 1838 culum.
231 1780 270 1840 Et
290 1799 327 1839 ex
348 1781 617 1858 superhabundanti
639 1782 750 1841 cautela
770 1781 878 1840 diaboli
893 1781 993 1840 seduci
1010 1792 1133 1858 possunt

82 1895 167 1954 reges
186 1879 332 1956 principes
350 1890 379 1939 et
398 1880 444 1939 alii
460 1880 604 1939 seculares
620 1879 755 1948 domini³‚
770 1896 838 1939 eum
858 1878 964 1939 nostris'
978 1879 1132 1954 episeopis,

83 1972 149 2052 qui⁴
173 1976 309 2036 occidant
334 1979 468 2038 atrociter
496 1978 603 2037 multos
628 1977 775 2036 veritatem
799 1976 997 2053 evangelicam
1022 1977 1053 2034 in
1077 1977 1133 2034 ista

81 2075 203 2132 materia
227 2076 469 2151 promulgantes⁶.
510 2076 548 2134 Et
574 2075 654 2152 quod
678 2075 772 2152 magis
796 2075 896 2145 time0,
917 2072 1131 2150 pseudofratres

81 2182 150 2230 sunt
163 2173 249 2247 proni
263 2191 315 2248 per
326 2191 378 2232 sua
392 2172 566 2233 scandalosa
579 2173 732 2232 mendacia
746 2173 784 2231 ad
798 2173 1031 2249 persecutionem
1045 2173 1130 2231 istam

81 2268 205 2328 subdole
222 2266 418 2346 promovere⁶.
462 2271 521 2331 Sed
541 2272 674 2331 solamen
693 2271 822 2330 fidelium
836 2281 889 2342 est,
904 2270 984 2348 quod
1000 2269 1131 2329 Christus

82 2368 184 2439 innuit,
208 2368 318 2428 electos
343 2387 412 2429 suos
440 2387 501 2429 non
529 2387 617 2446 posse
642 2369 741 2429 seduci
767 2371 797 2427 in
821 2371 877 2429 isto
902 2370 940 2428 ab
965 2370 1132 2445 evangelica

81 2466 208 2525 veritate.
251 2465 328 2525 Cum
342 2485 413 2544 ergo
429 2468 509 2545 prius
522 2467 686 2545 praedictus
700 2467 829 2542 psalmus
839 2467 979 2544 promittit
990 2466 1131 2537 fidelibus,

82 2563 163 2641 quod
184 2568 283 2623 ‘scuto
305 2563 496 2624 circumdabit
515 2576 544 2625 te
564 2566 667 2624 veritas
688 2565 784 2642 ejus⁷,'
803 2582 949 2623 armemus
970 2582 1025 2622 nos
1048 2574 1131 2624 scuto

82 2661 151 2720 fidei
171 2662 363 2738 evangelicae,
378 2673 406 2722 et
428 2680 490 2722 non
511 2663 612 2722 dubito
633 2664 704 2740 quin
725 2671 838 2721 astante
854 2680 905 2739 spe
927 2662 1020 2722 finalis
1034 2680 1131 2740 perse·

82 2761 227 2818 vetantiae
242 2760 429 2820 salvabimur⁸
443 2763 481 2821 ab
495 2762 602 2821 insultu
615 2761 702 2839 hujus
715 2761 809 2837 quarti
823 2760 949 2836 periculi.
989 2759 1020 2819 Si
1034 2770 1131 2819 autem

83 2857 214 2918 Christus
237 2859 305 2919 dicit
325 2861 357 2918 in
378 2860 530 2937 evangelio
553 2859 695 2919 Matthaei
716 2879 744 2920 x.
767 2860 835 2936 ‘qui
857 2869 936 2917 amat
957 2860 1046 2918 etiam
1070 2860 1131 2918 ani-

80 2973 161 3015 mam
182 2975 266 3017 suam
286 2958 352 3035 plus
370 2976 459 3035 quam
473 2977 530 3030 me,
545 2975 606 3017 non
624 2969 668 3018 est
685 2975 733 3017 me
752 2955 874 3033 dignus,'
889 2967 919 3016 et
937 2958 984 3016 ille
999 2956 1132 3017 Christus

79 3067 124 3115 est
147 3058 251 3116 veritas
276 3057 451 3133 evangelica,
473 3067 624 3116 teneamus
649 3066 817 3116 constanter
836 3056 985 3114 veritatem
1005 3073 1130 3131 evange·

78 3154 174 3226 licam,
196 3166 225 3214 et
245 3156 315 3214 salvi
336 3173 371 3215 ac
392 3155 472 3231 digni
494 3156 600 3214 erimus
622 3154 668 3213 isti
687 3152 766 3231 Jesu.
810 3151 840 3211 Si
863 3162 960 3211 autem
980 3152 1131 3229 apostolus

79 3252 181 3312 evitat'
195 3271 232 3312 ex
244 3252 301 3312 fide
317 3252 468 3323 catholica,
480 3251 561 3329 quod
575 3253 611 3310 sit
625 3250 794 3310 onerosus¹⁰
807 3249 955 3321 ecelesiae,
967 3268 1019 3326 per
1033 3249 1130 3309 locum

79 3371 98 3412 a
117 3353 270 3412 sufficienti
290 3351 475 3410 similitudine
489 3351 609 3428 quilibet
627 3350 838 3410 ecclesiasticus
852 3350 939 3409 debet
953 3348 1030 3408 istud
1044 3368 1130 3408 vene-

79 3468 151 3509 num
163 3460 302 3526 tanquam
313 3448 488 3508 diabolum¹¹
500 3450 614 3518 evitare,
624 3458 653 3507 et
663 3466 715 3524 per
726 3465 911 3523 consequens
922 3447 1129 3524 pseudopapae

79 3558 109 3607 et
129 3547 346 3623 pseudofratres
371 3564 439 3605 cum
463 3556 524 3605 tota
548 3545 705 3604 antichristi
731 3547 842 3621 integra
867 3545 1038 3617 duodena¹²,
1061 3564 1129 3605 cum

80 3644 138 3703 sint
149 3653 210 3702 tam
221 3643 339 3703 onerosi
352 3643 500 3716 ecclesiae,
512 3643 621 3703 debent
631 3653 771 3720 tanquam
784 3642 891 3702 diaboli
905 3660 973 3702 cum
983 3643 1043 3702 suis
1057 3660 1129 3702 cou-

112 3823 120 3852 ¹
138 3820 305 3886 tenebratum]
317 3822 481 3879 tenebramm,
493 3822 523 3873 C.
627 3820 638 3850 ¹
653 3821 701 3886 sic]
713 3821 784 3878 sicut,
795 3821 875 3872 a.b.C.
982 3820 992 3850 ‘
1007 3820 1128 3870 seculares

80 3887 188 3951 domini]
200 3887 295 3936 domini
306 3886 449 3945 saeculares.
461 3889 492 3939 C.
606 3885 617 3916 ⁰
632 3887 686 3952 qui]
698 3887 773 3950 quod.
785 3889 814 3937 C.
902 3885 912 3915 ⁸
928 3885 1126 3951 promulgantes]

79 3952 263 4017 provulgantes.
275 3954 305 4003 C.
430 3954 440 3982 ⁸
454 3952 614 4018 promovere]
626 3955 668 4003 ie.
698 3952 752 4001 roni
765 3952 865 4001 suntad
877 3952 1071 4018 persecutionem
1083 3966 1128 4015 per

79 4018 209 4067 mendacia
220 4016 326 4067 subdole
336 4019 538 4082 promovendam.
635 4017 645 4047 ¹
687 4054 693 4066 .
707 4019 745 4066 Ps.
757 4018 803 4066 xci.
816 4033 839 4080 4.
938 4018 948 4046 ⁸
965 4015 1125 4080 salvabimur]

79 4083 122 4138 sic,
134 4084 167 4131 Α.
178 4083 300 4133 secundae
311 4099 411 4138 manus:
428 4083 570 4139 salvabitur,
583 4083 615 4132 Α.
628 4082 723 4148 primae
733 4098 829 4139 manus,
841 4082 921 4132 a.b.C.
990 4084 1000 4112 ⁸
1017 4083 1127 4131 evitat-

79 4147 158 4211 quod]
170 4147 213 4198 i.e.
225 4157 304 4205 cavet,
314 4164 360 4203 ue:
378 4148 409 4198 cf.
423 4162 436 4197 a
448 4150 508 4201 Cor.
519 4149 551 4199 xi.
562 4163 587 4244 3.
796 4149 814 4178 ¹⁰
831 4147 961 4212 onerosus]
973 4164 1084 4205 aurosus,
1095 4149 1126 4198 C.

79 4215 96 4244 ¹¹
114 4213 255 4278 diabolum]
266 4213 424 4272 diabolicum,
432 4214 463 4266 C.
597 4213 628 4265 cf.
640 4229 714 4279 supra
725 4212 779 4264 ab.
791 4214 838 4263 sub
849 4211 930 4264 finem.

1213 460 1278 527 455

1165 2289 1254 2324 Solarium
1262 2294 1282 2325 et

1165 2331 1321 2365 medelafidclfum

1165 2370 1184 2404 ln
1191 2372 1274 2414 periculo
1280 2372 1314 2407 filo
