2864 4836
485 418 741 497 senators
782 418 1001 481 arcora
1193 437 1263 481 ms.

221 596 329 656 papam
353 588 383 637 et
407 580 517 639 curiam
542 579 719 653 Romanam,
742 581 859 640 nidum¹
885 598 981 651 suum,
1004 581 1062 640 sed
1084 592 1118 641 et
1139 581 1267 660 praebat

222 676 370 748 ecclesiae,
392 677 568 752 temporales
582 677 739 749 Dominos,
760 679 928 737 sacerdotes
949 679 1118 755 simplices,
1141 698 1178 741 ac
1197 680 1270 739 etin

222 783 315 831 totum
334 773 446 849 vulgus.
489 773 568 832 Nam
588 773 692 833 Matth.
708 777 783 833 xxvi.
805 774 878 834 fides
896 776 1062 852 scripturae
1081 778 1129 836 sic
1143 776 1271 854 loquitu:

223 872 431 929 ‘coenantibus
445 871 500 929 illis
511 872 624 949 accepit
633 871 719 949 Jesus
730 873 848 948 panem'
859 872 926 932 etc.¹
964 872 1129 934 Eteadem
1143 874 1274 935 seam
1319 888 1321 901 '

221 978 300 1043 patet
325 969 411 1044 plane
433 968 527 1027 Marci
548 970 604 1027 xiv.
626 969 724 1029 Lucae
747 972 816 1029 xxii.
838 981 867 1029 et
894 989 907 1028 1
928 969 998 1030 Cor.
1022 973 1083 1046 xi.;
1113 992 1157 1032 ex
1181 974 1275 1050 quui·

221 1066 294 1124 fides
321 1067 462 1125 ecclesiae
487 1068 621 1126 observat
645 1068 676 1126 in
700 1069 921 1127 consecratione
945 1068 1034 1145 hujus
1060 1069 1182 1130 hostiae
1207 1071 1275 1130 hut

221 1164 372 1222 ordinem:
402 1163 479 1236 ‘Qui
498 1166 591 1242 pridie
610 1184 698 1241 quam
719 1176 863 1242 pateretur
881 1166 994 1241 accepit
1011 1164 1104 1243 Jesus
1124 1169 1275 1245 partemin

222 1272 337 1320 sanctas
351 1273 380 1320 et
393 1262 572 1320 venerabiles
595 1280 699 1322 manus
721 1282 797 1334 suas,
812 1273 842 1322 et
862 1263 978 1322 elevatis
999 1265 1098 1324 oculis
1118 1266 1154 1325 in
1168 1266 1276 1327 coelun

222 1361 259 1418 ad
284 1371 312 1418 te
338 1360 435 1418 Deum
460 1359 576 1418 Patrem
602 1379 686 1419 suum
714 1363 946 1437 omnipotentem
970 1361 1022 1420 tibi
1052 1364 1169 1438 gratias
1191 1380 1276 1441 agen

222 1458 378 1529 benedixit,
402 1458 486 1534 fregit
515 1458 653 1533 deditque
681 1459 829 1535 discipulis
857 1460 917 1518 suis
945 1458 1066 1519 dicens:
1100 1462 1228 1538 accipite
1249 1471 1277 1520 et

222 1556 366 1615 comedite
382 1575 418 1614 ex
439 1557 495 1614 hoc
516 1574 629 1627 omnes,
644 1556 701 1616 hoc
722 1568 767 1615 est
782 1574 889 1633 corpus
908 1556 1040 1616 meum⁸.’
1083 1557 1122 1616 ln
1141 1559 1277 1619 omnum

222 1664 319 1712 autem
334 1654 394 1712 istis
408 1655 537 1729 quinque
553 1654 624 1712 locis
639 1673 776 1731 suppono
791 1655 969 1714 concordare
989 1656 1162 1728 sententias,
1179 1674 1276 1734 quam·

222 1753 264 1809 vis
293 1770 444 1811 sermones
472 1752 632 1827 paullulum
660 1753 716 1811 sint
744 1754 873 1812 diversit
915 1752 954 1811 Et
978 1770 1017 1811 ex
1044 1754 1104 1813 ista
1131 1754 1194 1814 lide
1221 1765 1276 1815 lum

223 1851 367 1907 autentica
382 1849 566 1925 promulgata
581 1868 673 1926 arguo
688 1851 730 1909 sic
741 1848 1087 1923 haereticis-Christus,
1097 1853 1151 1929 qui
1165 1853 1277 1913 manui

223 1966 284 2006 non
299 1949 401 2025 potuit,
417 1947 488 2006 dixit
503 1966 620 2024 panem,
635 1965 725 2024 quem
739 1949 851 2025 accepit
868 1949 898 2006 in
917 1948 1064 2021 manibus,
1076 1966 1147 2010 οῦκ
1165 1950 1278 2010 mue

222 2063 329 2121 corpus
351 2056 489 2116 suomet
510 2064 572 2104 non
592 2046 696 2104 erravit
716 2046 747 2104 in
768 2047 824 2106 isto
847 2064 902 2106 nec
924 2046 1030 2107 salsum
1051 2048 1186 2121 asseruit,
1207 2064 1276 2126 ergo

222 2144 358 2202 veraciter
372 2143 425 2201 fuit
439 2145 484 2201 ita
528 2144 566 2201 Et
585 2144 658 2202 haec
677 2146 750 2203 ratio
770 2144 820 2204 dat
838 2146 956 2220 plenam
974 2144 1065 2204 fidem
1083 2145 1223 2207 fidelibus
1239 2146 1276 2206 sd

222 2241 314 2299 dictas
338 2241 472 2299 haereses
497 2241 710 2313 detestandum,
731 2252 762 2301 et
782 2241 884 2302 iratres
907 2260 942 2301 ac
965 2260 1035 2303 suos
1057 2245 1221 2321 complices
1240 2245 1276 2305 de

223 2341 334 2398 haeresi
371 2339 613 2399 convincendum.
669 2339 758 2400 Unde
791 2339 963 2416 leronymus,
995 2351 1064 2401 ante
1097 2343 1275 2403 solutionem

224 2437 368 2497 Sathanae
389 2439 545 2514 scripturae
566 2456 665 2497 sacrae
685 2437 838 2513 indagator
856 2439 1038 2516 praecipuus,
1053 2440 1085 2498 in
1098 2441 1226 2517 epistola
1238 2440 1275 2500 ad

226 2535 405 2595 Helvidiam⁵
426 2547 606 2612 pertractans
627 2537 713 2594 istam
738 2537 889 2606 materiam
915 2537 956 2595 sic
977 2537 1143 2597 concludit:
1176 2537 1273 2608 ‘Nos’

223 2636 323 2709 inquit,
339 2635 516 2703 ‘audiamus
528 2653 645 2710 panem,
661 2652 750 2708 quem
764 2633 847 2711 fregit
859 2631 1021 2693 Dominus⁶
1034 2635 1176 2713 deditque
1191 2637 1274 2696 disci·

223 2733 298 2806 pulis
313 2732 558 2801 manducandum,
575 2750 681 2807 corpus
696 2750 760 2792 esse
773 2732 895 2791 Domini
906 2733 1054 2792 salvatoris
1066 2735 1132 2811 ipso
1144 2735 1273 2794 dicente:

225 2829 321 2888 “Hoc
337 2842 380 2890 cst
394 2850 501 2907 corpus
516 2831 660 2888 meum.'’'

660 3302 756 3362 CAP.
779 3303 834 3360 111.

379 3473 425 3531 De
439 3475 566 3532 vocabalo
581 3475 658 3533 ‘hoc'
673 3478 703 3533 in
712 3478 894 3551 propost'lzone
906 3478 1110 3535 sacramentali.

265 3640 387 3697 Alz'tlra.
430 3641 528 3698 Frater
552 3642 601 3711 mi,
627 3642 743 3717 gaudeo
769 3642 849 3718 quod
874 3652 934 3700 tam
960 3642 1054 3701 lucide
1079 3645 1217 3722 procedis
1238 3645 1275 3705 ad

225 3737 429 3796 declarandum
444 3739 532 3796 fidem
546 3739 685 3797 ecclesiae
700 3740 786 3797 nimis
801 3739 850 3798 diu
864 3740 1075 3800 absconditam.
1112 3741 1143 3801 N
1144 3761 1178 3803 ec
1189 3745 1275 3805 video

258 3938 266 3965 ¹
284 3935 381 3999 nidum]
394 3934 549 3985 defoedando
561 3936 653 3991 nidum,
665 3936 704 3984 ed.
716 3951 753 3999 pr.
892 3934 902 3963 ¹
918 3934 1020 4001 panem]
1033 3936 1097 3986 Cod.
1110 3938 1171 3990 tte.
1182 3940 1277 3990 addunt

226 4002 300 4050 verba
311 4019 316 4048 :
334 4010 340 4028 ·
350 4010 375 4049 et
387 4000 711 4084 benedicit-remissionem
723 4001 896 4076 peccatomm!
1021 4001 1031 4030 ³
1046 4003 1122 4052 verba
1133 4007 1277 4100 ‘maspit-

226 4066 556 4194 ἓῗῖῗέᾗῖἶῗᾱὲἓῗέῗξ
553 4067 652 4196 {³312
665 4066 693 4114 θ’
705 4082 799 4161 pm?
810 4066 1115 4197 iiiiffifnpnm.
1127 4132 1197 4193 nc..
1209 4078 1278 4187 iffi

226 4197 300 4252 diam,
312 4197 344 4244 Λ.
442 4196 452 4226 ⁸
470 4195 604 4260 Dominus]
617 4212 667 4245 om.
681 4196 774 4247 A.B.C.
786 4197 825 4246 ed.
837 4212 874 4261 pr.
