2864 4836
134 451 194 520 126
549 423 804 502 JOANNIS
846 425 1059 486 WICLIF
1249 452 1330 488 unrr.

254 588 433 664 {secundum
453 587 646 646 diversitatem
666 588 736 646 situs
756 587 927 658 sublunaris,
942 588 1095 665 quomodo
1114 607 1189 666 ergo
1212 593 1325 650 stabunt

254 685 423 775 lgenerales
441 685 558 761 regulae
577 685 717 761 astrologi
736 703 796 762 quo
817 685 854 744 ad
873 687 950 745 ista?
986 685 1124 746 Similiter
1143 699 1259 747 certum
1278 697 1328 765 est,

254 778 256 796 '
272 784 354 860 quod
368 783 465 859 proles
480 784 604 842 variatur
616 785 647 841 in
669 784 729 842 suis
747 783 927 844 actionibus¹
942 783 1105 844 secundum
1123 785 1328 846 variationem²

271 882 444 950 nutritionis,
456 882 602 951 motionis,
615 892 643 940 et
655 881 870 958 complexionis
880 893 1038 953 maternae,
1049 901 1117 942 cum
1131 883 1196 943 aliis
1209 887 1328 944 varieta-

271 979 363 1037 tibus³
383 980 413 1036 irr
435 986 518 1051 ae're3
549 979 601 1039 sed
620 981 685 1057 quis
705 981 871 1055 astrologus
889 981 1246 1057 cognoscet.regrrlariter
1265 982 1327 1040 illos

271 1078 403 1136 motus⁴i
445 1076 482 1135 Et
503 1087 591 1152 patet,
605 1077 687 1154 quod
706 1079 779 1136 sieut
799 1078 905 1137 medici
926 1080 967 1137 sic
989 1079 1034 1137 et⁸
1055 1079 1195 1155 astrologi
1213 1079 1327 1156 fingunt

272 1192 359 1251 saepe
385 1176 543 1233 sententias
568 1192 641 1252 quas
665 1176 803 1251 ignorant
810 1194 819 1247 ;
852 1185 880 1234 et
904 1176 969 1235 talis
994 1175 1108 1235 fallacia
1135 1186 1180 1235 est
1209 1177 1241 1234 in
1269 1187 1328 1236 arte

271 1272 421 1332 alchimica
434 1283 463 1331 et
477 1274 508 1330 in
521 1273 618 1331 multis
633 1273 773 1332 similibus
787 1273 974 1349 sophismatis
989 1273 1156 1335 fallacitera
1170 1276 1325 1334 trutannis.

272 1370 330 1429 Sed
344 1380 374 1428 et
392 1371 423 1427 in
442 1371 597 1429 venerabil
615 1372 735 1430 scientia
753 1370 927 1448 theologica,
942 1390 1018 1449 quae
1036 1372 1124 1431 debet
1143 1390 1210 1431 esse
1229 1375 1328 1432 certis·

271 1471 345 1528 sima
372 1487 407 1526 ac
437 1469 608 1539 necessaria,
635 1479 703 1527 sunt
730 1469 984 1546 sophisticationes
1013 1471 1101 1528 nimis
1129 1470 1273 1529 subdolae
1300 1481 1328 1529 et

270 1567 431 1625 haereticae
460 1566 627 1625 antichristi.
684 1566 835 1638 Quantum
868 1567 982 1627 autern‘
1010 1567 1047 1628 ad
1080 1567 1327 1645 speculationem*

271 1666 475 1735 astronomiae,
491 1675 551 1723 tam
565 1664 702 1740 astrologi
717 1683 806 1741 quam
821 1664 988 1743 philosophi
1007 1666 1152 1726 naturales
1169 1666 1326 1744 plurimum

271 1773 338 1822 sunt
351 1763 452 1839 ignari,
464 1772 496 1821 ut
510 1764 662 1839 supposito
677 1780 780 1823 sensus
794 1781 896 1822 eorum
907 1764 1017 1841 judicio
1032 1766 1095 1824 sine
1109 1783 1216 1836 errore,
1228 1763 1327 1842 quod⁸

271 1860 385 1920 difficile
406 1871 450 1920 est
474 1860 591 1920 fidelem
615 1861 743 1930 credere,
767 1861 862 1920 adhuc
888 1863 962 1921 sicut
982 1864 1128 1939 ignorant,
1154 1874 1252 1923 utrum
1277 1881 1327 1921 an·

271 1958 354 2036 gelus
365 1958 517 2034 copulatur
526 1958 591 2017 orbi
601 1969 633 2017 ut
644 1957 746 2030 forma,
758 1959 801 2017 vel
812 1959 923 2019 nullus⁰
933 1961 1048 2020 illomm
1062 1962 1179 2020 orbium
1193 1973 1328 2020 movetur

273 2057 328 2116 nisi
350 2075 368 2114 a
387 2056 455 2114 Deo
477 2057 572 2115 solum
593 2056 694 2126 modo,
716 2058 757 2115 sic
781 2058 925 2133 ignorant,
949 2068 1047 2118 utrum
1071 2068 1148 2118 astra
1172 2069 1328 2118 moventur

272 2155 400 2214 motibus
413 2155 538 2230 propriis
552 2153 640 2213 sine¹⁰
651 2156 721 2214 orbe
731 2156 776 2214 vel
790 2167 886 2214 utrum
900 2155 939 2216 ad
951 2166 1066 2215 motum
1079 2156 1160 2216 orbis
1175 2157 1220 2215 sui
1235 2158 1327 2215 eircu-

272 2253 366 2312 lariter
393 2251 568 2310 deseruntur.
620 2251 723 2312 Posset
751 2253 868 2330 quidem
897 2271 971 2323 esse,
996 2254 1078 2331 quod
1106 2255 1186 2313 orbis
1215 2274 1268 2332 per
1295 2274 1327 2312 se

273 2359 436 2409 moveretur
456 2360 598 2427 perpetuo
619 2368 637 2409 a
658 2351 717 2411 suis
737 2352 874 2427 partibus,
895 2354 1048 2427 supposito
1068 2352 1150 2429 quod
1170 2352 1270 2412 aDeo
1292 2354 1328 2412 sit

273 2448 363 2508 semel
377 2448 551 2508 circulariter
564 2447 812 2518 circumductus¹¹,
827 2458 856 2507 et
876 2449 976 2507 sinon
995 2467 1062 2508 cum
1078 2449 1127 2508 tali
1140 2450 1328 2528 intelligentia

273 2546 421 2606 motriee¹¹
444 2547 480 2606 sit
504 2547 596 2605 taliter
621 2547 781 2623 copulatus.
824 2545 967 2605 Videmus
992 2548 1070 2606 enim
1094 2548 1176 2623 quod
1201 2550 1325 2607 mixtum

274 2646 382 2721 figurae
398 2644 543 2704 circularis
549 2644 571 2677 ¹⁸
584 2645 675 2703 semel
689 2663 740 2720 per
754 2643 872 2703 artem¹⁴
886 2644 1041 2720 digitorum
1057 2645 1186 2704 hominis
1205 2646 1327 2705 circum-

274 2744 403 2814 ductum,
417 2743 568 2801 continuat
582 2761 634 2818 per
648 2752 764 2818 tempus
778 2741 933 2801 notabile¹⁸
947 2753 1061 2801 motum
1074 2761 1169 2814 suum,
1185 2755 1214 2802 et
1228 2745 1253 2803 si
1268 2762 1327 2802 non

274 2851 349 2900 esset
367 2839 610 2916 impedimentum
629 2858 665 2897 ex
679 2839 836 2916 gravedine
856 2841 996 2916 corporis,
1016 2859 1053 2899 ex
1073 2841 1223 2916 collisione
1240 2842 1327 2902 medii

274 2939 458 3008 continentis,
474 2956 528 2996 nec
542 2957 579 2997 ex
594 2937 857 3014 corruptibilitate1⁶
877 2940 1009 3015 corporis
1028 2938 1151 2998 teretis¹⁷
1165 2939 1231 2998 ita¹⁸
1245 2941 1327 3010 moti,

274 3046 417 3112 perpetuo
429 3046 591 3094 moveretur
601 3054 637 3093 ex
652 3036 782 3112 appetitu
798 3035 919 3094 naturali
929 3037 1063 3112 partium,
1075 3055 1150 3113 quae
1162 3039 1328 3097 naturaliter

274 3144 414 3210 appetunt
428 3135 590 3192 continuari
605 3133 642 3192 ad
655 3134 788 3206 invicem,
800 3144 831 3191 ut
841 3142 921 3208 patet
931 3152 968 3192 ex
979 3135 1107 3193 motibus
1122 3136 1327 3211 projectomm.

275 3230 360 3302 Quae
381 3250 452 3308 ergo
471 3233 628 3290 necessitas
647 3231 775 3307 ponendi
794 3230 997 3307 intelligentias
1015 3232 1188 3308 conjunctas
1208 3235 1328 3292 orbibus

274 3331 313 3388 ita
327 3330 435 3388 motis?
477 3328 514 3386 Et
528 3329 632 3387 itemm
648 3346 715 3387 cum
730 3340 807 3388 astra
826 3339 950 3406 possunt
963 3348 1015 3406 per
1030 3349 1061 3388 se
1078 3332 1189 3388 moveri
1206 3332 1237 3388 in
1251 3332 1327 3390 orbi-

275 3429 329 3486 bus
343 3428 447 3505 quietis
462 3437 493 3485 ut
508 3424 591 3497 tert,
607 3445 662 3486 nec
677 3426 750 3485 ratio
764 3427 918 3486 necessitat
932 3428 1013 3504 quod
1027 3427 1119 3486 taliter
1138 3441 1326 3487 moveantur:

255 3619 258 3623 ’
309 3622 771 3688 ¹actionibus]accidentibns.ed.pr.
886 3623 1085 3689 'variationem
1097 3625 1253 3683 variationes,
1265 3627 1326 3676 ΑΒ.

275 3687 805 3754 ’varietatibus]varinbilibus.r¹l.B.C.ed.
835 3704 853 3737 r.
974 3689 1057 3740 ‘illos
1067 3690 1327 3755 motus]illrrsmetes.

276 3753 315 3802 ed.
327 3769 363 3818 pr.
461 3751 792 3817 ‘sicutmedictsiceqm
825 3754 1012 3809 'cisicut.A.B.
1099 3755 1209 3806 ‘antem
1233 3773 1283 3807 om.
1296 3759 1327 3806 Α.

275 3817 533 3883 ἐρεαιὶιὶὶουεω]ε
606 3819 705 3873 atinam,
718 3818 751 3866 D.
763 3818 801 3867 ed.
813 3834 850 3883 pr.
927 3819 1187 3886 ⁸quod]dicitur.qu
1223 3822 1327 3887 ‚ed.pr.

276 3885 286 3912 '
302 3884 341 3934 vel
354 3883 447 3948 nullus]
459 3892 484 3934 et
496 3900 512 3933 n
548 3899 585 3939 us,
597 3883 674 3943 A.B.;
690 3883 729 3932 vel
740 3899 811 3939 unus,
823 3885 861 3934 ed.
873 3901 911 3949 pr.
1060 3886 1079 3915 ¹⁰
1094 3885 1158 3950 sine]
1171 3887 1229 3942 sive,
1241 3887 1279 3937 ed.
1291 3903 1327 3952 pr.

278 3948 294 3978 ¹¹
312 3948 504 4013 circumductus]
516 3949 689 4006 circumdatus,
701 3948 763 3997 ΑΒ.
837 3949 855 3978 ¹²
872 3949 986 4014 motrice]
999 3965 1048 4000 our.
1061 3951 1089 3999 B.
1100 3952 1223 4001 secundae
1233 3968 1327 4002 manus.

277 4014 295 4044 ¹⁸
312 4014 551 4128 eirnrlarisssteretis
562 4014 600 4063 ed.
612 4030 649 4079 pr.
747 4013 766 4042 ¹¹
781 4014 872 4128 artem}
884 4031 973 4070 arcem,
985 4015 1024 4064 ed.
1035 4030 1073 4079 pr.
1171 4017 1190 4046 ¹⁸
1206 4017 1327 4081 notabile]

278 4080 421 4135 notabilem.
457 4081 510 4129 .ed.
522 4096 559 4145 pr.
693 4079 711 4109 ¹⁸
727 4079 861 4144 cormptib'
873 4080 945 4144 itate]
957 4082 1123 4145 corruptione.
1135 4081 1229 4132 A.B.C.
1240 4082 1278 4132 ed.
1290 4097 1327 4148 pr.

279 4144 295 4174 ¹¹
312 4144 406 4208 teretis]
419 4145 545 4200 terrestris.
558 4143 591 4193 D.
650 4205 654 4212 Ι
691 4145 708 4173 ¹⁸
725 4144 771 4208 ita]
784 4145 887 4202 istaed.
900 4161 936 4210 pr.
1047 4146 1066 4174 ¹¹
1083 4155 1109 4197 ut
1120 4145 1214 4210 aerut
1226 4157 1328 4212 apparet

261 4176 265 4290 1
277 4215 327 4265 aiir,
339 4212 382 4265 C.;
404 4217 431 4258 ut
442 4218 552 4274 apparet,
562 4210 600 4259 ed.
612 4226 648 4273 pr.
