2864 4836
565 421 828 502 JoANNJS
869 424 1085 488 vrcrrr
1279 447 1371 484 ω...

313 591 365 654 est,
386 581 467 660 quod
487 583 558 644 nihil
579 585 634 644 uisi
654 584 761 656 Deum,
781 595 811 645 et
831 586 928 646 media
946 586 993 646 ut¹
1014 585 1174 663 disponunt
1198 586 1237 645 ad
1259 586 1362 663 ipsum,

313 682 428 757 penitus
442 693 621 759 appetamus·
662 683 701 743 Et
717 682 756 744 ad
774 694 887 743 tantum
906 695 1002 761 potest
1021 684 1112 744 homo
1131 684 1363 744 habitudinaliter

312 778 467 856 indisponi,
482 780 563 857 quod
577 781 632 840 hae
647 781 722 840 duae
735 784 884 858 potentiae
902 783 1116 843 innaturaliter¹
1128 785 1159 843 in
1173 784 1292 859 objecta
1311 782 1361 840 mi·

312 876 392 935 sera⁸
405 877 626 938 irrevocabiliter
639 890 781 956 perpetuo
800 881 997 940 terminentur.
1040 881 1078 940 Et
1097 883 1150 941 iste
1171 891 1216 940 est
1229 897 1362 940 summus

310 974 419 1050 gradus
446 975 587 1046 miseriae,
615 977 665 1053 qui
692 977 869 1038 intellectum
896 978 1057 1038 humanum
1084 988 1183 1057 potest
1210 979 1360 1055 attingere.

228 1100 249 1125 se
310 1073 357 1133 De
377 1073 480 1132 ordine
501 1071 615 1133 autern⁴
627 1076 820 1151 potentiamm
842 1075 928 1153 hujus
948 1077 1063 1153 spiritus
1083 1094 1146 1136 non
1166 1085 1287 1153 oportet
1307 1092 1361 1134 nos

310 1189 374 1231 esse
402 1172 549 1242 sollicitos,
574 1173 643 1248 quia
669 1173 740 1232 nihil
764 1173 838 1232 valet
865 1173 961 1251 aliqua
984 1175 1048 1251 ejus
1075 1175 1215 1251 potentia,
1240 1174 1298 1233 nisi
1324 1172 1360 1230 de

310 1278 421 1346 quanto
442 1269 592 1328 ordinatur
612 1269 650 1329 ad
670 1268 777 1329 Deum.
820 1269 908 1331 Unde
928 1271 1100 1331 intellectiva
1120 1273 1254 1349 potentia
1274 1271 1360 1330 habet

309 1367 340 1426 in
354 1367 451 1443 aliquo
469 1367 612 1425 rationem
630 1366 817 1426 excellentiae
836 1384 923 1445 super
942 1370 1104 1444 potentiam
1121 1369 1279 1440 volitivam,
1293 1386 1360 1428 cum

309 1465 403 1541 ipsam
417 1463 572 1540 praecedat
584 1476 613 1524 et
626 1475 742 1524 moveat
755 1475 894 1543 tanquam
905 1466 1034 1539 ductrix;
1056 1466 1126 1525 nihil
1137 1467 1218 1526 enim
1226 1465 1360 1525 volumus

309 1563 363 1621 nisi
373 1561 454 1638 quod
462 1561 655 1637 intelligimus,
665 1562 766 1622 saltem
775 1563 936 1623 secundum
945 1565 1153 1639 apparentiam,
1162 1581 1228 1623 esse
1236 1564 1358 1622 bonum.

310 1658 479 1718 Secundum
511 1658 654 1735 aliquam⁶
686 1659 828 1718 rationem
861 1659 1028 1719 dominatur
1061 1678 1148 1736 supra
1179 1661 1360 1720 intellectum

309 1757 440 1833 potentia
463 1756 585 1826 volitiva,
611 1773 679 1815 cum
702 1757 767 1833 ipsa
794 1758 955 1834 praeexigit
981 1753 1186 1818 intellectivae⁸
1210 1758 1359 1835 potentiae

309 1854 499 1912 ministerium
512 1862 542 1912 et
555 1854 609 1912 sibi
624 1855 747 1931 imperat
760 1863 793 1912 ut
806 1854 899 1913 taliter
908 1866 1051 1931 operetur.
1095 1855 1153 1915 Sed
1168 1873 1274 1915 omnes
1288 1856 1358 1915 istae

309 1960 376 2009 sunt
389 1951 553 2010 locutiones
567 1951 742 2027 figurativae,
757 1969 825 2011 curn
841 1952 914 2013 tales
928 1953 1117 2030 proprietates
1130 1953 1229 2014 solum
1243 1953 1360 2031 proprie

307 2049 422 2134 ιιιειιιιῑτ
435 2049 596 2109 mosoma.

755 2323 849 2384 CAP.
871 2323 909 2383 X.

613 2477 785 2556 Angelorum
799 2487 903 2540 natura
917 2487 944 2538 et
955 2487 1048 2538 motus.

347 2624 470 2685 Alrlhr'a.
511 2625 590 2699 Quia
614 2629 776 2688 secundum
804 2646 971 2688 mensuram
995 2627 1123 2688 debitam
1146 2625 1291 2703 procedis,
1317 2628 1358 2684 mi

307 2721 392 2782 frater
407 2724 574 2794 Phronesis,
590 2724 626 2783 de
641 2727 823 2785 universitate
844 2737 950 2796 creata,
965 2726 1144 2786 conveniens
1163 2722 1240 2783 soret
1253 2742 1358 2801 parum

306 2820 338 2878 dc
357 2822 465 2897 arigelis
486 2832 669 2896 pertractare,
690 2841 758 2882 curn
779 2824 844 2884 illos
870 2824 1026 2882 adoramus
1049 2833 1078 2882 et
1102 2820 1257 2893 credimus,
1278 2819 1359 2900 quod

307 2927 375 2978 sunt
388 2917 511 2978 fabrica¹
525 2918 581 2977 Dei
596 2920 767 2997 dignissima
780 2921 854 2980 inter
868 2921 996 2998 singulas
1010 2931 1163 2980 creaturas.

252 3065 258 3076 .
346 3016 510 3075 Phrenesis.
553 3016 599 3075 De
624 3019 732 3077 noticia
756 3018 928 3095 angelorum
950 3036 1053 3094 parum
1076 3016 1269 3093 concipimus,
1290 3035 1359 3078 cum

306 3123 367 3173 tarn
384 3114 593 3174 demonstratio
612 3134 701 3192 quam
721 3135 824 3175 sensus
842 3116 939 3175 delicit
957 3134 1017 3193 quo
1033 3115 1072 3174 ad
1090 3132 1194 3175 eorum
1209 3117 1358 3175 noticiam.

306 3211 491 3270 Rationabile
519 3223 615 3271 autem
642 3223 695 3284 est,
720 3224 752 3272 ut
775 3213 857 3273 Deus
885 3215 936 3290 qui
961 3215 991 3272 in
1016 3214 1154 3273 creaturis
1182 3213 1242 3272 suis
1270 3230 1356 3272 orna·

306 3311 415 3370 tissime
430 3311 571 3386 procedit,
586 3311 692 3369 habeat
705 3321 838 3370 naturam
853 3312 1024 3387 angelicam,
1039 3329 1057 3369 a
1071 3328 1194 3387 corpore
1213 3319 1243 3368 et
1260 3311 1360 3369 anima

306 3417 478 3484 separatam,
488 3418 521 3465 ut
534 3409 608 3467 sicut
622 3409 767 3485 quaedam
781 3419 825 3468 est
839 3407 933 3467 forma
946 3409 1069 3483 omnino
1082 3408 1219 3467 materiae
1233 3407 1358 3485 alligata,

306 3507 451 3583 quaedam
471 3517 569 3566 autem
590 3506 693 3578 forma,
707 3508 773 3566 licet
795 3509 831 3568 sit
851 3509 987 3566 materiae
1001 3507 1040 3566 ad
1058 3518 1174 3584 tempus
1188 3508 1356 3585 conjuncta,

306 3614 350 3663 est
374 3614 472 3662 tamen
497 3623 515 3663 a
539 3606 660 3663 materia
682 3606 858 3681 separabilis,
878 3616 910 3664 ut
932 3606 1030 3664 anima
1054 3605 1190 3676 humana,
1210 3605 1357 3681 quaedam

306 3713 403 3761 autem
418 3703 533 3777 corpori
548 3702 713 3778 conjuncta,
724 3712 756 3761 ut
770 3704 961 3762 instrumento
976 3702 1144 3779 separabilis
1159 3704 1189 3761 in
1200 3715 1313 3774 natura,
1328 3714 1357 3762 et

306 3800 385 3871 alias,
406 3799 477 3858 dum
498 3801 550 3859 sibi
572 3799 718 3876 placuerit,
737 3818 755 3859 a
775 3818 897 3878 corpore
919 3811 1067 3877 separata;
1096 3811 1126 3861 et
1146 3801 1220 3862 tales
1239 3802 1357 3878 spiritus

339 3987 404 4054 ¹ut]
427 4003 490 4053 quae
511 3995 546 4046 ut
569 3988 607 4038 ed.
630 4005 666 4054 pr.
815 3986 1021 4053 ¹innaturaliter]
1044 3987 1239 4046 immutabiliter,
1262 3986 1355 4038 Α..Β.Ε

304 4053 646 4118 ⁸miseraJmiseria,ed..pr
744 4052 926 4119 ‘autem]om.
939 4054 1000 4102 ΑΗΒ
1087 4052 1146 4103 “ali
1146 4051 1329 4119 quamJaliqua
1329 4067 1355 4102 m

306 4126 396 4175 autem,
404 4118 497 4169 rahe
508 4119 545 4169 ed.
558 4135 595 4184 pr.
682 4118 882 4184 lintellectivue]
895 4119 1016 4175 volitivae,
1027 4119 1065 4169 ed.
1078 4135 1114 4184 pr.
1126 4106 1225 4170 cumC
1234 4118 1357 4171 mundae

306 4197 401 4234 manus.
471 4183 611 4249 ⁷msnnt]
604 4183 686 4243 msmt
698 4185 736 4235 ed.
748 4199 785 4248 pr.
851 4183 979 4250 liebherr]
990 4183 1091 4244 lactura
1101 4184 1139 4234 ed
1151 4199 1188 4248 pr.
