2864 4836
58 455 142 499 can,
426 435 768 498 TRIALOGUS.

60 591 216 653 tractando
237 597 324 655 istam
345 597 496 658 materiam
516 615 576 676 quo
595 598 633 658 ad
653 615 774 658 omnem
796 609 940 676 punctum
961 600 1072 670 mundi,
1087 600 1117 657 in

58 691 138 766 quo¹
152 693 274 754 materia
287 706 404 755 nostrae
419 697 601 773 ignorantiae
616 708 660 756 est
675 714 815 773 expansa

105 788 241 850 Pseuttti.
281 792 381 853 Video
411 811 471 871 quo
494 794 586 854 modo
611 796 836 872 praecipitanter
865 793 903 852 ad
930 792 1117 871 probandum

59 891 310 964 compositionem
336 892 467 952 continui
491 911 528 951 ex
554 911 615 952 non
638 892 770 970 quantis²
792 892 926 962 assumis,
949 891 1031 968 quod
1050 902 1118 951 sunt

59 986 237 1046 antharadis
257 1007 297 1047 ex
312 995 396 1066 parte
417 992 467 1062 rei,
482 1001 514 1050 ut
533 991 646 1068 species
667 1002 696 1050 et
717 989 905 1061 differentiae,
926 1007 1000 1066 quas
1019 988 1118 1049 leviter

64 1102 129 1143 non
143 1086 252 1162 poteris
266 1088 421 1148 somniare.

104 1169 278 1243 Pltronert's.¹
311 1184 432 1245 Certum
456 1196 508 1256 est,
530 1188 605 1261 quod
624 1192 692 1244 sunt
709 1186 885 1244 unebersaltb
904 1203 944 1245 ex
960 1193 1045 1262 porte
1066 1187 1117 1244 rei,
1165 1214 1190 1239 ιιι

60 1280 214 1341 testificata
235 1293 295 1342 tam
316 1285 354 1342 ab
375 1283 523 1342 Arzitotelc
543 1302 632 1360 quam
646 1283 774 1355 Platone,
795 1281 862 1343 licet
882 1283 965 1342 Plato
986 1284 1117 1343 subtilius
1152 1256 1163 1279 '
1194 1296 1205 1322 ⁸
1236 1255 1259 1281 ⁶¹

61 1379 218 1439 asceudat⁸
232 1381 262 1439 in
275 1382 486 1441 universalibus
499 1382 647 1458 ydearum,
663 1391 693 1442 et
708 1382 824 1458 spiritus
839 1383 971 1440 sanctus⁴
985 1381 1015 1440 in
1030 1381 1117 1442 Mose

61 1488 202 1538 sonuerat
216 1480 246 1537 in
261 1480 404 1557 principio
418 1480 482 1539 libri
495 1480 549 1551 sui,
563 1498 673 1539 vocans
686 1497 784 1538 rerum
798 1488 959 1538 creatarum
974 1478 1117 1556 principia

59 1595 172 1653 genera
191 1588 221 1636 et
241 1578 362 1653 species,
383 1588 415 1637 ut
435 1588 515 1655 patet
529 1579 559 1636 in
574 1577 717 1654 principio
732 1576 874 1649 Genesis;
907 1595 983 1654 quae
997 1576 1116 1637 indubie

60 1676 179 1752 spiritus
193 1675 320 1735 dominil
333 1676 472 1735 intellexit
485 1694 547 1735 non
560 1693 625 1736 esse
640 1675 780 1734 terminos
794 1674 840 1734 vel
853 1684 1023 1751 conceptus,
1039 1677 1114 1735 sicut

61 1774 212 1833 somniant
225 1774 369 1845 haeretici,
383 1783 565 1851 exponentes
576 1772 665 1831 fidem
680 1772 837 1849 scripturae
848 1771 886 1830 ad
897 1790 1016 1832 sensum
1027 1791 1115 1849 quem

61 1871 179 1949 spiritus
192 1882 309 1931 sanctus
323 1890 385 1931 non
399 1871 517 1948 flagitat.
559 1871 597 1929 Et
612 1870 770 1929 concordat
789 1869 862 1928 ratio
883 1869 1029 1941 naturalis,
1047 1889 1115 1930 cum

64 1969 216 2029 Socrates·
230 1979 260 2028 et
272 1969 355 2029 Plato
385 1969 483 2046 magis
494 1968 679 2039 conveniunt,
693 1985 782 2044 quam
801 1966 937 2028 Socrates
955 1977 984 2027 et
999 1969 1116 2039 asinus3

63 2066 135 2126 lllud
144 2085 224 2143 ergo,
235 2067 266 2126 in
277 2086 337 2144 quo
352 2069 536 2139 conveniunt,
549 2077 593 2126 est
607 2082 773 2136 commune,
785 2077 817 2124 ut
831 2066 926 2142 primo
941 2066 1118 2127 conveniunt

63 2168 96 2226 in
110 2167 216 2242 specie,
228 2176 256 2225 et
267 2167 309 2226 sic
319 2165 463 2242 gradatim
477 2165 507 2224 in
521 2164 654 2242 genere',
669 2180 822 2241 quousque
836 2163 875 2223 ad
888 2181 982 2241 genus
995 2181 1118 2242 genera·

62 2265 207 2324 lissimum
222 2265 258 2323 sit
276 2262 466 2334 adventum⁸3
489 2263 656 2322 sicutenim
674 2273 719 2321 est
733 2280 891 2321 commune
911 2272 972 2321 tam
992 2261 1118 2322 Socrati·

63 2380 154 2440 quam
169 2361 284 2420 Platoni
304 2379 370 2420 esse
390 2360 549 2430 hominem,
572 2362 614 2420 sic
633 2362 714 2419 omni
734 2361 883 2420 individuo
902 2360 1038 2432 hominis,
1054 2379 1118 2421 esse

64 2461 218 2521 hominem
231 2470 262 2520 et
281 2478 334 2536 per
349 2459 562 2536 consequens¹⁰
581 2459 748 2518 communis
769 2459 895 2518 essentia
908 2460 953 2518 vel
973 2459 1119 2536 quidditas

63 2558 193 2618 hominis
214 2568 259 2617 est
280 2558 454 2627 communis,
469 2567 497 2616 et
517 2557 565 2617 illa
585 2567 704 2616 vocatur
724 2556 837 2633 species
856 2557 1072 2633 specialissima,
1087 2569 1119 2617 ut

64 2674 220 2734 suppon0;
242 2665 272 2714 et
285 2655 411 2732 argutias
420 2655 512 2714 saetas
523 2654 552 2713 in
563 2656 733 2732 oppositum
747 2672 808 2714 non
819 2666 863 2714 est
873 2655 995 2732 dignum
1007 2655 1118 2714 solvere

62 2754 108 2814 vel
118 2755 206 2813 etiam
220 2751 372 2812 recitare¹¹.
414 2752 452 2810 Et
467 2770 519 2829 per
532 2752 606 2812 haec
617 2762 696 2829 patet
709 2752 846 2825 medium,
858 2763 890 2812 ut
903 2754 989 2813 docet
999 2755 1116 2831 Augus-

61 2855 138 2911 tinus
149 2850 187 2911 ad
198 2849 416 2910 ascendendum
427 2851 457 2908 in
469 2850 600 2909 notitiam
611 2850 760 2911 Trinitatis
770 2863 800 2911 ct
810 2852 970 2912 tollendum
980 2854 1115 2930 argutias,

62 2969 139 3030 quae
158 2951 188 3008 in
206 2949 285 3009 ista¹¹
302 2948 422 3008 materia
436 2957 505 3006 sunt
516 2950 710 3009 communiter
723 2949 864 3027 objectae.

105 3048 243 3107 Pseustis.
284 3046 391 3105 Adhuc
417 3046 563 3105 claudicas
587 3046 618 3104 in
644 3047 838 3125 descriptione
861 3050 1024 3114 creationis,
1051 3067 1118 3108 cum

63 3145 228 3208 secundum
244 3160 363 3204 sensum
378 3154 459 3202 tuum
479 3143 629 3220 quodlibet
646 3144 825 3204 individuum
844 3147 933 3205 etiam
948 3146 1118 3206 indivisibile

64 3261 125 3323 quo
140 3244 178 3303 ad
198 3241 317 3313 molem,
331 3242 517 3317 componitur
532 3260 568 3301 ex
582 3260 691 3318 genere
705 3254 736 3302 et
751 3243 924 3315 differentia,
938 3256 967 3304 et
981 3263 1033 3321 per
1047 3262 1119 3303 con-

63 3358 192 3417 sequens
202 3357 265 3400 non
278 3338 337 3398 fit¹⁸
347 3357 383 3398 ex
395 3338 493 3410 nihilo,
505 3339 574 3416 quia
587 3350 620 3399 ut
633 3342 816 3401 concorditer
830 3342 930 3402 dicunt
940 3341 1118 3419 philosophi,

63 3440 129 3502 ex¹⁴
144 3438 234 3498 nihilo
249 3437 319 3497 nihil
334 3437 373 3496 fit

106 3537 267 3597 Phrenesis.
311 3535 370 3595 Hic
384 3537 560 3612 aequivocas
574 3536 612 3594 ad
626 3535 816 3595 colorandum
828 3549 891 3596 tuas
903 3538 1039 3614 argutias,
1051 3555 1118 3597 cum

99 3701 107 3729 ¹
125 3701 150 3749 in
162 3700 223 3764 quo]
236 3715 286 3749 om.
298 3700 327 3750 C.
340 3700 378 3748 ed.
390 3715 427 3764 pr.
510 3700 520 3728 ²
536 3699 645 3764 quantis]
658 3701 788 3763 quantatis,
800 3701 838 3749 ed.
850 3716 887 3765 pr.
963 3702 973 3729 ³
989 3702 1118 3767 ascendat]

64 3765 184 3821 ascendit,
197 3765 230 3813 D.
242 3765 281 3815 ed.
293 3780 344 3842 pr.;
356 3764 472 3821 ostendit,
483 3766 510 3814 B.
576 3763 586 3794 ⁴
602 3765 701 3829 spiritus
712 3766 744 3831 s]
757 3766 857 3830 species,
869 3765 907 3815 ed.
918 3782 956 3831 pr.
1023 3766 1032 3795 ⁵
1050 3767 1119 3831 spiri·

65 3837 106 3881 tus
117 3830 223 3896 domini]
236 3845 336 3896 spectes,
349 3830 387 3880 ed.
399 3846 436 3894 pr.
543 3829 554 3858 ⁸
570 3829 694 3895 Socrates]
707 3832 798 3888 Sortes,
810 3832 848 3881 ed.
861 3847 913 3895 pr.;
932 3838 1018 3889 sortes,
1034 3832 1116 3890 A.1).;

64 3912 115 3954 sor,
128 3895 187 3946 ΒΕ.
286 3895 296 3924 ⁷
312 3894 338 3944 in
349 3895 449 3960 genere]
462 3911 512 3946 om.
525 3894 618 3946 B.C.D.
631 3896 669 3944 ed.
681 3912 717 3960 pr.
811 3897 820 3925 ⁸
836 3896 980 3961 adventum]
993 3897 1116 3955 deventio,

65 3962 112 4018 C.;
124 3961 264 4016 detextum,
275 3960 314 4010 cd.
325 3977 363 4026 pr.
547 3962 556 3990 ⁸
573 3961 680 4025 Socrati]
693 3962 768 4016 Sorti.
780 3960 848 4016 sorti,
859 3961 914 4017 Sor,
927 3962 1019 4011 ΑΒΕ.
1031 3961 1069 4011 ed.
1082 3977 1118 4026 pr.

68 4028 89 4056 ¹⁰
106 4042 160 4076 esse
177 4025 312 4082 hominem,
323 4034 348 4076 et
365 4041 409 4090 per
426 4026 589 4090 consequens]
602 4042 646 4090 per
662 4027 841 4090 conjecturam:
868 4042 954 4076 omnes
971 4027 1027 4076 libri
1044 4043 1118 4076 manu
1135 4039 1137 4075 t

63 4091 150 4157 scripti
162 4106 208 4142 nec
219 4107 269 4140 non
281 4091 378 4207 “iffi‘'
390 4099 414 4141 et
426 4106 512 4156 pereo
573 4106 632 4141 uens
645 4108 697 4143 esse
708 4092 842 4142 hominem.
1009 4093 1026 4122 ¹¹
1043 4091 1117 4142 etiam
1134 4087 1137 4104 '

66 4156 181 4221 recitare]
194 4156 297 4219 recitari,
342 4172 412 4221 .pr.;
428 4155 510 4211 etiam,
549 4192 585 4206 ..
757 4156 775 4185 ¹¹
791 4156 849 4221 ista]
863 4172 912 4206 om.
926 4157 1136 4223 aucupa,

66 4224 84 4253 ¹⁸
102 4222 142 4288 fit]
154 4237 204 4272 om.
217 4223 254 4272 ed.
267 4238 303 4287 pr.
430 4222 448 4251 ¹*
467 4220 509 4286 ex]
521 4222 586 4286 quod
598 4238 635 4278 ex,
648 4222 740 4271 ΑΜ.
753 4222 790 4270 ed.
802 4237 838 4286 pr.
1134 4249 1136 4281 ι
