2864 4836
95 416 157 498 176
197 410 200 415 ’

46 605 76 640 1η
82 604 177 639 hommum

45 647 187 681 undenmcatrrr

45 688 169 761 elffii&

45 729 129 804 tiela

493 414 748 498 Joaxnrs
787 416 1008 479 Wrcrrr
1206 444 1288 481 mm

234 580 385 658 requiritur
399 581 523 657 speciale
538 579 692 640 consilium
705 578 762 638 Dei
776 578 874 638 nostri.
916 576 1008 638 Unde
1024 580 1070 639 ira
1084 581 1132 641 sic
1147 582 1244 641 ebullit
1254 580 1285 639 de

234 680 360 754 peccatis
381 680 540 755 prioribus:
572 697 640 738 cum
659 688 796 754 peccator
815 675 986 753 superbierit
1005 678 1105 737 modo
1127 679 1218 750 dicto,
1234 694 1284 738 um

233 777 327 836 solum
347 778 520 854 dedignatur
538 776 575 837 de
594 777 737 854 proximo,
753 775 806 834 sed
824 774 939 846 invidet,
953 775 1039 851 quod
1060 774 1283 856 appropinquat¹

232 875 313 933 bono
335 892 397 945 suo,
419 885 449 933 et
470 874 544 933 ultra
564 873 754 943 machinatur,
775 872 927 950 quomodo
949 871 987 931 de
1007 873 1150 934 bonitate
1171 873 1283 952 proximi

232 973 337 1048 poterit
350 972 495 1031 vindicari.
537 972 575 1031 Et
588 973 618 1030 in
638 971 687 1030 illa
706 970 872 1030 ebullitione
886 971 997 1029 virtutis
1015 970 1179 1034 irascibilis
1196 981 1283 1033 corct

232 1069 364 1128 membra
377 1071 508 1146 corporis
523 1070 716 1129 communiter
729 1069 881 1145 agitantur.
922 1067 961 1126 Et
975 1067 1054 1128 illius
1074 1071 1139 1130 irae
1160 1072 1281 1131 nominat

231 1164 363 1225 Christus
383 1178 441 1226 tres
463 1169 573 1243 species
595 1166 699 1226 Matth.
718 1185 762 1225 n:
795 1165 920 1225 ‘Omnis
941 1163 1063 1244 (inquit)
1087 1170 1139 1246 qui
1162 1171 1281 1229 nasein

230 1262 308 1322 fratri
323 1282 385 1335 suo,
400 1283 465 1324 reus
484 1266 537 1323 erit
553 1265 679 1342 judici0;
701 1265 751 1341 qui
770 1273 868 1323 autem
887 1263 991 1322 dixerit
1005 1263 1089 1324 fratri
1104 1284 1162 1327 suo
1177 1266 1279 1337 Racbr,

229 1379 296 1420 reus
309 1363 361 1421 erit
380 1363 520 1435 concilio;
546 1365 596 1439 qui
615 1374 712 1422 autem
731 1361 834 1421 dixerit
848 1360 961 1431 ‘fatue'
975 1379 1043 1421 reus
1058 1364 1116 1422 erit
1134 1365 1280 1440 gehenae

229 1460 336 1535 ignis².’
372 1461 424 1519 llle
438 1471 535 1520 autern
549 1462 588 1520 ad
602 1479 721 1521 sensum
735 1459 876 1536 evangelii
888 1460 1049 1517 ‘nascitur’
1060 1459 1145 1521 fratri
1159 1480 1223 1534 suo,
1235 1460 1279 1538 qui

228 1568 330 1617 contra
350 1559 432 1618 illum
453 1559 681 1618 irrationabiliter
701 1561 731 1617 in
752 1559 852 1618 animo
880 1566 925 1616 est
949 1567 1138 1631 commotus;
1172 1571 1204 1619 et
1225 1561 1278 1619 sive

228 1654 311 1714 fuerit
332 1656 425 1715 breuis
446 1655 519 1716 haec
539 1657 699 1716 commotio
721 1656 779 1716 sive
800 1655 942 1725 diuturna,
959 1654 1019 1713 sive
1040 1672 1112 1714 cum
1128 1658 1221 1734 signis
1232 1675 1278 1716 ex·

226 1754 357 1812 trinsecis
372 1754 431 1813 sive
446 1754 528 1813 fuerit
542 1754 744 1814 irrationabilis
758 1753 919 1813 commotio
932 1751 1022 1810 animi
1037 1751 1119 1812 sine¹
1133 1755 1199 1825 illis,
1213 1754 1278 1815 dici·

226 1847 286 1909 tur⁴
314 1852 355 1910 ira
383 1853 512 1927 subjecta
539 1851 595 1912 Dei
625 1851 736 1929 judicio
769 1851 808 1911 ad
834 1850 999 1909 vindictam.
1055 1848 1149 1911 Unde
1181 1853 1278 1931 legitur

227 1947 330 2007 Matth.
350 1950 398 2007 xii.
419 1950 456 2008 de
471 1948 596 2021 Christo,
611 1952 661 2027 qui
682 1967 743 2008 non
764 1948 859 2026 potuit
879 1947 937 2007 sic⁵
957 1946 1060 2007 irasci:
1087 1952 1276 2011 ‘arundinem

225 2056 390 2122 quassatam
414 2064 476 2106 non
497 2047 661 2124 confringet
681 2058 709 2106 et
729 2047 835 2105 linum⁸
856 2045 1002 2122 fumigans
1026 2063 1091 2105 non
1116 2050 1272 2126 extinguet,

225 2144 320 2202 donec
335 2145 430 2222 ejiciat
451 2144 488 2202 ad
502 2146 651 2204 victoriam
663 2143 824 2221 judicium!
866 2143 921 2202 Per
935 2143 1102 2202 arenam
1116 2145 1278 2225 intelligunt

225 2241 343 2318 quidam
358 2244 492 2301 robustos
507 2241 544 2302 de
563 2261 594 2301 se
614 2243 685 2319 ipsis
703 2242 825 2301 inaniter
843 2241 1009 2318 gloriantes,
1023 2241 1097 2300 tales
1111 2244 1194 2303 enim
1213 2254 1277 2304 sunt

225 2338 306 2396 vacui
326 2357 344 2396 a
362 2341 461 2416 gratia,
476 2349 508 2398 ut
526 2339 646 2399 baculus
665 2339 842 2399 arundineus
861 2339 965 2416 plenus
984 2339 1082 2415 poris;
1111 2340 1161 2400 ille
1183 2354 1277 2402 autem

225 2434 379 2512 confringit
395 2438 480 2496 istam
494 2439 676 2509 arundinem,
692 2434 758 2514 qui⁷
771 2436 820 2495 dat
834 2436 889 2495 sibi
907 2436 1095 2495 occasionem
1110 2436 1149 2496 ad
1168 2440 1277 2499 irratio·

224 2535 355 2593 nabiliter
374 2535 566 2594 irascendum.
609 2535 665 2594 Per
683 2532 788 2592 linum⁸
798 2534 954 2610 fumigans
974 2533 1139 2609 intelligunt
1158 2539 1277 2613 quidam

224 2633 333 2691 debiles
352 2634 462 2701 virtute,
477 2634 527 2709 qui
547 2633 708 2692 secundum
728 2631 853 2708 aliquem
872 2629 995 2707 gradum
1014 2632 1142 2691 caritatis
1161 2636 1276 2711 sapiunt

223 2741 251 2788 et
266 2730 387 2805 diligunt
400 2731 496 2807 legem
507 2730 572 2790 Dei.
614 2731 720 2790 Talem
734 2741 831 2788 autem
846 2728 1018 2788 arundinem
1033 2729 1091 2787 sive
1107 2730 1201 2790 linum
1216 2749 1276 2790 non

223 2826 378 2903 confregit⁹
393 2828 524 2887 Christus
544 2847 599 2887 nec
619 2829 775 2898 extinxit¹⁰,
796 2827 848 2885 sed
868 2827 966 2903 potius
984 2826 1015 2883 in
1029 2826 1182 2887 virtutibus
1196 2831 1277 2906 vigo·

222 2925 302 2982 ravit.
344 2925 381 2983 Et
396 2937 514 3002 propter
532 2927 600 2985 istas
621 2927 747 2985 rationes
766 2924 946 2984 convincet¹¹
961 2922 1101 2995 Christus,
1117 2936 1148 2984 et
1163 2928 1275 3003 specia-

221 3023 283 3080 liter
305 3023 333 3079 in
355 3024 401 3082 die
419 3024 527 3100 judicii,
550 3023 707 3100 singulos¹²
726 3024 870 3082 inimicos
911 3022 964 3081 Ille
986 3031 1084 3082 autem
1108 3023 1139 3082 in
1162 3027 1277 3085 secundo

215 3122 314 3196 gradu
334 3121 402 3180 dicit
421 3122 499 3180 fratri
519 3140 572 3180 suo
589 3119 726 3192 ‘Rachia’
742 3121 792 3197 qui
812 3139 879 3179 cum
900 3121 943 3178 ira
961 3121 1125 3196 prorumpit
1143 3123 1175 3180 in
1189 3125 1277 3182 verba

220 3219 366 3277 derisoria.
407 3218 512 3276 Racha
528 3220 605 3277 enirn
621 3220 780 3296 interjectio
796 3229 840 3278 est
851 3217 1023 3289 deridentis;
1045 3218 1124 3278 etde
1139 3221 1190 3279 tali
1204 3239 1275 3280 eon·

220 3316 316 3374 sulunt
333 3316 404 3375 boni
418 3315 522 3391 angeli,
542 3317 565 3374 si
581 3317 633 3375 erit
647 3327 767 3393 propter
786 3315 998 3375 vehementiam
1018 3316 1187 3376 iracundiae
1201 3336 1273 3378 cou-

220 3415 381 3472 demnatus.
425 3413 483 3472 Sed
502 3415 532 3472 in
551 3416 630 3472 tertrb
639 3415 737 3489 gradu
751 3413 797 3472 ille
817 3413 886 3472 dicit
904 3413 983 3471 fratri
998 3413 1081 3472 suo¹³
1096 3414 1210 3492 ‘satan'
1224 3418 1274 3493 qui

220 3530 287 3569 cum
308 3513 350 3569 ira
371 3513 485 3569 animae
507 3512 669 3589 prorumpit
693 3512 723 3568 in
745 3513 833 3569 verba
857 3511 1076 3581 contumeliosa,
1099 3514 1274 3574 scandalosa

219 3610 344 3685 proximi
358 3609 402 3666 vel
416 3609 604 3684 blasphema;
626 3618 655 3668 et
669 3608 733 3668 talis
747 3620 791 3668 est
805 3627 871 3668 reus
886 3608 1038 3685 gehennae
1053 3610 1129 3686 ignis
1145 3629 1182 3670 ex
1200 3612 1274 3672 foliis

252 3804 259 3833 ¹
277 3803 469 3868 appropinquat]
482 3805 644 3868 approximat.
656 3804 750 3854 A.B.C.
762 3803 801 3853 ed.
812 3820 850 3868 pr.
967 3802 977 3831 ²
993 3804 1081 3853 verba:
1099 3807 1260 3870 reus—ignis'

219 3886 268 3918 om.
282 3869 310 3918 B.
322 3871 416 3933 primae
428 3886 521 3927 manus,
533 3870 572 3919 ed.
584 3886 621 3933 pr.
753 3870 763 3898 ⁸
780 3869 843 3933 sine]
856 3869 914 3925 sive,
925 3868 964 3918 ed.
974 3884 1010 3933 pr.
1142 3870 1152 3899 ¹
1168 3872 1259 3921 dicitur

218 3935 482 3990 diciturautem,A.B.
581 3935 643 3984 ⁶sic
667 3935 709 3991 ita,
721 3934 750 3984 B.
760 3934 853 3999 primae
864 3950 958 3990 manns,
970 3935 1008 3983 ed.
1016 3949 1053 3998 pr.
1153 3936 1258 3986 ‘linum

219 3999 309 4054 lumen,
322 4001 350 4048 B.
449 3999 528 4064 ⁷qui]
541 4015 610 4064 quae.
655 4016 710 4064 .pr.
785 3999 901 4063 Hirrum]
914 3999 1113 4055 lumen,A.B.D.
1186 4003 1271 4052 ’con-

218 4064 303 4129 fregit]
315 4065 454 4129 confringit.
467 4066 527 4113 AB.
643 4066 662 4094 ¹⁰
678 4064 792 4129 extinxit]
805 4064 933 4127 extinguit,
946 4065 973 4112 B.
1092 4066 1110 4094 ¹¹
1127 4067 1271 4133 coniincet]

199 4146 203 4213 q
218 4131 349 4185 convincit.
361 4130 399 4180 ed.
412 4146 448 4193 pr.
575 4129 594 4160 ¹’
609 4129 731 4195 singulos]
744 4145 787 4195 per
799 4129 916 4194 singulos,
928 4129 956 4179 B.
968 4130 1063 4195 primae
1074 4144 1170 4189 manus,
1182 4132 1221 4182 ed.
1233 4149 1271 4198 pr.

198 4193 236 4283 (Β
253 4194 310 4258 suo]
323 4211 372 4243 om.
383 4196 421 4245 ed.
433 4211 470 4258 pr.
484 4194 516 4243 D.

1117 4297 1231 4341 wioni?
