2864 4836
56 456 138 500 cam.
420 434 760 497 TRIALOGUS.

56 597 160 673 spiritu
184 607 282 656 creato
306 597 351 655 vel
375 595 573 672 intelligentia,
598 608 738 673 tanquam
766 606 850 673 parte
876 596 965 657 altera
992 595 1107 655 formali

56 694 233 772 qualitativa,
247 704 389 771 tanquam
404 695 526 753 omnino
542 695 692 766 distinctis,
707 696 895 771 componitur
908 712 984 754 unus
997 693 1106 765 homo;

56 792 112 851 sed
126 792 207 870 quod
219 802 374 869 utrumque
384 792 430 851 vel
440 803 561 870 utraque
576 804 678 852 natura
692 794 728 852 sit
742 794 822 853 idem
832 793 925 851 homo
939 794 970 850 in
983 808 1108 851 numero

58 889 105 950 vel
126 908 262 967 persona,
276 891 392 968 spiritus
412 908 465 967 per
487 909 519 950 se
540 902 569 949 et
590 902 693 950 natura
713 908 856 967 corporea
869 890 1107 967 participatione;

57 987 133 1046 sicut
154 988 347 1064 concipimus,
362 988 443 1064 quod
463 987 596 1047 Christus
610 987 765 1063 assumpsit
784 987 946 1046 humanam
965 998 1108 1057 naturam,

56 1083 126 1144 licet
147 1085 187 1143 ibi
207 1086 244 1144 sit
265 1077 415 1144 diversitas
436 1086 506 1145 satis
526 1085 630 1161 ampla
673 1083 738 1143 Nec
752 1085 837 1143 video
859 1085 930 1160 quin
947 1085 1109 1161 Apostolus

56 1181 189 1259 inteiligit
209 1184 395 1260 appropriate
415 1201 467 1259 per
488 1193 621 1242 naturam
642 1182 720 1242 illam
741 1201 914 1258 corpoream
935 1182 1108 1241 ‘animalem

57 1278 229 1351 hominem,’
254 1289 284 1339 et
311 1279 467 1357 perillum
497 1280 628 1356 spiritum
654 1279 849 1355 ‘spiritualem
875 1278 1038 1338 hominem'
1064 1278 1110 1338 vel

57 1376 264 1449 ‘interiorem'
289 1378 340 1453 qui
363 1386 489 1454 possunt
512 1377 633 1453 intelligi
657 1387 689 1436 ut
713 1388 833 1436 naturae
858 1377 989 1454 dispares
1009 1377 1054 1437 vel
1077 1386 1110 1435 ut

57 1473 165 1534 eadem
174 1475 365 1552 personalitas
376 1475 534 1552 disparium
545 1485 721 1536 naturarum.
764 1475 844 1535 Sicut
855 1477 933 1534 enim
947 1477 978 1535 in
989 1476 1110 1535 materia

57 1571 97 1632 de
112 1571 255 1632 Trinitate
270 1583 328 1632 tres
342 1591 390 1633 res
411 1583 479 1632 sunt
498 1573 572 1632 una¹
588 1574 756 1644 substantia,
776 1592 838 1632 non
860 1592 995 1650 persona,
1015 1576 1058 1634 sic
1079 1575 1108 1632 in

57 1670 181 1730 materia
194 1669 232 1730 de
245 1670 444 1730 incarnatione
457 1681 487 1729 et
500 1671 714 1747 compositione
728 1671 855 1730 hominis
869 1672 975 1730 multae
990 1682 1109 1731 naturae

58 1767 131 1826 satis
145 1766 277 1844 dispares
291 1778 358 1827 sunt
372 1767 477 1828 eadem
492 1784 635 1845 persona;
660 1778 689 1826 et
703 1768 745 1826 sic
763 1767 906 1843 quidquid
920 1767 1052 1844 intelligit
1066 1768 1110 1826 vel

58 1868 213 1941 cognoscit
236 1865 369 1927 animalis
390 1865 491 1936 homo,
513 1865 616 1925 etiam¹
636 1865 765 1942 intelligit
789 1876 819 1924 et
843 1867 995 1941 cognoscit
1018 1864 1110 1924 homo

56 1964 178 2023 interior
191 1974 220 2022 et
233 1982 251 2023 e
265 1975 375 2024 contra

101 2060 139 2120 Fr
153 2061 210 2122 sic⁸
223 2062 378 2138 spiritualis
399 2062 491 2121 homo
512 2061 558 2121 vel
578 2061 624 2120 ille
646 2071 759 2121 creatus
781 2061 906 2137 spiritus,
921 2062 1054 2137 quamvis
1075 2061 1110 2120 sit
1164 2089 1205 2114 m

57 2169 213 2218 extensum
236 2159 314 2218 mole
340 2177 480 2237 magnum
504 2163 544 2233 (et
569 2160 610 2218 sic
631 2160 669 2218 de
690 2160 811 2219 caeteris
832 2159 1111 2235 praedicationibus⁴

58 2275 136 2335 quae
156 2259 272 2335 corpori
294 2258 450 2317 formaliter
471 2260 650 2333 inexistunt),
665 2276 727 2317 non
747 2269 847 2318 tamen
865 2257 1036 2329 extenditur,
1051 2255 1111 2317 est⁶

58 2354 139 2415 mole
156 2373 291 2432 magnus,
305 2357 350 2414 vel
368 2357 460 2415 taliter
480 2356 637 2415 formaliter
655 2356 837 2416 informatus.
877 2355 917 2414 Et
935 2354 980 2414 ille
1000 2355 1111 2415 videtur

58 2471 125 2514 esse
136 2471 240 2513 seusus
252 2453 393 2530 Symboli,
405 2455 502 2531 quod‘
513 2456 587 2513 sicut
597 2455 695 2512 anima
706 2454 852 2513 rationalis
861 2464 890 2512 et
901 2472 969 2513 caro
980 2472 1057 2513 unus
1066 2466 1110 2514 est

57 2550 160 2621 homo,
175 2552 215 2610 ita
233 2550 316 2610 Deus
336 2562 365 2611 et
385 2550 477 2610 homo
497 2570 573 2610 unus
594 2563 638 2611 est
659 2550 810 2610 christus!
853 2549 917 2610 Nec
932 2551 1016 2610 video
1038 2553 1110 2629 quin
1208 2588 1214 2595 -

58 2666 126 2708 vere
155 2648 348 2726 intelligentes
377 2648 458 2726 quod
491 2651 589 2708 anima
613 2648 784 2708 intellectiva
807 2649 844 2708 sit
866 2649 949 2725 pars·
972 2649 1108 2720 hominis,

57 2745 143 2806 valde
166 2747 358 2822 aequivocam
381 2746 574 2823 intelligentes
598 2765 651 2823 per
675 2747 803 2805 animam
828 2746 1030 2807 intellectivam
1057 2750 1108 2807 al>

57 2844 208 2905 stractive'
221 2845 429 2906 animationem
443 2845 581 2922 corporis,
596 2861 671 2920 quae
686 2844 717 2903 frt
730 2862 768 2902 ex
787 2845 1006 2920 participatione
1021 2846 1109 2906 creati

57 2942 182 3019 spiritus.
226 2943 275 3001 Sic
289 2953 387 3001 autem
397 2942 532 3003 concedit
546 2942 717 3013 Arritoteles,
728 2942 810 3018 quod
820 2944 967 3019 appetitus
977 2944 1109 3004 animalis

57 3038 202 3099 hominis⁸
215 3052 259 3100 est
272 3041 493 3117 participatione
507 3039 663 3110 rationalis,
677 3048 707 3098 et
725 3058 777 3116 per
791 3040 869 3099 idem
883 3040 930 3100 illa
948 3045 1046 3102 anima
1064 3052 1108 3101 est

56 3137 278 3215 participatione
310 3137 467 3209 rationalis,
495 3147 525 3196 et
553 3155 605 3213 per
638 3155 822 3214 consequens
849 3157 917 3216 pars
944 3140 1108 3215 qualitativa

56 3234 185 3295 bominis
199 3253 261 3294 non
274 3245 319 3294 est
332 3234 440 3294 ammai
452 3234 641 3306 irrationalet,
653 3233 706 3294 sed
720 3234 840 3306 realiter,
851 3236 918 3294 licet
927 3237 1013 3308 varie,
1028 3235 1106 3294 idem

57 3334 158 3394 homo.
200 3334 271 3393 Non
284 3336 364 3394 enim
382 3336 565 3411 concipimus
584 3335 665 3411 quod
680 3336 716 3394 sit
735 3334 854 3411 aliquod
868 3334 1013 3392 vinculum
1027 3334 1109 3392 colli·

55 3450 133 3509 gaus
152 3432 232 3490 illum
255 3432 449 3492 immortalem
474 3432 606 3508 spiritum
629 3441 659 3490 et
673 3431 750 3489 illam
771 3440 905 3489 naturam
926 3448 1107 3520 corpoream,

61 3530 172 3590 faciens
195 3548 288 3589 unum
311 3549 349 3588 ex
373 3531 427 3590 illis
451 3530 595 3589 ambobus
622 3539 762 3605 tanquam
787 3529 926 3604 partibus,
950 3529 1109 3606 quamvis¹⁰

57 3629 255 3705 compositum
273 3627 387 3688 excedit
406 3627 509 3687 ambas
528 3628 559 3686 in
577 3625 754 3703 perfectione
761 3626 781 3659 ¹¹
802 3626 932 3697 naturali,
952 3628 1025 3686 sicut
1046 3647 1108 3689 non

58 3725 250 3803 concipimus,
268 3726 350 3803 quod
370 3725 452 3785 Deus
475 3736 505 3784 et
528 3724 620 3783 homo
644 3723 807 3801 qualitative
828 3729 1006 3787 constituunt
1028 3728 1107 3786 illum

92 3898 100 3929 ¹
118 3897 179 4030 ml
188 3913 239 3949 om.
249 3899 311 3949 AB.
377 3897 388 3929 ¹
403 3897 488 3954 homo.
496 3898 583 3963 dmm]
591 3914 641 3949 om.
651 3898 680 3950 C.
690 3899 728 3949 ed.
740 3899 891 3964 pr.‚animal,
900 3900 1015 3967 intelligit
1024 3901 1109 3953 homo.

56 3964 161 4015 'Etsie
180 3964 344 4022 modoad„
351 3979 389 4059 p
444 3963 704 4028 ‘praedicationibus]
713 3965 926 4029 praedicabilibus,
935 3968 968 4017 Α.
1033 3967 1109 4034 ‘eet]

59 4029 118 4096 quit
128 4037 174 4106 est,
186 4029 224 4079 ed
236 4045 273 4094 pr.
380 4028 452 4145 prin&
462 4045 575 4123 persona}
585 4029 664 4144 ll’Bll
673 4045 739 4106 ‘pars
748 4045 862 4107 mrsona,
874 4030 913 4080 ed.
943 4047 962 4082 r.
1032 4032 1049 4128 ξ
1065 4033 1110 4083 ab·

57 4094 429 4225 ffinmsson
437 4130 518 4209 solum
529 4167 567 4210 est
577 4094 914 4216 mminilalmllttioorillltulssliij.
936 4133 942 4146 .
991 4163 1010 4192 ¹⁰
1026 4113 1110 4229 quill

58 4225 106 4293 vis]
116 4239 228 4289 quarum,
239 4222 279 4275 ed.
291 4240 328 4290 pr.
443 4226 462 4256 ¹¹
479 4224 505 4274 in
516 4224 677 4289 perfectione]
690 4225 881 4290 imperfectione,
892 4226 932 4277 ed.
941 4243 978 4292 pr.

560 4325 583 4366 E
600 4327 615 4367 2
