2864 4836
92 382 102 519 Ξ
133 453 220 500 m,
498 435 839 499 rnrnroous.
1275 461 1333 529 251

136 595 293 673 quomodo
314 595 415 656 iratres
435 595 481 656 vel
502 597 549 656 alii
570 607 694 674 possunt
715 598 914 675 subterfugere
935 600 1077 660 rationem
1098 601 1192 672 istam,

137 692 197 755 ain*
210 693 285 754 sorte
304 695 416 771 fingant
434 713 553 755 sensum
568 697 635 755 fidei
650 696 736 772 hujus
756 699 914 775 scripturae
929 698 1016 758 nimis
1030 698 1192 771 extranee¹,

136 791 187 852 vel
199 792 282 852 aliter
296 794 390 869 ipsam
405 803 521 869 negent.

92 880 99 971 ξ
180 887 346 949 Phromsis.
388 887 453 948 Nec
473 908 530 949 nos
544 909 599 949 nec
621 890 668 948 alii
690 908 847 967 possumus
867 891 1010 951 rationem
1032 891 1117 951 istam
1140 910 1192 952 ne·
1228 912 1373 961 ronanam

1226 959 1294 990 tionem
1302 957 1369 992 imum

92 974 94 1017 ἕ
136 1004 221 1066 gare.
262 985 335 1046 Ideo
360 987 520 1047 catholicus
548 988 636 1047 debet
660 989 755 1065 ipsam
782 1007 895 1048 servare
924 990 1023 1048 sedule
1051 1000 1192 1065 tanquam
1226 1004 1377 1075 ξξῇξᾝῑ,
1409 1069 1413 1076 ,

139 1084 265 1147 etstatm¹⁸
320 1084 532 1144 Verumtamen
560 1103 614 1161 pro
643 1104 730 1145 sensu
758 1086 843 1162 hujus
872 1088 1030 1164 scripturae
1058 1087 1194 1149 baeretici
1225 1076 1362 1202 2¹33&ss

140 1182 268 1242 multum
281 1184 400 1254 variant,
415 1183 516 1242 dicunt
530 1186 609 1242 enim
618 1186 720 1260 priino,
735 1184 815 1262 quod
834 1185 911 1244 istud
925 1203 1092 1262 pronomen
1107 1187 1192 1246 ‘hoc'
1226 1175 1263 1241 tlt.
1309 1170 1355 1204 ’ῃ

138 1280 173 1341 in
186 1281 389 1358 propositione
409 1282 610 1340 sacramentali
633 1282 706 1340 ‘hoc
728 1293 771 1340 est
791 1300 897 1359 corpus
918 1282 1043 1342 meum³'
1066 1284 1190 1343 demon·

139 1388 214 1442 strat
235 1378 401 1454 simpliciter
422 1396 529 1454 corpus
551 1378 672 1437 Domini
693 1389 722 1438 et
744 1397 805 1438 non
826 1399 943 1457 panem,
964 1382 1033 1458 quia
1054 1382 1143 1453 aliter,
1164 1393 1195 1441 ut

138 1477 285 1554 mquitmt,
303 1477 378 1535 ioret
397 1477 559 1553 propositio
578 1476 685 1536 Christi
707 1477 787 1537 falsa
831 1477 921 1550 Quod
942 1489 1041 1538 autem
1051 1477 1195 1556 lohannes

139 1574 174 1634 de
185 1573 263 1634 Deo‘
276 1585 306 1634 et
319 1576 406 1634 ceteri
420 1574 507 1633 rudes
520 1575 656 1633 haeretici
671 1575 779 1647 dicunt,
793 1577 874 1653 quod
888 1575 960 1634 nihil
981 1577 1196 1637 demonstratur
1216 1584 1218 1590 “

139 1672 193 1733 illo
207 1672 382 1749 pronomine
397 1672 490 1742 ‘hoc,'
506 1674 639 1750 eoquod
658 1674 843 1732 materialiter
861 1684 890 1731 et
909 1675 1056 1734 recitative
1071 1685 1194 1734 tenetur,

140 1772 276 1832 subticeo
289 1781 429 1847 tanquam
443 1771 586 1829 haeresim
606 1772 776 1829 recitatione
796 1770 957 1847 indignam,
972 1781 1002 1830 et
1015 1790 1108 1848 arguo
1123 1774 1197 1832 mul·

140 1869 278 1946 tipliciter
291 1878 393 1928 contra
407 1869 539 1944 primam.
581 1867 661 1926 Nam
681 1868 769 1945 priori
788 1869 963 1944 pronomine
983 1870 1197 1930 demonstratur

140 1968 230 2047 panis
242 1984 331 2044 quem
345 1965 478 2029 Christus
492 1966 615 2043 sumpsit
634 1966 665 2024 in
684 1966 819 2024 manibus
827 1984 836 2038 3
862 1965 916 2025 sed
934 1968 1067 2044 sequenti
1086 1986 1196 2045 prono·

141 2065 224 2125 mine
241 2064 455 2123 demonstratur
473 2063 552 2123 idem
572 2064 654 2141 quod
672 2063 724 2122 fuit
743 2075 828 2123 antea
848 2064 1095 2136 demonstratum;
1125 2082 1196 2141 ergo

141 2181 198 2242 per
218 2162 379 2240 subjectum
404 2162 611 2239 propositionis
632 2163 849 2222 sacramentalis
871 2162 1085 2222 demonstratur
1108 2163 1197 2222 etiam

141 2261 224 2323 idem
238 2261 330 2337 panis.
373 2259 544 2332 Quomodo,
564 2261 662 2337 rog0⁶,
679 2271 796 2338 caperet
814 2260 923 2320 fidelis⁰
937 2261 1097 2338 ingenium,
1116 2261 1197 2338 quod

143 2358 277 2419 Christus
291 2360 405 2436 accepit
418 2377 526 2435 panem
540 2360 571 2417 in
585 2361 729 2429 manibus,
743 2359 890 2417 benedixit
909 2371 938 2418 et
957 2359 1051 2436 fregit,
1066 2370 1094 2419 et
1113 2378 1196 2418 man·

143 2457 223 2517 davit
236 2475 274 2516 ex
286 2457 336 2517 illo
351 2456 517 2532 apostolos⁷
530 2457 715 2527 manducare,
730 2458 785 2515 nisi
799 2457 969 2516 intellexerit
983 2459 1072 2534 priori
1087 2476 1195 2534 prono·

143 2554 224 2615 mide
238 2555 318 2613 illum
331 2557 458 2630 panem?
493 2553 636 2613 Nondum
655 2555 734 2612 enim
754 2553 898 2613 transfusa
917 2565 984 2613 sunt
998 2557 1086 2614 verba
1100 2573 1196 2614 sacra·

144 2653 293 2725 mentalis,
311 2666 344 2715 ut
365 2656 478 2715 desinat
498 2673 563 2714 esse
585 2656 678 2732 panis.
719 2655 758 2714 Et
779 2657 968 2716 confirmatur
981 2675 1018 2716 ex
1033 2656 1098 2728 hoc,
1114 2656 1196 2734 quod

144 2751 309 2810 secrmdum
329 2751 527 2830 evangelium⁸
549 2752 652 2812 Matth.
673 2755 748 2812 xxvi.
771 2752 904 2813 Christus
925 2756 1071 2832 praecepit
1091 2774 1196 2816 omnes

144 2849 297 2925 apostolos
308 2851 344 2909 de
357 2852 446 2910 calice
460 2852 509 2910 illo
521 2852 628 2921 bibere,
640 2852 720 2928 quod
731 2851 871 2924 fecerunt,
883 2864 915 2911 ut
927 2864 1006 2930 patet
1018 2853 1110 2913 Marc.
1122 2855 1193 2912 xiv.:

144 2951 285 3022 ‘accepto
313 2948 402 3007 calice
429 2950 537 3025 gratias
565 2967 656 3025 agens
683 2949 763 3007 dedit
790 2951 841 3020 eis,
866 2961 895 3009 et
922 2951 1057 3010 biberunt
1082 2970 1119 3010 ex
1146 2953 1195 3011 illo

143 3043 270 3103 omnes!
311 3045 350 3102 Et
370 3046 449 3105 idem
469 3056 513 3106 est
530 3046 671 3123 judicium
692 3047 729 3106 de
750 3065 836 3123 pane,
855 3048 933 3106 unde
954 3060 1050 3108 textus
1071 3049 1196 3125 apostoli

148 3139 311 3200 rCorinth.
334 3142 372 3200 xi.
394 3143 435 3202 sic
456 3144 574 3202 asserit:
608 3145 855 3220 ‘quotiescunque
880 3146 959 3204 enim
983 3146 1196 3206 manducabitis

144 3255 254 3315 panem
275 3237 354 3299 hunc
374 3249 404 3299 et
422 3241 542 3300 calicem
565 3242 676 3311 bibetis,
698 3253 824 3300 mortem
838 3242 960 3300 Domini
981 3244 1195 3315 annuntiabitis,

146 3335 243 3394 donec
258 3336 386 3395 veniat⁹.'
426 3337 473 3395 Ex
487 3356 547 3414 quo
561 3339 672 3397 videtur
687 3340 768 3414 quod
778 3339 823 3397 vel
838 3350 939 3398 auctor
953 3342 1110 3417 scripturae
1124 3341 1195 3401 false

144 3433 263 3503 indicat,
278 3434 324 3493 vel
343 3434 425 3511 quod
445 3435 482 3494 de
503 3454 579 3512 pane
601 3454 619 3493 a
640 3434 755 3494 Christo
777 3436 906 3495 exhibito
927 3438 1052 3513 apostoli
1073 3438 1196 3497 mandu-

145 3540 258 3590 carunt.
299 3532 337 3590 Et
358 3551 394 3591 ex
415 3533 519 3592 eadem
540 3534 635 3591 radice
657 3542 743 3608 patet,
765 3533 845 3609 quod
870 3534 947 3592 idem
969 3536 1053 3611 panis
1075 3536 1196 3596 demon-

143 3639 252 3690 stratur
266 3631 396 3691 secundo
414 3634 590 3709 pronomine
609 3632 690 3708 quod
709 3633 859 3708 subjicitur
873 3633 903 3690 in
922 3633 976 3693 ista
996 3636 1196 3711 propositione

146 3730 356 3801 sacramentali,
379 3731 452 3789 ‘hoc
478 3741 521 3789 est
548 3748 655 3807 corpus
679 3731 798 3800 meum,'
820 3741 881 3789 turn
907 3732 976 3807 quia
1000 3733 1080 3791 aliter
1103 3733 1167 3793 talis
1175 3733 1197 3766 ¹⁰

180 3882 189 3911 ¹
206 3879 280 3929 nimis
291 3882 416 3947 extranee]
429 3898 479 3932 orn.
490 3883 529 3932 ed.
541 3899 578 3948 pr.
676 3883 686 3912 ²
702 3885 796 3948 caram]
810 3893 910 3940 certam,
923 3886 1014 3935 A.B.C.
1107 3886 1119 3915 ³
1134 3887 1197 3936 ‘hoc

146 3952 185 3996 est
196 3961 287 4010 corpus
299 3948 405 4011 meum’]
418 3964 467 3997 orn.
480 3949 573 3999 A.B.C.
664 3948 672 3976 ⁴
688 3949 814 4014 Joharmes
825 3950 856 3999 de
869 3951 933 4006 Deo,
946 3951 1077 4000 Lusitanus
1088 3952 1196 4008 natione,

147 4011 321 4062 celeberrimus
331 4013 415 4062 seculo
427 4013 487 4062 ΧΠ.
499 4013 634 4063 canonista.
845 4015 944 4079 ὓτοςο]
956 4031 1016 4079 ergo
1028 4031 1097 4080 rogo,
1108 4016 1147 4067 ed.
1159 4033 1195 4080 pr.

145 4076 157 4105 ⁰
173 4075 254 4126 fidelis
266 4079 327 4138 (eas.
338 4078 419 4142 gen.)]
432 4078 511 4135 fidele,
520 4079 559 4129 ed.
571 4095 608 4144 pr.
724 4078 733 4107 ²
750 4078 890 4144 apostolos]
904 4081 1018 4131 omnibus
1029 4081 1157 4145 apostolis,
1166 4085 1195 4133 C.

147 4143 157 4171 ⁸
172 4156 235 4199 evan
253 4141 340 4206 elium]
352 4158 402 4192 om.
413 4143 453 4193 ed.
464 4160 501 4209 pr.
697 4143 707 4172 ⁹
723 4151 747 4193 et
760 4144 989 4210 calicem-veniat]
1001 4163 1051 4196 om.
1064 4149 1095 4197 Α.
1108 4147 1147 4198 ed.
1159 4163 1196 4213 pr.

147 4208 167 4238 ¹⁰
184 4157 253 4271 misff
265 4207 379 4263 aucun,
392 4196 453 4258 nn.
465 4209 503 4259 ea.
516 4225 552 4273 pr.
