2864 4836
138 322 157 384 8
472 324 926 390 PROLEGOMENA.

136 484 299 563 alloquitur,
313 505 360 547 ex.
372 504 416 565 gr.
429 486 454 547 1.
469 506 495 548 c.
514 506 527 547 1
544 499 574 549 et
589 507 616 561 a,
627 490 678 548 ubi
692 489 850 549 Phronesis
863 507 932 551 cum
945 489 1067 550 Pseuste
1080 489 1235 568 disputans
1250 489 1291 551 de

135 591 245 652 Alithia
271 591 346 653 haec
376 593 519 670 loquitur:
547 593 647 654 ‘Licet
674 612 757 654 soror
784 601 881 655 nostra
908 596 946 655 sit
973 597 1091 674 parvula
1118 598 1291 674 quantitate,

135 707 182 759 est
208 708 307 760 tamen
335 717 444 776 magna
471 700 593 761 scientia
618 711 649 762 et
675 701 787 773 vinute,
810 719 873 761 non
900 703 980 762 enim
1008 702 1098 763 habes
1125 702 1290 781 quidquam

136 805 220 882 quod
239 806 337 881 possis
357 806 413 865 sibi
433 805 562 882 objicere
582 807 614 866 in
633 806 690 866 hac
710 809 809 885 parte!
844 807 848 813 '
1178 800 1181 805 ⁴

178 910 270 971 Haud
283 928 359 983 raro,
372 921 403 971 et
415 913 584 989 praesertim
598 914 636 973 ab
649 913 732 972 initio
745 913 810 973 libri
829 914 913 986 tertii,
928 914 1047 974 nonnisi
1060 915 1134 974 inter
1147 914 1291 974 Alitlriam

136 1026 168 1076 et
181 1015 345 1076 Phronesin
358 1035 455 1079 sermo
469 1029 521 1091 est,
536 1018 657 1079 Pseuste
673 1037 727 1097 per
739 1018 858 1097 aliquod
876 1030 992 1098 tempus
1010 1021 1155 1080 silentium
1173 1031 1291 1097 agente.

136 1121 274 1201 Exempli
291 1124 384 1200 gratia
401 1124 440 1183 ab
458 1125 540 1184 initio
554 1125 618 1183 libri
637 1127 731 1202 quarti
744 1106 892 1203 usquead
906 1125 996 1185 finem
1010 1127 1111 1202 capitis
1126 1129 1144 1185 8
1159 1125 1291 1188 Pseustis

137 1229 283 1290 silentium
297 1230 425 1303 obtinet;
445 1248 546 1290 verum
556 1231 606 1290 ubi
620 1229 658 1290 ad
672 1231 850 1308 colloquium
860 1231 934 1290 redit
946 1232 1039 1305 (initio
1050 1233 1151 1310 capitis
1162 1235 1204 1308 9),
1215 1231 1291 1293 haec

137 1337 226 1397 verba
240 1334 323 1395 iacit:
345 1334 486 1412 ‘Propter
499 1335 641 1409 stultitias,
656 1355 729 1413 quas
743 1338 855 1408 ebullis,
866 1356 919 1415 per
932 1348 1048 1415 tempus
1061 1355 1124 1398 nou
1137 1338 1291 1398 modicum

137 1441 297 1501 dormitm:
339 1440 400 1502 Sed
412 1441 504 1502 modo
518 1453 635 1519 oportet
652 1461 700 1503 me
714 1443 831 1520 vigilare
845 1443 1003 1522 paululum,
1018 1444 1057 1503 ad
1074 1443 1137 1504 illas
1152 1444 1291 1506 stultitias
1319 1435 1322 1441 ⁴

138 1546 374 1624 reprobandum!
416 1547 472 1608 Cui
494 1547 652 1608 Phronesis
676 1549 756 1609 bunc
780 1550 819 1615 in,
833 1550 956 1610 modum
977 1550 1153 1628 respondet:
1187 1550 1291 1611 ‘Con-

139 1653 247 1725 sider0,
261 1654 344 1730 quod
356 1653 444 1712 nimis
458 1653 617 1731 sophistice
631 1661 664 1713 ut
675 1655 767 1731 vulpes
782 1655 927 1732 titfideh'ter
941 1654 1116 1716 dormriartti’

148 1784 151 1789 ·
179 1758 260 1818 Alius
277 1776 346 1818 vero
360 1758 469 1819 Alithia
488 1760 553 1836 ipsa
573 1758 708 1821 ‘fratrem
729 1760 905 1821 Phronesin'
926 1771 1020 1839 rogat,
1041 1771 1073 1821 ut
1094 1766 1207 1822 ‘cesset
1232 1761 1291 1822 liti·

137 1863 223 1942 gn'osa
243 1867 392 1925 contentio
407 1865 536 1926 Pseustis
556 1868 658 1939 nostri,
677 1877 707 1927 ct
720 1867 916 1944 procedamus
933 1886 986 1946 per
999 1868 1145 1927 ordinem’
1160 1867 1215 1928 lV.
1232 1886 1291 1944 ¹¹3

137 1978 168 2031 et
185 1970 255 2031 inde
275 1974 313 2030 ab
335 1971 392 2032 isto
419 1971 487 2032 loco
515 1972 666 2049 usquead
691 1974 792 2049 capitis
816 1975 851 2031 16
881 1974 971 2032 finem
996 1972 1060 2033 sola
1081 1972 1189 2032 Alithia
1218 1992 1291 2036 cum

136 2074 279 2136 Phronesi
295 2077 477 2154 colloquitur,
492 2079 530 2137 ab
543 2079 625 2137 initio
640 2078 742 2156 capitis
759 2091 794 2154 η
810 2078 938 2139 Pseustis
952 2079 1056 2139 itemm
1069 2080 1158 2138 verba
1171 2079 1252 2139 iacit.

180 2180 240 2243 Ubi
258 2200 327 2242 vero
346 2183 455 2242 Alithia
473 2183 538 2244 sola
556 2201 624 2243 cum
642 2183 786 2244 Phronesi
807 2184 989 2263 colloquitur,
1003 2204 1050 2246 res
1068 2187 1109 2246 ita
1127 2204 1159 2245 se
1173 2185 1292 2248 babere

139 2288 223 2361 solet,
237 2300 269 2349 ut
282 2289 391 2349 Alithia
404 2292 506 2368 paucis
521 2292 681 2369 interroget
691 2302 777 2369 atquc
792 2293 1013 2353 instructionem
1028 2292 1180 2360 desideret,
1195 2292 1291 2355 Phro-¹

139 2396 218 2456 uesis
237 2413 305 2454 vero
326 2397 410 2473 quasi
434 2414 452 2455 e
466 2395 603 2457 cathedra
616 2398 729 2458 docens
742 2398 833 2458 multa
854 2400 984 2469 disserat,
999 2418 1046 2459 res
1059 2400 1105 2458 via
1125 2417 1159 2458 ac
1174 2401 1291 2462 ratione

139 2501 314 2578 explicando
322 2521 331 2575 3
352 2503 413 2563 sive
426 2502 585 2566 Phronesis
603 2505 743 2582 magistri,
758 2505 867 2569 Alithia
885 2507 1019 2584 discipuli
1034 2505 1238 2566 admirabuudi
1252 2526 1291 2570 ac

139 2607 242 2669 docilis
255 2619 352 2687 partes
366 2619 441 2687 agat

691 2897 739 2967 D.

179 3043 272 3103 Porro
286 3044 398 3120 quidde
407 3054 484 3120 opere
496 3045 553 3120 qoso
555 3044 742 3121 judicandum
756 3044 801 3115 sil,
815 3042 973 3105 videamus.

181 3149 353 3226 Trialogum
376 3151 415 3209 ab
439 3152 541 3209 amicis
564 3160 594 3209 et
615 3149 762 3227 discipulis
783 3149 889 3209 Wiclili
910 3158 979 3227 post
1003 3149 1066 3225 ejus
1093 3148 1208 3208 obitum
1236 3165 1291 3224 per

138 3257 269 3334 quinque
283 3257 427 3316 decennia
436 3256 556 3314 maximi
570 3254 701 3316 habitum
715 3265 744 3315 et
757 3273 874 3316 summo
889 3274 957 3315 cum
971 3254 1067 3316 studio
1083 3254 1291 3330 perlustratum

139 3380 213 3435 esse,
237 3363 301 3423 libri
324 3381 415 3423 manu
438 3363 556 3434 exarati,
580 3363 631 3439 qui
656 3379 733 3440 opus
756 3360 835 3422 istud
856 3362 1003 3431 exhibent,
1028 3361 1195 3421 testimonio
1221 3370 1292 3420 sunt

138 3468 375 3528 luculentissimo,
417 3466 531 3528 Omnes
544 3469 624 3527 enim
638 3477 724 3527 notas
737 3468 861 3544 margini
874 3468 1035 3543 adscriptas
1050 3465 1168 3537 habent,
1181 3467 1293 3543 quibus

139 3573 277 3633 materiae
298 3574 328 3631 iu
348 3571 496 3649 colloquio
517 3573 675 3650 expositae,
694 3573 753 3632 loci
771 3583 924 3632 auctorum
942 3575 973 3632 in
994 3582 1074 3631 textu
1095 3571 1298 3645 laudatorum,

140 3678 197 3738 alia
218 3677 425 3755 significantur.
466 3677 604 3738 Ceterum
625 3697 749 3739 numero
770 3689 800 3738 et
819 3680 932 3739 ratione
954 3691 1091 3739 notarum
1111 3695 1187 3737 uuus
1208 3677 1292 3750 liber,

139 3786 230 3864 quem
251 3785 327 3864 siglo
350 3785 379 3844 Α
400 3786 609 3862 insignivimus,
638 3798 752 3848 ceteros
775 3788 865 3864 longe
889 3798 1014 3865 superat.
1056 3786 1208 3846 Praeterea
1230 3796 1293 3849 tres

139 3893 212 3966 libri,
226 3910 303 3970 quos
317 3892 405 3951 literis
419 3890 452 3950 B.
459 3889 492 3951 C.
498 3889 536 3950 D.
551 3893 723 3964 notavimus,
738 3893 848 3953 indices
862 3893 970 3953 habent
986 3911 1083 3953 rerum
1096 3893 1128 3951 in
1147 3891 1292 3970 Trialogo

139 3998 350 4058 declaraturum
384 3996 566 4074 alphabetico
597 3997 700 4056 ordine
735 3999 925 4075 compositos.
981 3997 1081 4057 Brevis
1115 4007 1160 4056 est
1200 3996 1292 4058 iudex

138 4104 204 4164 libri
231 4104 270 4176 D,
295 4106 473 4182 aliquantum
501 4104 641 4183 prolixior
661 4104 749 4165 index
770 4105 834 4165 libri
855 4104 897 4179 B;
933 4105 1169 4182 copiosissimum
1191 4113 1292 4166 autem

142 4210 268 4273 indicem
289 4223 318 4272 et
338 4231 390 4290 per
415 4215 450 4272 18
472 4212 541 4274 iulia
553 4223 740 4291 protractum
764 4214 836 4274 liber
857 4212 882 4274 C
903 4213 1029 4275 exhibet.
1071 4212 1131 4273 Vin
1157 4230 1291 4291 unquam
