2864 4836
496 466 837 530 TRIALOGUS.

94 616 273 780 Zfidem
255 628 360 686 suam?
395 627 457 688 Ista
480 641 552 706 ergo
577 640 623 690 est
646 629 774 691 haeresis
794 630 924 704 fratrum,
948 650 1038 709 quam
1062 633 1198 711 blasphe-

127 723 273 786 mando
265 743 296 784 ιιι
314 744 422 804 papam
441 736 472 788 et
490 737 601 789 ceteras
619 738 716 806 partes
735 728 875 791 ecclesiae
895 731 984 792 nimis
997 732 1048 792 diu
1062 729 1201 792 fidelibus

94 811 120 888 i
130 821 330 887 occultarunt

537 1136 635 1199 CAP.
657 1137 803 1200 XXVIII.

301 1279 347 1341 De
348 1281 488 1361 fratrum
501 1283 678 1345 moedus:
701 1304 728 1345 a.
741 1294 823 1362 super
836 1285 1037 1346 mmdviatsm.

113 1431 118 1437 '
145 1450 150 1457 ·
180 1424 300 1488 ΑΙιῖΙιία,
341 1429 441 1491 Frater
461 1430 628 1503 Phrenesis,
649 1431 687 1491 de
710 1431 766 1491 ista
789 1431 911 1490 materia
933 1433 1003 1492 satis
1028 1431 1125 1492 dixisti
1150 1449 1197 1491 su·

136 1527 245 1604 penius,
260 1526 313 1587 sed
327 1529 431 1588 vellem
445 1529 527 1605 quod
541 1529 572 1586 de
586 1528 918 1608 maianomstatrum
931 1529 1040 1606 aliquid
1053 1530 1196 1590 ecclesiae

138 1618 248 1685 Christi
266 1627 447 1686 ostenderes.
488 1625 612 1685 Videtur
631 1626 711 1684 enim
729 1627 835 1696 multis,
854 1626 935 1703 quod
955 1625 1087 1686 Christus
1105 1625 1197 1687 taliter

138 1723 326 1795 mendicavit,
340 1735 369 1783 et
383 1734 495 1782 certum
515 1733 561 1782 est
581 1723 662 1800 quod
683 1741 770 1800 super
790 1723 1005 1783 mendicatione
1025 1724 1194 1802 hujusmodi

139 1818 260 1880 fratrum
285 1823 387 1897 religio
409 1831 454 1880 est
478 1820 608 1880 fundata.
649 1820 688 1881 Et
708 1819 779 1881 ista¹
799 1821 900 1897 opinIo
921 1821 959 1881 de
981 1821 1195 1883 mendicatione

139 1920 248 1980 Christi
262 1921 374 1979 videtur
391 1937 428 1979 eo
447 1919 612 1991 coloratior,
627 1936 687 1997 quo
706 1920 737 1978 in
758 1918 872 1997 psalmo
892 1919 930 1979 de
945 1918 1063 1979 Christo
1083 1919 1194 1991 dicitur,

138 2019 221 2098 quod
232 2017 411 2078 Ischarioth²
425 2021 632 2095 ‘persequutus
642 2017 793 2077 hominem
807 2018 928 2094 inopem
941 2027 971 2078 ct
980 2017 1165 2077 mendicurn⁸
1172 2018 1193 2092 ;'

139 2127 169 2178 et
182 2126 214 2176 ut
233 2119 336 2177 beatus
349 2114 453 2175 Petrus
472 2116 582 2188 asserit,
597 2115 725 2175 Actuum
739 2116 843 2192 primo,
858 2116 912 2175 ista
930 2114 1086 2193 prophetia
1099 2115 1195 2175 David

139 2215 179 2275 de
192 2214 310 2275 Christo
324 2224 353 2274 et
372 2213 536 2273 Ischarioth
557 2212 610 2273 suit
629 2213 713 2274 dicta
756 2212 821 2272 Nec
835 2213 947 2273 videtur
966 2213 1097 2274 sufficere
1115 2214 1197 2290 quod

141 2312 274 2373 Chnmus
298 2312 474 2372 mendicavit
499 2312 595 2371 solum
619 2312 650 2370 in
674 2312 813 2370 memb1is
838 2312 906 2383 suis,
930 2312 1000 2388 quia
1022 2312 1134 2372 certum
1153 2321 1198 2371 est

140 2410 224 2489 quod
237 2411 367 2488 psalmus
378 2411 504 2487 loquitur
515 2411 552 2470 de
564 2427 690 2486 persona
700 2407 817 2479 Christi,
828 2427 918 2486 quam
931 2408 1094 2469 ischarioth
1105 2409 1198 2469 taliter

141 2509 236 2567 luerat
249 2516 426 2583 persecutus.

184 2605 346 2665 Pleromati.
388 2603 458 2664 Dixi
476 2605 546 2665 alias
565 2605 596 2664 in
615 2605 715 2682 lingua
733 2603 893 2682 multiplici,
912 2603 1066 2681 quomodo
1084 2605 1197 2665 mendi·

143 2704 221 2763 catio
233 2703 294 2762 est⁴
313 2703 382 2762 satis
400 2703 568 2780 aequivoca,
583 2705 658 2764 sicut
677 2703 779 2762 oratio.
821 2703 929 2779 Aliqua
946 2704 1027 2762 enim
1045 2714 1089 2763 est
1103 2703 1197 2763 innui-

143 2802 210 2872 tiva,
225 2798 334 2880 (aliqua
354 2800 433 2859 enim
454 2811 500 2861 est
512 2799 704 2880 insinuitiva⁵l
719 2810 749 2860 et
762 2801 859 2878 aliqua
872 2801 1087 2871 declamatoria,
1102 2801 1198 2880 ah'qua

141 2901 230 2961 etiam
255 2908 299 2959 cst
323 2899 499 2959 mendicatio
525 2918 543 2959 a
567 2900 631 2960 solo
652 2899 728 2972 Deo,
749 2909 778 2959 et
803 2899 858 2958 alia
882 2899 941 2959 est⁶
961 2900 1138 2959 mendicatio
1158 2901 1197 2959 ab

141 2999 270 3060 homine.
311 2995 399 3056 Unde
418 2996 488 3057 alias
508 2998 647 3075 descripsi
665 2996 920 3068 mendicationem,
936 2998 1017 3074 quod
1036 3007 1081 3057 est
1095 2999 1195 3075 petitio

141 3095 228 3172 egeni
251 3112 307 3172 pro
334 3094 513 3154 eleemosina
541 3094 695 3170 corporali,
720 3111 792 3170 pure
816 3094 898 3153 titulo
922 3093 1136 3153 misericordiae
1160 3094 1199 3154 ad

142 3213 227 3256 suam
247 3194 394 3271 egentiam
414 3193 600 3253 relevandam
611 3213 619 3266 ;
648 3203 678 3252 et
699 3192 741 3252 sic
756 3191 888 3252 Christus
909 3193 1083 3252 mendicavit
1096 3193 1198 3252 huma-

142 3292 220 3352 nitus
243 3311 261 3350 a
279 3292 422 3351 Trinitate
443 3301 473 3351 et
493 3308 546 3368 per
565 3306 750 3366 consequens
768 3307 787 3348 a
806 3307 837 3349 se
856 3291 930 3366 ipso,
946 3308 1013 3349 cum
1033 3289 1104 3350 dixit
1118 3290 1195 3349 Patri

115 3428 117 3430 -
141 3391 308 3450 orationem
328 3388 525 3460 Dominicam,
552 3407 641 3466 quam
669 3388 807 3447 fundavit
857 3386 896 3445 Et
923 3397 954 3446 ut
982 3405 1068 3464 saepe
1097 3389 1198 3447 asserit

142 3487 323 3564 Augustiana
341 3486 377 3546 in'
389 3485 435 3546 De
453 3487 545 3546 verbm
565 3486 692 3557 Donuiu',
712 3485 839 3562 quilibet,
862 3485 933 3545 dum
952 3495 1015 3544 orat
1035 3485 1197 3544 orationem

142 3585 230 3656 illam,
256 3568 446 3645 necessitatur
469 3603 488 3646 a
510 3584 643 3644 Domino
668 3583 842 3642 mendicare.
894 3581 994 3642 Potest
1018 3592 1117 3641 autem
1141 3582 1198 3643 dici

143 3684 225 3762 quod
240 3682 375 3743 Christus
388 3673 567 3743 mendicavit
581 3682 757 3752 humanitus,
772 3681 824 3740 sed
844 3680 939 3741 solum
952 3681 1089 3740 cirnm'tr've
1106 3698 1125 3739 a
1138 3682 1198 3742 suis

142 3782 288 3854 fratribus,
303 3799 372 3842 cum
394 3781 467 3840 dixit
486 3781 540 3840 illis
561 3780 591 3839 in
613 3779 700 3852 facto,
715 3779 868 3857 quomodo
888 3796 943 3857 pro
964 3796 1064 3838 amore
1083 3779 1198 3839 illomm

142 3881 238 3941 factus
262 3889 306 3940 est
329 3889 390 3940 tam
414 3897 526 3957 pauper
550 3890 580 3939 et
604 3896 725 3956 egenus,
749 3888 781 3937 ut
805 3877 887 3937 Deus
914 3877 984 3936 dicit
1007 3877 1038 3935 in
1061 3878 1197 3955 apostolo

178 4052 186 4082 ¹
203 4048 282 4114 rste]
275 4057 318 4106 ita.
329 4049 368 4101 ed
379 4064 418 4115 pr.
500 4048 510 4078 ¹
526 4048 593 4114 quod
604 4048 757 4114 Ischarioth]
769 4065 819 4098 om.
832 4047 926 4097 A...BC
1028 4040 1085 4096 'cl
1098 4047 1189 4098 Pacis

143 4114 286 4192 (cviii)16.
428 4113 658 4179 est]sit,ed.pr.
738 4110 1103 4178 'aliqua-insinuitiva]haec
1114 4113 1196 4170 verba,

144 4181 192 4231 etsi
204 4181 230 4229 in
246 4180 362 4230 omnibns
378 4179 448 4230 libris
465 4195 542 4229 manu
558 4180 666 4230 exaratis
682 4179 835 4237 exhibemm,
847 4194 894 4245 pro
904 4178 988 4243 glossa
1005 4177 1119 4228 habenda
1131 4186 1196 4230 sunt

143 4248 155 4277 ⁰
170 4245 220 4311 est]
233 4254 270 4297 est
282 4246 365 4304 etiem,
377 4245 406 4296 B.
418 4246 540 4297 secundae
551 4260 646 4296 manus.
