2864 4836
154 355 177 415 4
502 325 956 395 PROLEGOMENA.

156 509 236 560 certe
256 499 423 559 absolutum
443 513 506 556 non
526 513 601 566 esse,
623 494 771 556 Robertus
794 489 940 567 Voughau,
954 488 996 546 vir
1019 484 1205 552 clarissimus,
1230 489 1312 539 recte

156 607 281 683 conjecit
305 603 385 685 (We
408 605 470 663 aud
489 602 622 679 Opsiu'ons
646 598 771 681 ofJohu
795 599 826 657 de
854 595 981 672 ll'ycliffe‚
1000 597 1087 666 1831,
1110 590 1150 649 ΙΙ.
1169 574 1226 663 1¹75
1242 583 1312 664 sq).

158 713 264 789 Neque
279 711 328 769 illo
342 720 456 769 tantum
470 711 500 767 in
514 708 590 779 loco,
606 707 658 767 sed
676 709 781 768 iterum
795 705 850 763 sub
864 688 954 760 finem
967 699 1100 777 ejusdem
1113 695 1238 773 capituli,
1255 711 1312 752 nec

156 835 220 877 non
240 826 308 894 post
322 817 435 874 initium
449 816 553 892 capitis
571 829 606 889 27
623 815 686 873 libri
701 813 803 889 quarti,
823 807 955 887 ejusdem
974 805 1089 865 concilii
1107 803 1219 861 mentio
1233 800 1314 859 sacta

159 935 212 983 est.
254 922 319 982 Nec
334 924 387 981 abs
401 940 432 980 re
446 922 529 981 fuerit
543 921 698 997 conjicere,
712 919 825 987 librum,
841 916 949 992 quippe
963 929 1023 990 quo
1038 910 1194 970 concilium
1208 923 1313 965 mense

160 1029 245 1106 Majo
273 1048 285 1087 r
292 1033 349 1103 382
376 1029 507 1087 habitum
532 1036 787 1096 commemoretur,
812 1034 862 1083 aut
885 1039 964 1082 anno
992 1018 1125 1096 sequenti
1152 1026 1203 1075 aut
1230 1031 1313 1073 anno

161 1136 281 1195 demum
299 1138 385 1210 1384,
400 1136 484 1213 cujus
501 1135 548 1195 die
561 1145 712 1212 postremo
726 1131 860 1192 Wiclisus
881 1138 1007 1188 mortem
1026 1127 1107 1197 obiit,
1122 1138 1313 1183 cousumma-

159 1254 224 1304 tum
238 1262 313 1305 esse.

203 1534 271 1618 Jam
290 1539 327 1599 de
340 1545 501 1616 argumento
514 1538 577 1597 libri
595 1537 736 1597 nonnulla
756 1536 881 1597 dicenda
902 1545 977 1594 sunt.
1021 1531 1178 1608 Trialogus
1199 1528 1316 1589 univer-

162 1667 228 1710 sam
247 1650 411 1709 doctrinam
432 1648 469 1708 de
488 1648 555 1708 Deo
575 1649 720 1724 rebusque
742 1646 844 1705 divinis
866 1647 946 1705 brevi
965 1642 1143 1722 compendio
1168 1641 1208 1700 ita
1229 1657 1316 1699 com·

164 1755 308 1833 plectitur,
330 1765 362 1815 ut
383 1754 623 1815 scholasticorum
647 1772 729 1812 more
752 1753 894 1812 ‘Summa
915 1749 1107 1811 summarum'
1128 1757 1316 1824 nuncupatus

162 1864 209 1933 sit,
224 1861 261 1922 cf.
277 1861 466 1932 Sesamii
482 1860 634 1938 Catalogue
646 1861 730 1940 osthe
741 1859 879 1937 Ore'ge'nal
892 1856 986 1916 Works
997 1852 1112 1935 ‹y'Jolrn
1126 1853 1234 1930 Wycle's,
1242 1852 1316 1914 Oxl.

166 1971 254 2043 1865,
268 1986 298 2046 p.
310 1988 338 2045 9.
380 1967 466 2045 Opus
490 1978 615 2045 quatuor
638 1966 718 2026 libris
738 1975 862 2036 constat,
881 1982 956 2041 quos
979 1980 1041 2021 non
1064 1979 1084 2020 a
1105 1960 1316 2038 posterioribus

163 2075 217 2135 sed
231 2076 270 2134 ab
283 2083 403 2134 auctore
416 2075 483 2150 ipso
498 2074 652 2133 distinctos
666 2089 731 2132 esse
747 2090 794 2130 res
807 2072 872 2147 ipsa
886 2079 1014 2129 testatur.
1056 2066 1133 2127 Cum
1147 2065 1318 2127 Guilelmus

169 2178 318 2251 Woodford
338 2177 376 2237 de
400 2177 502 2237 ordine
526 2177 679 2236 Minorum
703 2177 780 2237 circa
804 2194 915 2235 annum
942 2191 1020 2247 1400
1044 2172 1179 2232 articulos
1203 2169 1317 2247 aliquot

164 2283 291 2363 Joaunis
304 2283 410 2345 Wiclifi
424 2286 618 2369 impugnaret,
633 2284 792 2343 sententias
805 2283 938 2359 Trialogi
956 2280 1034 2340 haud
1048 2297 1158 2359 paucas
1175 2279 1316 2338 librorum

164 2392 352 2467 capitumque
369 2390 498 2449 numeris
520 2400 634 2449 notatas
654 2390 782 2449 recitavit
797 2387 976 2468 (Fasciculus
990 2406 1084 2446 rerum
1100 2385 1317 2461 expetendarum

164 2501 192 2553 et
204 2496 423 2573 sugr'enderum,
447 2495 486 2553 ed.
515 2494 571 2554 Ed.
598 2495 718 2566 Brown,
744 2494 841 2554 Lond.
866 2495 954 2570 1690,
977 2493 1001 2552 1.
1021 2512 1077 2569 190
1092 2489 1159 2570 sq).
1200 2490 1317 2549 Verum

164 2601 254 2661 etiam
274 2612 376 2662 auctor
395 2601 459 2679 ipse
480 2618 543 2660 non
563 2600 654 2661 semel
673 2600 757 2660 locos
777 2601 875 2678 operis
896 2601 1010 2677 priores
1030 2601 1070 2658 ita
1090 2601 1121 2657 in
1140 2598 1317 2657 memoriam

166 2718 293 2779 revocat,
313 2719 345 2768 ut
364 2717 414 2766 sut
432 2707 537 2766 librum
556 2717 606 2766 aut
624 2707 712 2766 etiam
729 2706 863 2782 capitula,
880 2707 985 2783 quibus
1005 2705 1135 2783 singulae
1154 2704 1317 2765 sententiae

165 2813 317 2888 expositae
334 2813 400 2885 sint,
419 2813 570 2890 significet.
611 2811 747 2890 Exempli
767 2830 856 2872 causa
872 2813 903 2870 in
923 2812 987 2873 libri
1008 2790 1065 2873 111.
1086 2812 1180 2888 capite
1201 2814 1220 2870 8
1241 2809 1318 2871 haec

167 2920 310 2999 legimus:
346 2920 446 2980 ‘recolo
472 2939 514 2980 me
540 2921 650 2979 dixisse
676 2936 711 2978 nr
738 2935 831 2978 muso
859 2935 966 2990 saruc,
994 2919 1075 2996 quod
1101 2919 1210 2989 omnia,
1239 2936 1318 2994 quae

167 3028 314 3098 eveniunt,
335 3027 502 3086 necessario
524 3025 655 3085 absolute
676 3023 829 3089 eveniunt'

208 3132 325 3193 Deinde
343 3133 427 3192 initio
444 3132 547 3209 capitis
568 3144 603 3206 27
620 3131 684 3191 libri
704 3131 756 3191 IV.
771 3131 845 3191 haec
865 3132 974 3209 scripta
995 3131 1175 3191 invenimus:
1216 3129 1322 3191 ‘Druse'

166 3248 266 3300 sutem
288 3240 417 3315 supernus
441 3254 475 3296 nv
502 3253 657 3296 rmncrsro
679 3253 780 3296 nurus
804 3252 920 3306 quanm
945 3253 1004 3295 sss
1026 3253 1133 3296 sovmr
1155 3252 1319 3309 cremum,

166 3355 277 3422 quanta
296 3343 481 3422 blasphemia
500 3352 620 3403 utuntur
640 3342 743 3402 iratres
763 3343 794 3402 in
815 3342 873 3403 hoc
893 3342 1050 3403 venerabili
1071 3342 1274 3402 sacramento!

208 3450 387 3526 Principales
412 3450 511 3527 operis
536 3459 634 3526 partes
658 3448 698 3509 ita
722 3448 880 3525 dispositae
903 3460 979 3521 sunt,
1000 3458 1031 3507 ut
1053 3448 1126 3507 liber
1150 3449 1262 3525 primus
1288 3450 1321 3510 de

168 3551 239 3624 Deo,
261 3554 409 3614 secundus
433 3555 464 3613 de
487 3556 588 3614 mundo
611 3565 687 3631 agat,
707 3553 743 3614 cs.
759 3552 798 3614 11.
818 3572 851 3614 r:
877 3553 1019 3613 ‘Videtur
1038 3564 1106 3631 post
1127 3554 1205 3613 illam
1225 3572 1321 3631 gene·

168 3656 259 3716 ralem
274 3659 448 3717 sententiam
463 3659 570 3719 domm
584 3661 616 3718 de
629 3659 689 3719 Deo
701 3659 884 3737 loquendum
893 3678 958 3720 esse
969 3660 1001 3717 de
1011 3661 1191 3719 universitate
1203 3663 1320 3722 creata!

169 3761 274 3822 Tertio
296 3771 395 3821 autem
415 3761 500 3835 libro,
524 3774 682 3841 postquam
706 3765 744 3825 de
766 3766 917 3825 virtutibus
941 3776 970 3825 et
992 3765 1066 3825 vitiis
1088 3775 1241 3826 tractatum
1263 3778 1321 3841 est,

126 3912 135 3936 ,
168 3869 206 3928 de
231 3876 308 3928 statu
331 3867 516 3927 innocentiae
541 3879 627 3945 atque
652 3870 689 3929 de
714 3871 850 3947 peccatis,
875 3871 913 3931 de
937 3870 1009 3950 Jesu
1034 3871 1151 3933 Christo
1176 3872 1322 3936 salvatore

169 3973 291 4050 ejusque
312 3972 512 4034 incarnatione
532 3974 695 4051 exponitur.
737 3973 851 4049 Quarto
872 3977 1000 4054 denique
1019 3976 1095 4037 libro
1115 3986 1145 4038 et
1165 3977 1203 4037 de
1222 3996 1322 4042 sacra·

170 4079 277 4138 mentis
291 4079 411 4157 singulis
425 4090 454 4140 et
473 4080 510 4141 de
527 4080 668 4142 ecclesiae
683 4083 820 4144 ministris
835 4102 891 4145 nec
905 4102 967 4143 non
981 4084 1018 4144 de
1033 4085 1184 4146 ordinibus
1196 4084 1321 4148 fratrum

171 4185 408 4258 mendicantium,
424 4199 573 4265 postremo
590 4189 626 4251 de
641 4191 728 4251 rebus
742 4191 906 4252 novissimis
921 4191 1024 4268 agitur.
