2864 4836
130 458 240 510 esea
497 447 854 511 TRIALOGUS.

112 602 261 665 -rlnmes
281 604 398 666 scholae
422 609 629 684 praetermitto,
650 621 679 669 et
704 609 774 670 alias
794 611 943 680 vanitates,
964 626 1040 688 quae
1060 619 1201 669 vocantur

133 702 326 777 abtilitates,
336 706 484 778 subticeo;
506 705 618 786 dequo
632 706 758 784 gaudeo.
802 707 870 767 Scio
886 718 984 766 tamen
999 706 1080 784 quod
1094 725 1201 766 arcana

133 797 298 861 &firmitas
318 814 362 862 est
383 801 420 861 de
440 804 600 882 quantitate
620 807 733 864 numeri
754 806 967 876 salvandorum,
988 816 1018 863 et
1038 804 1121 863 Deus
1142 805 1201 862 vult

131 894 240 976 ipaem
263 901 350 960 nobis
370 917 435 960 esse
456 903 669 974 absconditam,
691 905 765 962 sicut
790 903 947 962 adventurn
972 901 1029 961 diei
1047 902 1148 979 judicii
1171 913 1201 960 et

134 997 334 1074 quantitatem
348 1001 491 1076 temporis
502 1000 710 1076 praecedentis.
753 998 980 1060 Venimtamen¹
994 1000 1106 1058 videtur
1127 999 1197 1058 mihi

134 1095 303 1174 probabile,
318 1097 400 1173 quod
413 1108 457 1156 tot
470 1098 605 1157 homines
624 1099 808 1158 salvabuntur
823 1110 894 1175 quot
913 1097 1010 1174 angeli
1024 1098 1199 1168 ceciderunt,

136 1202 171 1254 et
185 1204 263 1271 quot
276 1193 411 1254 homines
429 1204 523 1255 stante
542 1214 579 1254 ex
594 1197 708 1272 integro
727 1205 802 1255 statu
817 1197 1002 1255 innocentiae
1019 1207 1201 1267 crearentur3

136 1302 169 1352 et
195 1292 240 1350 sic
263 1293 419 1352 occasione
444 1304 566 1371 accepta
590 1312 627 1352 ex
651 1293 708 1352 Dei
732 1295 825 1370 gratia
848 1303 909 1352 tam
931 1303 1086 1370 peccatum
1111 1293 1197 1371 primi

138 1389 241 1464 angeli
266 1407 354 1465 quarn
376 1400 532 1467 peccatum
555 1392 640 1467 primi
665 1391 793 1451 hominis
816 1391 885 1450 fecit
906 1392 1027 1450 bonum.
1077 1390 1201 1450 Videtur

138 1487 223 1547 enim
235 1486 339 1546 decere
349 1487 448 1547 Deum
458 1488 639 1548 Dominum²
650 1489 847 1566 magnificum,
859 1489 941 1566 quod
951 1488 998 1546 illa
1009 1487 1143 1548 coelestis
1155 1487 1196 1546 ci·

140 1584 216 1644 vitas
226 1583 302 1643 ultra
311 1586 424 1644 ruinam
435 1586 562 1646 tantam⁸
575 1605 612 1645 ex
623 1597 746 1663 peccato
757 1587 795 1645 ad
806 1587 909 1646 melius
924 1585 1104 1656 reformetur,
1116 1596 1146 1645 et
1157 1586 1200 1645 sic

141 1692 216 1760 quot
231 1681 347 1742 fuerunt
360 1685 476 1761 spiritus
491 1685 579 1743 creati
593 1686 623 1743 in
638 1685 740 1744 mundi
754 1685 906 1762 principio,
921 1694 950 1742 et
969 1693 1042 1760 quot
1061 1683 1197 1742 homines

142 1780 174 1839 in
187 1789 265 1840 statu
283 1781 469 1841 innocentiae
487 1783 678 1859 producendi,
693 1793 738 1841 tot
757 1791 841 1839 erunt
860 1782 977 1856 spiritus
997 1799 1034 1838 err
1052 1781 1200 1839 creatione

142 1878 300 1938 bominum
314 1879 472 1938 coelestem
489 1880 600 1939 curiam
619 1881 805 1956 integrantes.
846 1879 886 1936 Et
899 1879 941 1936 sic
955 1879 1056 1954 generi
1070 1878 1201 1936 humano

143 1975 339 2053 multipliciter
356 1979 452 2036 evenit
470 1979 584 2036 bonum
597 1978 754 2037 occasione
769 1978 881 2054 peccati
895 1977 1085 2053 pergratiam
1100 1974 1200 2034 Salva-

143 2074 224 2133 toris.
266 2072 305 2132 Et
329 2085 408 2151 patet
431 2075 462 2133 in
486 2085 567 2152 parte
592 2074 698 2135 solutio
721 2075 760 2134 ad
780 2076 894 2135 tertiam
917 2086 998 2133 tuam
1023 2074 1201 2148 instantiam,

144 2186 262 2248 semper
289 2172 432 2231 servando
457 2172 525 2231 Deo
552 2190 659 2232 arcana
686 2191 757 2233 suae
784 2173 913 2244 notitiae,
938 2183 970 2231 ut
994 2173 1045 2250 qui
1073 2183 1102 2232 et
1129 2182 1202 2249 quot

144 2267 282 2328 homines
308 2269 502 2340 salvabuntur,
527 2271 577 2348 qui
605 2281 634 2329 et
661 2282 733 2349 quot
760 2272 897 2331 homines
920 2271 1147 2342 damnabuntur,
1172 2281 1202 2329 et

144 2375 287 2444 quantum
307 2369 359 2426 erit
377 2368 517 2445 gaudium
536 2370 698 2441 beatorum,
718 2379 767 2428 aut
781 2371 832 2447 qui
850 2369 989 2428 homines
1011 2369 1049 2428 ad
1073 2368 1201 2446 aequali-

143 2474 234 2525 tatem
248 2465 421 2542 angelorum
435 2467 481 2526 vel
496 2468 775 2544 supereminentiam
789 2477 982 2526 assumentur:

559 2875 654 2937 CAP.
677 2877 789 2937 XXIX.

324 3032 457 3093 ciratus
470 3052 560 3092 omnes
573 3043 600 3093 et
611 3034 733 3094 homrires
743 3043 769 3092 et
781 3036 891 3111 angelos
905 3043 1026 3110 superat.

186 3177 309 3239 Alr'thrir.
351 3181 451 3241 Placet
464 3183 501 3241 de
515 3183 571 3241 ista
589 3183 732 3242 sententia
750 3193 779 3241 et
798 3183 960 3258 specialiter
973 3182 1042 3258 quia
1061 3199 1158 3240 servas
1173 3191 1201 3239 te

144 3279 177 3337 in
190 3277 329 3340 limitibus
343 3281 551 3358 ignorantiae⁴,
571 3280 690 3339 fatendo
704 3281 849 3338 humiliter
863 3280 945 3356 quod
964 3281 1092 3354 ignoras.
1141 3275 1201 3335 Sed

144 3394 238 3435 unum
257 3377 369 3437 videtur
388 3378 468 3450 mihi,
489 3389 517 3436 te
537 3377 689 3437 manifeste
711 3379 840 3446 innuere,
862 3376 942 3454 quod
962 3375 1049 3452 Jesus
1067 3375 1201 3435 Christus

144 3472 229 3533 Deus
253 3486 282 3534 et
304 3475 395 3535 homo
420 3475 534 3534 excedit
558 3476 704 3534 infinitum
730 3492 791 3534 non
816 3474 912 3533 solum
937 3491 1042 3532 omnes
1066 3473 1201 3532 homines

146 3573 200 3632 sed
210 3591 315 3633 omnes
329 3574 447 3633 ordines
462 3575 649 3652 angelomm;
672 3573 744 3631 etin
759 3572 815 3630 hoc
830 3571 972 3630 debemus
983 3588 1088 3630 omnes
1099 3570 1201 3629 fratres

145 3671 192 3729 sui
215 3671 343 3748 gaudere
368 3683 397 3731 et
420 3673 547 3732 exultare
570 3670 792 3750 quodammodo
818 3669 945 3741 infinite;
979 3688 1015 3726 ex
1040 3669 1098 3728 hoc
1123 3670 1201 3727 enim

145 3769 290 3828 habemus
303 3771 400 3829 bonos
418 3771 540 3846 angelos
554 3771 701 3846 adjutores
716 3780 744 3827 et
759 3769 853 3826 malos
872 3768 993 3843 angelos
1008 3768 1094 3826 velint
1108 3767 1202 3826 nolint

145 3865 252 3926 utiliter
277 3869 444 3939 servientes,
465 3878 495 3927 et
516 3868 661 3927 infinitum
686 3866 750 3944 plus
772 3884 860 3943 quam
886 3884 1019 3924 enarrare
1044 3865 1203 3924 sufficimus

144 3964 286 4041 gaudium
300 3965 447 4025 libertatis

179 4114 187 4143 ¹
205 4112 386 4177 verumtamen]
399 4129 476 4163 unum
488 4120 578 4169 tamen,
589 4112 627 4162 ed.
640 4128 676 4177 pr.
768 4112 777 4139 ²
794 4111 876 4160 Deum
889 4109 1039 4173 Dominum]
1052 4125 1101 4157 orn.
1113 4109 1152 4158 ed.
1165 4124 1202 4173 pr.

144 4180 154 4208 ³
171 4178 281 4242 tantam]
294 4187 428 4234 causeum,
441 4178 474 4226 D,
649 4177 657 4205 ⁴
674 4176 841 4242 ignorantiae]
853 4174 1008 4240 ignorantiae
1020 4174 1160 4231 servandae,
1174 4175 1202 4223 B.

144 4244 275 4300 secundae,
288 4244 350 4293 A.C.
362 4244 456 4309 primae
467 4258 561 4293 manus.
