2864 4836
120 336 126 401 1

186 435 250 506 372

141 594 255 631 umbo

139 757 286 881 ,gru

121 1072 125 1101 1

596 414 851 496 JOANNIS
893 414 1131 478 mom
1313 439 1381 476 m.

329 583 474 642 caritatis?
505 580 625 653 omittas
637 580 742 639 abusus
755 579 876 639 fratrum
886 591 940 650 est,
951 581 1043 657 quod
1054 583 1196 640 omnino
1211 582 1380 640 subvertente

329 680 462 740 ordinem
482 680 607 739 caritatis
627 679 693 755 plus
714 689 814 737 amant
833 678 963 737 honores
982 690 1016 738 et
1031 679 1122 739 lucra
1144 679 1300 739 mundana
1314 691 1379 753 qmn

328 780 410 855 ipsos
428 778 573 848 homines,
588 778 714 838 zelantes
730 795 782 855 per
795 775 868 836 haec
887 776 988 835 media
1007 778 1053 836 ad
1074 778 1220 838 bonores
1241 776 1380 836 mundam

328 889 357 934 et
375 876 604 954 implicationes¹
619 893 687 934 cum
702 874 809 945 seculo,
824 886 928 934 contra
941 874 1047 951 legem
1062 875 1184 936 Christi
1197 897 1215 935 2
1229 872 1379 938 innotui.

330 979 436 1033 ‘nemo
457 974 582 1033 militans
602 973 669 1032 Deo
693 972 823 1050 implicat
846 990 879 1032 se
899 972 1032 1048 negotiis
1059 973 1274 1034 seculanbus'
1312 968 1380 1043 Quot

328 1073 353 1131 si
374 1072 475 1132 iratres
494 1071 566 1131 haec
585 1070 703 1143 iaciunt,
721 1070 866 1148 judioent²
883 1088 952 1129 cum
971 1071 1096 1130 mundo
1117 1072 1160 1131 de
1183 1073 1249 1132 suis
1269 1069 1380 1148 operrbttt

327 1188 396 1230 vero
418 1171 552 1247 judicio⁸.
605 1170 636 1229 Si
660 1171 740 1229 enim
763 1181 883 1247 propter
906 1168 1039 1228 bonores
1066 1170 1117 1228 vel
1140 1170 1232 1230 lucra
1255 1167 1380 1228 mundam

328 1265 496 1328 adulantur⁴
509 1280 663 1346 parcentes
683 1269 793 1328 veritati
813 1267 983 1337 catholicae,
1001 1283 1069 1326 non
1092 1268 1234 1329 dicendo
1254 1267 1321 1328 illis⁰
1333 1267 1380 1325 sine

328 1368 510 1427 simulatione
533 1368 680 1426 veritatem
703 1367 901 1443 evangelicam
925 1375 986 1424 tam
1010 1366 1043 1423 in
1069 1369 1236 1444 prosperis
1259 1364 1380 1445 quam'n

329 1466 465 1535 adversis,
481 1465 546 1542 quis
563 1465 675 1524 dubitat
688 1465 760 1542 quin
778 1464 899 1524 latenter
917 1472 946 1521 et
964 1462 1149 1523 abscondite
1170 1462 1380 1525 descendentis

329 1563 425 1622 lacum
454 1563 558 1622 inferni
583 1573 703 1640 propter
730 1561 935 1622 exaltationem
962 1562 993 1619 in
1022 1561 1154 1620 seculo?
1207 1561 1381 1641 Emgetm

329 1661 408 1718 enim
429 1660 516 1719 docet
536 1661 607 1720 nos¹
620 1661 693 1720 tales
714 1661 900 1737 magistratus
912 1658 957 1717 vel
977 1661 1212 1735 praeposituras
1232 1679 1296 1720 non
1308 1675 1380 1737 appe

330 1769 399 1829 tere,
415 1777 470 1818 nec
491 1758 643 1818 hominem
664 1776 696 1818 se
715 1758 840 1835 negotiis
860 1756 1039 1816 secularibus
1060 1757 1244 1834 implicem
1272 1755 1380 1836 quods‘

329 1855 431 1916 fratres
458 1855 568 1916 faciunt
596 1858 718 1915 omnino
743 1855 922 1933 oppositum,
947 1872 1009 1914 non
1034 1856 1244 1933 percipientes
1271 1857 1380 1933 aliquem

331 1955 500 2014 tractatum¹
514 1955 650 2015 secularis
664 1955 783 2031 negotii,
798 1971 858 2031 quo
871 1970 940 2012 cum
953 1951 1118 2012 velatione⁰
1132 1973 1210 2015 suae
1231 1955 1381 2033 aposta&

330 2072 391 2113 non
420 2064 544 2130 possunt
571 2052 700 2112 colorate
727 2053 918 2112 intromittere
942 2051 1014 2127 quin
1039 2051 1171 2111 subdole
1203 2072 1238 2114 se
1263 2054 1381 2130 ingerunt

329 2153 424 2227 magis
438 2151 556 2226 legistis,
571 2151 636 2227 quis
657 2150 770 2209 dubitat
789 2150 861 2226 quin
881 2148 1015 2208 diabolus
1034 2147 1154 2209 laboret
1173 2152 1209 2211 in
1230 2151 1296 2223 illis,
1309 2167 1380 2210 mun·

246 2282 268 2308 u·
330 2250 401 2308 dum
426 2249 456 2306 in
483 2249 542 2308 suis
566 2248 712 2308 versutiis⁰
736 2246 888 2307 diabolicis
909 2245 1107 2306 involvendo?
1153 2245 1271 2308 Sextus
1292 2249 1383 2308 atum

232 2405 256 2430 Μ
329 2345 448 2405 fratrum
462 2345 518 2404 et¹⁰
536 2347 681 2422 pessimus
700 2355 756 2405 stat
774 2346 805 2403 in
824 2344 1007 2404 simulatione
1024 2343 1267 2419 confessionum,
1287 2347 1381 2424 quibus¹

248 2446 270 2470 ¹⁰
330 2463 382 2520 per
391 2444 520 2503 infinitos
529 2443 707 2504 Maeandros
715 2441 911 2520 blaspheme¹¹
919 2442 1054 2501 simulant
1062 2444 1382 2519 quodconfessosmos

329 2555 454 2617 purgent
475 2554 503 2600 et
521 2544 642 2600 omnino
661 2542 769 2602 iaciant
787 2541 915 2600 mundos
936 2558 954 2599 a
973 2540 1089 2600 macula
1103 2558 1170 2617 quo
1185 2541 1225 2601 ad
1241 2542 1340 2602 Deum
1353 2560 1382 2600 er

328 2653 515 2717 praesumpta
536 2640 695 2698 antichristi
717 2641 855 2715 potentia,
877 2639 941 2716 lege
963 2649 991 2697 et
1012 2638 1216 2699 satisfactione
1240 2639 1383 2701 Domini¹⁰

328 2741 553 2814 praeterrnissis;
584 2749 612 2796 et
634 2757 701 2797 curn
723 2739 769 2796 illa
790 2738 901 2796 cautela
925 2737 1051 2796 zelantes
1072 2755 1128 2813 pro
1151 2738 1237 2798 lucro
1258 2739 1381 2817 magistri

309 2860 312 2915 5
328 2837 370 2894 sui
392 2836 499 2894 diaboli
519 2837 634 2895 trahunt
648 2838 734 2894 nimis
749 2837 853 2894 multas
868 2837 979 2895 animas
999 2836 1036 2894 ad
1056 2835 1213 2895 infernum.
1260 2838 1293 2897 Si
1310 2841 1381 2897 enim

309 2918 509 3001 {conversatio
528 2937 671 3011 justonrm
694 2945 812 3011 propter
834 2935 905 3010 legis
927 2944 955 2992 et
976 2935 1050 2991 vitae
1071 2935 1283 2994 rectitudinem
1301 2939 1337 2995 sit
1356 2938 1381 2994 in

308 3012 311 3121 1
328 3033 424 3102 coelis,
440 3052 491 3108 per
511 3034 608 3091 locum
623 3051 641 3091 a
655 3032 807 3091 sufficienti
822 3032 968 3090 contrario
984 3043 1028 3090 est
1047 3032 1154 3090 borum
1175 3031 1301 3092 fratrum
1316 3052 1380 3093 con·

308 3133 450 3207 (versatio
476 3132 504 3188 in
526 3131 657 3201 insern0;
688 3130 755 3189 ideo
778 3129 1015 3189 consonantius¹⁸
1035 3129 1139 3188 dicitur
1160 3131 1245 3206 quod
1269 3133 1380 3192 trahunt

326 3230 364 3287 ad
379 3230 501 3287 Tartara
516 3247 604 3303 quam
624 3228 704 3305 quod
726 3230 849 3286 mittunt.
892 3229 930 3285 Et
944 3227 1023 3303 quod
1045 3229 1209 3304 pessimum
1230 3241 1276 3288 est
1298 3249 1381 3308 super

326 3328 426 3383 omnia
450 3326 504 3384 ista
528 3324 692 3394 duodecim,
719 3326 860 3384 seducunt
885 3325 1043 3402 capitaliter
1068 3324 1214 3401 populum
1241 3327 1272 3384 in
1299 3330 1380 3387 bonis

307 3444 310 3535 p
326 3423 530 3500 spiritualibus,
546 3425 595 3499 qui
611 3434 719 3482 temere
735 3425 776 3481 eis
792 3423 917 3482 credit¹⁰.

360 3613 367 3640 ¹
386 3620 409 3659 et
422 3611 610 3678 implicationes]
625 3612 657 3660 ad
673 3612 860 3676 implicationes,
874 3614 921 3667 A.;
943 3611 976 3661 sd
990 3611 1221 3675 multiplicationes,
1234 3614 1280 3669 B.;
1302 3616 1378 3664 etim

326 3674 446 3767 plicantes
454 3693 486 3729 se
494 3678 532 3726 ed.
541 3693 577 3741 pr.
627 3676 773 3741 ¹judicent]
783 3693 833 3726 om
842 3679 873 3726 A.
881 3693 974 3742 primae
981 3678 1104 3733 manus
1155 3678 1216 3727 ’.εἰ
1224 3679 1283 3743 Joh.
1290 3681 1369 3742 vii.24

308 3716 335 3833 i
351 3740 491 3801 adulantur]
502 3742 634 3791 adulintur
644 3743 793 3797 hominibus
806 3744 835 3792 C.
847 3743 886 3792 ed.
898 3759 935 3807 pr.
1120 3742 1209 3808 ⁰illis]
1223 3760 1275 3794 om.
1287 3746 1378 3795 ΑΒΕ

308 3818 311 3941 p
325 3805 410 3868 ⁰n0s]
424 3822 472 3853 orn.
488 3806 570 3856 Ded.
583 3823 618 3871 pr.
684 3807 856 3872 ¹tractatum]
869 3824 918 3856 om.
932 3808 968 3862 B..
981 3807 1227 3871 Apnmaemanus
1306 3812 1378 3874 ¹quo

327 3885 383 3918 cum
392 3870 524 3936 velatione]
514 3873 591 3936 ]cum
601 3888 650 3936 quo
661 3888 716 3922 cum
726 3874 1047 3936 velatione.C.;c1unquo
1060 3887 1116 3921 cum
1127 3873 1237 3938 aliquem
1250 3875 1378 3929 velatione.

307 3904 358 3995 iD.
373 3936 411 3985 ed.
425 3952 461 3999 pr.
573 3938 722 4002 ⁰versutiis]
736 3938 870 3994 blanditiis,
883 3939 911 3987 B.
1023 3939 1042 3969 ¹⁰
1058 3937 1095 4001 et]
1108 3954 1158 3987 om
1173 3940 1212 3990 ed
1227 3955 1282 4005 pr.;
1299 3950 1378 3995 estet

307 4000 353 4067 ’Β
364 4001 484 4050 secundae
491 4016 585 4050 manus
654 4005 671 4033 ¹¹
689 4003 844 4068 blaspheme]
855 4003 1030 4068 blasphemiae
1039 4005 1068 4052 C.
1077 4003 1116 4053 «1.
1126 4020 1165 4068 pr.
1229 4006 1248 4036 ¹¹
1265 4006 1366 4056 Domini

307 4091 310 4119 ι
307 4042 445 4117 Domino
458 4067 489 4114 A.
492 4066 550 4115 B..C
653 4069 670 4098 ¹³
686 4069 873 4133 consonantias]
886 4070 1047 4124 constantius,
1058 4068 1097 4117 ed
1111 4085 1147 4132 pr.
1258 4072 1275 4102 ¹⁰
1292 4072 1366 4121 credit

326 4131 434 4183 credunt
450 4132 476 4180 B.
488 4131 526 4180 ed.
539 4148 574 4196 pr.
