2864 4836
94 360 101 405 Ι

136 441 237 488 (ειη
503 419 845 481 TRIALOGUS.

94 615 100 655 p
139 582 304 641 commisso
330 581 495 642 satisfacere
517 585 682 641 necessario
707 592 775 641 sunt
800 581 966 642 damnandi.
1009 581 1075 641 Nos
1099 593 1196 641 autem

94 714 99 752 ς
140 677 270 739 dicimus
283 679 347 749 illis,
359 681 440 756 quod
454 680 563 738 nedum
579 690 703 755 possunt
717 679 828 739 auferre
839 681 1010 756 temporalia
1023 681 1061 738 ab
1075 680 1197 740 ecclesia

94 813 98 851 f
141 775 341 836 habitualiter¹
363 778 557 854 delinquente,
573 795 628 836 nec
649 776 745 836 solum
766 778 847 854 quod
868 779 930 835 licet
949 778 1002 836 illis
1023 777 1080 837 hoc
1102 778 1197 837 facere

94 942 96 947 s
142 873 198 934 aed
210 875 292 952 quod
310 875 403 932 debm
420 877 475 933 sub
494 893 591 952 poena
611 875 807 937 damnationis
826 875 988 950 gehennae,
1003 894 1071 933 cum
1091 876 1197 934 debent

94 1012 99 1021 ·
143 971 183 1032 de
197 988 252 1030 sua
265 973 381 1031 stultitia
400 973 549 1049 poenitere
563 983 593 1031 et
613 973 777 1032 satisfacere
796 991 851 1049 pro
871 984 1002 1050 peccato,
1017 991 1077 1049 quo
1092 973 1198 1033 Christi

141 1069 299 1128 ecclesiam
313 1060 502 1130 macularunt.
537 1071 575 1129 Et
589 1071 614 1129 si
626 1072 736 1147 objicis
749 1071 830 1148 quod
841 1071 909 1130 dare
920 1071 992 1130 tales
1006 1071 1199 1130 eleemosinas

141 1166 314 1226 literatorie²
333 1177 362 1226 et
380 1169 549 1227 solemniter
568 1170 771 1245 promiserunt,
792 1169 944 1246 quomodo
964 1187 1035 1245 ergo
1057 1170 1124 1227 licet
1145 1169 1198 1228 illis

141 1263 277 1340 frangere
294 1276 395 1324 votum
417 1267 522 1324 suum?
562 1284 671 1342 quaero
693 1266 853 1338 aPseuste,
873 1269 897 1326 si
914 1268 1023 1325 voverit
1045 1286 1108 1325 non
1129 1268 1198 1325 sub·

141 1363 247 1422 strata³
264 1382 353 1422 causa
374 1363 491 1422 fratrem
512 1382 598 1422 suum
619 1365 761 1434 occidere,
784 1365 926 1440 numquid
947 1364 1034 1422 debet
1055 1364 1132 1421 illam
1153 1364 1197 1420 in-

138 1461 281 1538 justitiam
302 1461 469 1537 adimplere,
487 1463 558 1538 quin
579 1463 676 1537 potius
697 1463 734 1521 de
755 1472 824 1520 voto
845 1462 1007 1537 improvido
1029 1462 1197 1537 poenitere?

142 1557 246 1618 Sinin
270 1561 422 1635 proposito
448 1568 568 1634 quaerat
593 1559 734 1618 discretus
762 1560 899 1618 secularis
927 1558 1074 1629 dominus,
1102 1559 1126 1616 si
1152 1568 1195 1617 tot

142 1666 275 1715 oratores
290 1656 395 1716 habeat
409 1666 482 1732 quot
492 1657 657 1716 sufficerent
670 1676 708 1715 ex
718 1656 786 1715 data
797 1657 976 1715 eleemosina
990 1657 1151 1726 sustentari,
1162 1665 1195 1743 'et

143 1753 265 1812 indubie
279 1753 324 1812 vel
338 1765 453 1830 oportet
471 1755 552 1831 ipsos
570 1755 742 1825 concedere,
757 1754 838 1831 quod
855 1773 892 1812 ex
911 1754 1108 1830 implicatione
1129 1771 1197 1812 cum

143 1851 257 1909 mundo
271 1861 338 1910 sunt
352 1851 390 1911 ad
404 1852 548 1910 orandum
562 1853 685 1924 inutiles,
701 1852 745 1910 vel
762 1853 884 1909 omnino
904 1851 985 1927 quod
1004 1850 1141 1909 deficiunt
1160 1850 1196 1909 de

142 1951 194 2010 illo
214 1969 336 2010 numero
356 1953 442 2011 nimis
461 1952 550 2011 multi.
593 1951 671 2011 Cum
690 1969 760 2028 ergo
781 1970 832 2009 rex
850 1952 967 2010 mittens
986 1951 1144 2009 exercitum
1159 1951 1197 2010 ad

142 2048 311 2108 bellandum
326 2050 356 2108 in
370 2049 494 2108 Francia
508 2050 665 2126 prudenter
678 2059 708 2108 et
722 2047 820 2107 sedule
835 2047 903 2107 facit
917 2047 1059 2106 bellantes
1073 2047 1197 2119 ostendi,

141 2146 300 2222 providens
314 2147 409 2223 quod⁴
421 2148 477 2205 sint
491 2147 629 2223 completi
640 2148 671 2204 in
686 2164 818 2216 numero,
830 2147 861 2204 in
872 2145 1052 2205 valetudinel
1065 2147 1197 2222 corporis

142 2255 172 2302 et
184 2245 281 2315 armis,
297 2255 407 2321 quanto
421 2246 516 2321 magis
531 2245 765 2321 circumspiceret
776 2245 871 2319 magis
888 2245 1007 2303 sollicite
1022 2243 1059 2302 de
1073 2255 1196 2314 oratore,

142 2342 194 2418 qui
209 2341 329 2401 bellaret
343 2351 445 2402 contra
459 2342 608 2401 diabolum
622 2353 651 2401 et
667 2342 720 2402 sibi
736 2341 898 2420 adquireret
912 2360 1035 2418 regnum
1050 2341 1114 2401 Dei.

570 2743 665 2804 CAP.
688 2743 770 2802 XIX.

307 2893 397 2965 Quom
412 2911 480 2950 vera
494 2900 520 2951 el
531 2893 669 2950 salutaris
682 2894 722 2950 sr‘f
732 2894 863 2950 sententia
878 2893 1034 2950 deecclesia

490 2990 682 3066 temporanbus
695 2990 847 3048 liberanda.

184 3139 306 3197 Alr'lhr'n.
348 3138 448 3197 Frater
465 3139 515 3208 mi,
535 3139 604 3197 satis
623 3136 719 3197 dixisti
739 3136 775 3196 de
793 3138 848 3197 ista
867 3139 1009 3197 sententia
1028 3138 1152 3196 clericis⁸
1166 3149 1196 3196 et

142 3236 305 3312 specialiter
329 3232 539 3311 superioribus⁷
560 3234 672 3304 odiosa,
695 3244 724 3292 et
748 3251 784 3292 eo
810 3234 905 3308 magis
928 3250 988 3309 quo
1011 3251 1072 3292 non
1096 3234 1194 3304 doces,

141 3333 296 3409 quomodo
321 3343 371 3392 tua
394 3334 537 3392 sententia
561 3331 637 3391 foret
661 3333 723 3390 sine
744 3331 830 3390 nimis
851 3348 960 3405 magna
981 3331 1195 3406 perturbatione

140 3429 281 3489 ecclesiae
292 3431 453 3506 practisata
489 3429 562 3488 Ideo
576 3427 738 3488 descendas
749 3428 787 3486 ad
798 3428 949 3485 materiam
960 3426 997 3486 de
1012 3437 1194 3489 sacramento

141 3529 329 3599 matrimonii,
343 3527 528 3587 consimilem
542 3527 676 3586 ordinem
692 3524 885 3584 observando.

182 3624 346 3684 Phrenesis.
389 3624 557 3701 Nunquam,
578 3639 669 3694 soror,
686 3622 774 3680 habui
793 3621 920 3698 aliquam
938 3623 1089 3681 materiam
1109 3622 1194 3682 scho-

140 3724 272 3783 lasticam
287 3723 381 3798 magis
396 3722 501 3794 cordi⁸,
516 3722 584 3798 quia
598 3720 709 3779 videtur
728 3719 808 3792 mihi,
822 3719 904 3795 quod
922 3721 1077 3797 praecipue
1096 3721 1195 3780 cedet⁹

175 3869 183 3897 ¹
200 3866 371 3931 habitualiter]
383 3865 593 3923 habitudinaliter,
606 3866 645 3916 ed.
657 3882 694 3931 pr.
843 3864 853 3893 ¹
868 3864 1015 3928 literatorie]
1028 3865 1070 3914 ie.
1082 3865 1158 3914 literis
1170 3873 1195 3915 et

140 3933 310 3983 instnrmentis
320 3933 419 3997 publice
431 3932 552 3981 exhibitis.
694 3933 704 3959 ³
721 3930 856 3994 substrata]
870 3930 1014 3985 substracta,
1027 3931 1088 3978 ΑΒ.
1100 3930 1194 3994 primae

141 4014 238 4054 manus,
250 3998 288 4047 ed.
301 4013 337 4061 pr.
487 3997 496 4024 ⁴
513 3996 592 4060 quod]
604 4005 673 4060 quot,
686 3996 779 4046 A.B.C.
791 3997 829 4045 ed.
841 4011 877 4059 pr.
1016 3993 1026 4022 ⁸
1042 3995 1193 4060 valetudine]

140 4063 293 4118 vanitudine,
305 4063 446 4118 valitudine,
458 4062 514 4111 libri
528 4078 601 4111 manu
613 4063 705 4127 scripti.
805 4061 814 4089 ⁸
831 4059 937 4124 clericis]
949 4060 980 4109 de
992 4059 1094 4116 clericis,
1106 4060 1144 4109 ed.
1156 4077 1192 4124 pr.

140 4129 149 4158 ⁷
167 4128 345 4192 superioribus]
358 4143 386 4177 su
420 4128 561 4183 rbieutibus.
575 4127 634 4176 B.C.
742 4131 751 4154 ¹⁵
769 4126 848 4190 cordi]
861 4141 910 4175 om.
926 4125 953 4175 B.
966 4125 1088 4176 secundae
1099 4141 1193 4175 manus.

140 4193 251 4257 ”cedet]
264 4192 369 4250 cederet,
409 4230 414 4241 .
