2864 4836
136 472 232 510 en„
407 404 411 411 ¹
495 450 850 513 anrroous

138 614 216 676 (dcis
237 633 274 674 ex
296 616 399 674 virtute
423 614 622 675 moderantiae
644 614 822 692 quandoque
848 613 998 672 hominem
1023 610 1128 671 debere
1156 611 1194 671 ad

137 730 283 790 magnam
303 730 430 790 poenam
452 712 583 789 corporis
604 731 657 791 per
670 723 786 790 tempus
806 711 933 772 notabile
954 711 1106 781 abstinere,
1121 710 1194 768 sicut

136 820 224 891 patet
243 810 281 871 de
302 809 416 887 Moyse,
438 810 526 869 Helia
554 818 583 869 et
603 809 728 883 Christo,
750 811 800 888 qui
824 809 1017 887 quadraginta
1040 807 1143 866 diebus
1164 817 1195 865 et

138 908 295 969 noctibus¹
313 909 523 986 jejunaverunt.
566 907 640 980 Quis
665 905 778 968 autem¹
802 907 921 978 dubitat,
946 906 1017 984 quin
1041 905 1097 965 tale
1119 905 1194 982 jeju-

136 1007 225 1066 nium
245 1016 346 1082 posset
366 1006 499 1065 faciliter⁸
516 1007 667 1065 hominem
688 1006 830 1066 ethicum⁴
850 1005 895 1065 vel
913 1004 1044 1066 tisicum³
1060 1000 1193 1063 facere⁶i

137 1103 182 1165 Et
194 1105 238 1164 sic
255 1123 322 1163 cum
336 1105 424 1163 virtus
442 1104 587 1181 reguletur
606 1105 766 1181 prudentia,
780 1114 810 1164 et
823 1103 890 1163 Deo
909 1112 1046 1163 movente
1064 1102 1193 1171 finaliter,

136 1202 257 1263 videtin
279 1203 360 1278 quod
383 1201 465 1262 Deus
492 1201 645 1261 mandaret
673 1201 801 1261 indebite
829 1201 980 1260 hominem
1008 1201 1046 1260 ad
1070 1210 1194 1259 mortem

138 1301 293 1380 propriam
310 1300 450 1377 jejunare.
493 1298 573 1359 Nam
593 1302 668 1359 sicut
689 1301 721 1358 in
743 1318 865 1359 excessu
888 1300 987 1359 cibarii
1011 1300 1053 1358 sic
1077 1299 1107 1357 in
1132 1298 1194 1374 ejus

139 1397 319 1459 abstinentia
339 1413 419 1456 mors
443 1397 636 1456 communiter
662 1405 855 1473 praeparatam
896 1394 978 1453 Deus
1003 1411 1074 1470 ergo
1098 1395 1195 1452 bonus

140 1513 207 1555 nou
221 1494 263 1554 sic
277 1495 417 1571 praecipit
428 1495 570 1572 jejunare,
585 1495 637 1553 sed
652 1495 720 1553 satis
734 1504 779 1553 est
793 1512 846 1570 pro
859 1492 971 1570 jejunio
989 1492 1140 1550 hominem
1153 1492 1194 1548 uti

140 1593 252 1671 regulis
266 1593 437 1662 medicinae,
452 1592 560 1652 scilicet
574 1591 655 1669 quod
670 1602 804 1669 pascatur
818 1601 897 1651 tante
911 1599 941 1649 et
960 1590 1059 1660 taliter,
1075 1589 1195 1665 qualiter

141 1692 198 1753 nbi
214 1690 342 1769 proderit
354 1690 392 1750 ad
406 1691 537 1750 salutem.
580 1690 655 1763 Quis
674 1707 746 1766 ergo
765 1690 867 1749 stultus
887 1689 994 1750 diceret
1008 1687 1089 1766 quod
1102 1688 1194 1747 homo

141 1808 175 1850 ae
198 1791 296 1867 ipsum
318 1789 464 1848 occideret
487 1790 621 1859 virtuose,
647 1807 715 1848 cum
740 1788 899 1864 decalogus
921 1787 1073 1864 praecipit:
1108 1784 1195 1844 ‘Non
1238 1797 1240 1802 ’

140 1886 295 1948 occidesi'
337 1886 374 1946 Et
388 1898 499 1947 certum
518 1899 569 1958 est,
584 1887 665 1965 quod
684 1887 776 1946 homo
795 1894 893 1962 potest
911 1884 993 1943 valde
1012 1884 1152 1943 distanter
1164 1884 1196 1941 in

143 1996 279 2062 tempore
293 2002 324 2044 se
338 1985 434 2061 ipsum
453 1985 597 2057 occidere,
612 1987 680 2062 quia
699 1984 860 2044 accelerare
879 1982 964 2042 stulte
983 1991 1109 2041 mortem
1128 1999 1196 2058 pro

143 2085 247 2161 priam,
263 2083 343 2159 quod
362 2095 406 2143 est
424 2082 576 2161 culpabile.
619 2083 678 2142 Sed
697 2083 762 2159 quis
782 2083 843 2153 scit,
858 2082 882 2141 si
901 2101 938 2140 ex
957 2081 1005 2140 tali
1024 2080 1207 2143 abstinentia.

143 2181 222 2242 istud
235 2180 383 2242 eveniat'?
424 2181 550 2241 Utamur
563 2200 634 2258 ergo
648 2182 805 2257 prudenter
817 2180 1006 2250 vescibilibus,
1018 2189 1046 2238 et
1060 2189 1104 2238 est
1118 2178 1194 2236 satis.

145 2277 281 2338 Similiter
299 2280 400 2357 regula
419 2280 552 2339 servandi
569 2281 712 2356 jejunium
731 2289 775 2338 est
794 2280 987 2339 communiter
1000 2276 1152 2354 generalis,
1168 2286 1197 2335 et

144 2395 199 2455 per
226 2394 412 2454 consequens
436 2397 454 2437 a
478 2377 611 2437 fidelibus
636 2378 722 2437 debet
746 2378 917 2454 generaliter
941 2376 1019 2448 fieri;
1052 2375 1104 2434 sed
1128 2392 1195 2434 curn

145 2474 282 2535 homines
295 2475 377 2535 sunt⁸
391 2476 583 2535 diversimode
599 2476 833 2553 complexionati
848 2485 927 2551 patet
940 2474 1021 2551 quod
1036 2473 1104 2532 illud
1121 2473 1195 2550 jeju-

145 2576 227 2634 nium
241 2574 323 2651 quod
335 2574 409 2634 foret
422 2576 473 2634 uni
486 2573 598 2632 homini
613 2574 795 2645 adsalutem,
811 2573 891 2632 alteri
910 2572 985 2632 foret
1002 2571 1041 2631 ad
1060 2582 1195 2631 mortem.

146 2671 207 2732 Sed
221 2672 286 2749 quis
300 2673 418 2750 sapiens
432 2672 519 2731 talem
533 2672 663 2748 regulam
677 2672 843 2731 ordinaret?

165 2768 350 2836 ,Phrmusaa
392 2769 530 2829 Delector
556 2770 588 2828 in
616 2770 672 2829 tuis
699 2771 869 2847 objectibus,
895 2771 964 2846 quia
988 2787 1041 2847 per
1064 2769 1196 2845 objectus

144 2878 213 2928 tuos
228 2866 345 2927 frivolos
360 2867 458 2927 seduci
472 2867 607 2944 possent⁹
621 2869 745 2938 incauti;
767 2879 796 2927 et
814 2869 882 2928 ideo
901 2868 1139 2945 respondendum
1153 2877 1197 2926 est

145 2965 211 3036 illis,
225 2974 258 3023 ut
278 2965 390 3024 cautius
411 2975 574 3024 caveantur.
616 2964 654 3023 Et
675 2983 735 3042 quo
755 2966 794 3025 ad
814 2968 947 3043 obJectus
966 2978 1032 3025 tuos
1046 2967 1118 3025 alios
1132 2965 1196 3041 plus

144 3063 268 3134 vivaces,
289 3063 391 3122 saltem
411 3074 530 3122 movent
550 3062 638 3121 dubia
658 3063 790 3122 diffusius
810 3063 992 3135 declaranda,
1007 3075 1036 3123 et
1056 3065 1098 3122 sic
1118 3073 1197 3121 utro-

144 3162 243 3239 bique,
258 3161 332 3220 sicut
345 3170 374 3220 et
392 3171 514 3238 peccata
531 3160 696 3237 proficiunt.
737 3159 888 3233 Quantum
907 3162 945 3221 ad
958 3163 1094 3237 primum,
1109 3169 1196 3236 patet,

144 3260 227 3338 quod
241 3260 358 3318 virtutes
378 3276 438 3335 quo
453 3258 492 3317 ad
506 3275 573 3317 suas
586 3259 726 3318 essentias
740 3261 903 3319 consistunt
915 3260 946 3317 in
962 3258 1070 3329 habitu,
1089 3269 1118 3317 et
1137 3274 1197 3334 quo

145 3357 186 3418 ad
210 3356 319 3416 fructus
344 3374 415 3416 suos
438 3364 467 3415 et
491 3354 619 3415 hominis
644 3356 807 3432 profectum
831 3357 993 3415 consistunt
1015 3356 1045 3412 in
1069 3365 1144 3423 actu,
1166 3365 1198 3412 ut

145 3457 249 3515 beatus
262 3453 391 3533 Jacobus
405 3454 532 3514 declarat
542 3454 579 3513 de
591 3453 683 3513 fide¹⁰.
718 3453 806 3512 Unde
820 3454 851 3512 in
865 3452 1080 3529 praedicatione
1094 3470 1198 3511 secun·

146 3551 219 3614 dum
239 3552 440 3611 habitudinem
460 3562 543 3611 actus
557 3551 628 3611 tales
648 3562 677 3611 et
696 3550 811 3610 habitus
826 3551 863 3608 de
878 3568 909 3609 se
923 3551 1071 3627 reciproce
1086 3550 1198 3627 praedi·

145 3652 284 3724 cantur¹¹,
298 3661 327 3711 et
341 3650 493 3726 vulgariter
506 3651 593 3708 virtus
608 3649 692 3725 gulae
711 3647 856 3726 opposita,
870 3648 944 3707 sicut
957 3659 987 3707 et
1000 3648 1086 3724 gulae
1100 3649 1199 3707 vitium

145 3751 328 3826 acc'piuntur
341 3750 371 3807 in
386 3749 602 3825 praedicatione
617 3744 779 3806 secundum
793 3746 991 3804 habitudinem
1006 3764 1060 3822 pro
1074 3756 1140 3805 actu
1156 3746 1200 3804 vel

145 3864 245 3925 opere,
261 3847 355 3906 fructu
374 3864 484 3905 eorum.
527 3844 632 3903 Nullus
653 3856 750 3902 tamen
765 3844 957 3920 philosophus
971 3844 1010 3902 ad
1028 3852 1141 3902 tantum
1156 3844 1200 3900 in·

181 3979 188 4008 ¹
206 3978 294 4028 diebus
305 3985 330 4028 et
341 3976 469 4053 noctibus]
481 3975 534 4025 dies
544 3981 570 4025 et
581 3981 674 4031 noctes,
685 3975 724 4024 ed.
736 3990 773 4038 pr.
888 3973 898 4002 ¹
914 3972 1008 4036 autem]
1022 3973 1094 4029 enim,
1107 3973 1200 4024 A.B.C.

146 4044 187 4095 cd.
199 4060 236 4109 pr.
295 4067 302 4075 ·
383 4040 518 4105 'iacihter]
531 4040 667 4096 lacereed.
699 4056 716 4088 r.
862 4037 1057 4094 ⁴ethicum,i.e.
1070 4037 1199 4087 hecticam.

145 4107 485 4172 ‘tisicum,i.e.phtisicum.
571 4105 676 4155 ⁰lacere
700 4103 801 4154 om.ed.
814 4120 851 4168 pr.
950 4102 1072 4153 'eveniat
1098 4103 1200 4161 eveniet,

147 4175 189 4230 Α..
199 4174 258 4225 B.C.
270 4173 391 4224 secundae
401 4187 496 4221 manus.
594 4171 676 4220 'sunt
698 4171 754 4227 sint.
767 4169 805 4219 ed.
817 4185 854 4234 pr.
941 4166 1067 4232 ”possent
1124 4177 1200 4226 ssunt,

147 4239 186 4289 ed.
199 4255 236 4303 pr.
302 4238 321 4266 ¹⁰
338 4237 367 4287 cl.
379 4238 432 4303 Jac.
444 4236 468 4285 ii.
480 4250 509 4299 14
520 4236 545 4284 ff.
627 4236 645 4266 ¹¹
662 4235 845 4301 praedicantur]
858 4232 1056 4298 praedicandum,
1101 4270 1106 4282 .
1119 4249 1155 4298 pr.
