2864 4836
136 475 236 520 cansa
502 447 843 517 TRIALOGUS.

141 611 274 675 hominis
289 616 359 675 sciat
370 615 440 691 quid
455 615 540 676 iaciat
554 617 664 675 dextra.
700 615 814 677 Fratres
827 626 925 675 autem
939 633 976 676 ex
992 618 1047 677 ista
1058 619 1199 695 scriptura

142 711 262 772 aedula¹
280 723 309 772 et
323 714 490 773 ostensione
504 715 568 791 ejus
586 713 623 774 ad
643 715 785 791 populum
799 713 952 774 manifeste
966 715 1103 787 indicant,
1118 717 1200 793 quod

143 809 247 871 dicunt
266 811 374 872 modo²
391 831 422 872 se
437 813 533 888 ipsos³
553 831 618 873 esse
640 823 757 873 sanctos
778 813 808 871 in
822 813 946 872 ecclesia
962 824 991 872 et
1012 813 1157 885 solennes,
1171 823 1200 871 et

142 908 212 987 plus
229 911 357 987 quamsi
378 920 445 970 ante
467 929 498 970 se
519 912 590 970 tuba
609 912 770 982 canerent‘,
785 911 856 970 dant
877 911 973 980 literas
993 912 1200 971 confirmantes

147 1024 233 1068 ettam
247 1009 438 1080 sanctitatem,
453 1027 528 1086 quae
542 1010 639 1069 literae
653 1009 749 1068 forent
762 1010 794 1068 in
805 1009 883 1068 cistis
893 1008 1046 1068 hominum
1057 1021 1199 1088 perpetuo

144 1118 345 1167 conservatae.
372 1107 448 1167 Item
458 1126 525 1168 cum
534 1127 571 1167 ex
580 1108 637 1167 lide
647 1107 787 1185 evangelii
797 1107 889 1167 homo
898 1108 992 1180 debet,
1003 1126 1071 1167 cum
1080 1119 1199 1180 vocatus

143 1204 185 1265 sit
198 1203 237 1264 ad
250 1223 375 1265 coenam
390 1206 586 1278 novissimam,
601 1208 631 1264 in
646 1207 806 1266 novissimo
820 1205 888 1265 loco
902 1207 1082 1278 recumbere,
1097 1205 1199 1266 iratres

143 1302 233 1379 ergo⁶
254 1321 322 1362 curn
343 1313 491 1375 vocantur,
512 1314 544 1363 ut
564 1305 705 1380 inquiunt,
726 1303 764 1362 ad
784 1302 861 1362 hanc
883 1321 1016 1375 coenam,
1036 1305 1107 1363 dum
1128 1307 1199 1364 nec⁰

142 1399 255 1460 babent
274 1401 526 1461 confirmationem
548 1402 593 1461 vel
613 1401 819 1460 revelationem
840 1411 871 1460 ut
892 1419 979 1478 supra
999 1420 1105 1461 omnes
1127 1402 1199 1461 alios

142 1497 216 1559 sint*
229 1498 324 1568 locati,
338 1497 449 1558 videtur
463 1500 544 1575 quod
565 1499 637 1558 alios
659 1509 735 1558 recte
755 1500 883 1557 viventes
904 1511 985 1557 extra
1005 1499 1060 1559 hos
1082 1500 1199 1559 ordines

142 1595 253 1657 debent
267 1607 401 1674 reputare
415 1616 479 1657 esse
494 1598 564 1674 ipsis
578 1598 721 1668 meliores,
733 1607 762 1656 et
776 1614 838 1656 non
853 1596 909 1657 sic⁸
921 1596 1025 1657 frustra
1036 1598 1198 1657 concedere

143 1693 242 1754 literas
256 1695 442 1755 excellentius
457 1714 545 1772 supra
556 1695 636 1764 illos;
658 1697 719 1753 imo
735 1714 802 1754 cum
816 1694 862 1753 lex
876 1695 1044 1772 evangelica
1056 1695 1160 1755 Matth.
1170 1716 1198 1753 v·

143 1792 260 1864 doceat,
272 1793 353 1869 quod
365 1798 575 1870 ‘quaecunque
586 1793 670 1852 vultis
681 1803 712 1852 ut
722 1792 829 1852 iaciant
846 1794 929 1852 vobis
943 1793 1087 1864 homines,
1102 1792 1199 1853 iacere

140 1891 257 1951 debetis
271 1891 344 1963 illis,'
359 1892 471 1951 videtur
485 1892 565 1968 quod
579 1891 731 1968 supposita
743 1891 852 1968 justitia
866 1891 1064 1967 acquisitionis
1078 1892 1197 1950 istarum

140 1989 288 2049 literarum
309 1988 346 2048 de
367 1988 509 2061 iratribus,
524 1989 625 2049 iratres
646 1988 755 2048 debent
769 1989 856 2048 etiam
877 1990 1025 2065 acquirere
1044 1988 1140 2049 literas
1160 1990 1197 2049 de

141 2087 321 2164 simplicibus
335 2097 416 2146 entra
430 2087 485 2147 hos
504 2087 631 2158 ordines,
646 2105 714 2146 cum
732 2086 919 2164 probabiliter
937 2105 974 2146 ex
995 2080 1196 2164 suppositione

143 2184 252 2245 debent
276 2203 451 2262 supponere,
476 2186 556 2262 quod
580 2184 652 2245 tales
676 2184 774 2245 literae
799 2185 865 2261 ptus
890 2186 931 2244 eis
959 2185 1086 2244 valerent
1108 2204 1197 2262 quam

141 2283 241 2344 literae
254 2284 395 2343 laicomm
410 2284 446 2342 de
460 2283 595 2343 iratribus
613 2285 794 2359 impetratae.
836 2282 912 2343 Item
930 2302 968 2342 ex
982 2294 1064 2360 parte
1078 2283 1197 2344 fratrum

141 2381 255 2441 videtur
275 2399 339 2441 esse
360 2380 526 2440 Luciferina
546 2383 754 2458 praesumptio,
776 2399 843 2440 cum
865 2399 953 2441 nemo
979 2391 1111 2441 nostnun
1135 2384 1197 2453 scit,

141 2489 239 2539 utrum
259 2481 297 2539 sit
318 2479 424 2555 dignus
445 2496 544 2538 amore
558 2478 603 2538 vel
623 2480 701 2549 odi0,
721 2491 751 2538 et
771 2490 867 2539 utrum
890 2478 942 2539 sit⁹
961 2480 1053 2538 modo
1072 2481 1197 2541 larvatus

142 2577 284 2648 diabolus,
299 2586 331 2636 ut
341 2576 395 2636 fuit
405 2575 574 2648 Ischarioth‚
587 2576 679 2636 velex
690 2576 746 2636 Dei
755 2579 847 2655 gratia
857 2579 1088 2653 praedestinatus
1097 2579 1134 2638 ad
1145 2597 1197 2656 pa·

142 2676 238 2736 triam.
272 2674 342 2748 Qua
352 2692 423 2752 ergo
435 2674 530 2734 fronte
540 2686 738 2751 praesumeret
752 2677 894 2752 superbus
905 2675 1022 2736 Lucifer
1032 2678 1144 2754 piscare
1155 2678 1198 2738 sic

146 2783 216 2834 ante
230 2773 326 2845 rete¹⁰,
340 2784 370 2832 et
387 2771 575 2832 concedere¹¹
589 2771 670 2833 alteri
684 2772 764 2850 quod
785 2773 903 2833 habebit
917 2786 1031 2851 partem
1050 2776 1142 2835 meriti
1154 2777 1197 2835 sui

145 2873 177 2931 in
191 2872 293 2950 patria,
307 2889 375 2931 cum
390 2871 509 2941 nesciat,
523 2869 576 2929 sin
589 2888 669 2930 nunc
683 2882 789 2931 noceat
802 2883 831 2931 et
845 2872 970 2950 amplius
984 2883 1053 2933 tunc
1066 2873 1193 2933 nocebit.

183 2970 260 3030 Item
296 2969 379 3046 J’uxta
411 2968 491 3046 leges
524 2986 681 3029 concessas
714 2979 743 3028 et
776 2972 910 3046 cognitas
942 2989 961 3030 a
992 2980 1055 3031 toto
1086 2971 1197 3048 populo

141 3086 231 3128 nemo
253 3067 342 3128 debet
367 3069 399 3127 in
423 3066 569 3144 corporali
589 3066 768 3127 commercio
793 3068 927 3145 decipere
952 3066 1068 3127 fratrem
1093 3086 1195 3142 suum;

139 3184 213 3244 ergo
233 3164 326 3225 multo
352 3165 447 3243 magis
468 3182 529 3224 non
550 3165 581 3223 in
602 3165 779 3225 commercio
799 3166 948 3240 spirituali
965 3166 1002 3224 de
1019 3165 1196 3226 haereditate

140 3274 289 3341 perpetua
346 3262 423 3322 Cum
450 3262 563 3339 igitur¹³
591 3272 823 3323 commercantes
850 3263 908 3322 in¹⁴
937 3264 1018 3323 bono
1042 3265 1195 3340 temporali

140 3362 293 3438 requiritur
305 3371 337 3420 ut
355 3360 508 3420 habeant¹⁶
527 3361 728 3421 certitudinem
748 3358 785 3420 de
804 3359 971 3432 mercando,
991 3361 1083 3421 multo
1102 3363 1195 3438 magis

140 3461 172 3519 in
185 3470 245 3519 tam
259 3460 387 3537 pretioso
401 3459 580 3518 commercio
595 3457 739 3535 spirituali
783 3457 859 3518 Cum
878 3476 949 3535 ergo
968 3476 1023 3519 nec
1041 3458 1143 3518 iratres
1158 3479 1194 3520 ex

141 3568 224 3635 parte
247 3558 291 3617 sui
314 3556 423 3617 habent
445 3557 647 3616 certitudinem
669 3555 706 3614 de
730 3573 785 3615 suo
806 3557 960 3633 promiss0,
982 3574 1037 3617 nec
1062 3567 1194 3618 ementes

174 3711 184 3742 ¹
201 3709 298 3776 sedula]
310 3727 360 3761 orn.
373 3711 401 3760 B.
413 3712 535 3762 secrmdae
546 3726 641 3761 manus.
713 3709 724 3740 ¹
738 3710 828 3775 modo]
841 3711 942 3776 populo.
954 3711 1003 3770 D.;
1022 3712 1117 3778 populo
1129 3728 1194 3770 meo,

141 3776 182 3828 etl.
193 3792 232 3842 pr.
314 3776 590 3842 'ipsos]om.A.B.C.
671 3773 728 3826 *ei
741 3776 876 3826 Mambri.
889 3792 911 3826 a.
993 3778 1091 3842 ὀψο]
1104 3787 1194 3836 autem,

140 3841 228 3907 etl-pr.
301 3841 623 3906 “nec]dumnon‚A.B.C.
720 3841 808 3907 tsine]
820 3850 885 3898 sunt.
896 3843 934 3892 ed.
946 3859 983 3908 pr.
1057 3842 1193 3907 ⁸sic]om.

142 3907 239 3958 ΑΒΕ.
368 3908 378 3936 ⁹
395 3915 477 3957 utrum
489 3908 521 3958 sit
546 3908 582 3957 sic
592 3914 683 3965 utrum,
694 3908 741 3964 Aa
760 3909 796 3957 sic
806 3915 888 3958 utrum
900 3908 939 3966 sit,
952 3908 981 3958 C.
994 3909 1088 3973 primae
1098 3924 1193 3963 manus,

141 3972 231 4037 etlpr.
340 3974 360 4004 ¹⁰
376 3973 439 4038 rete]
451 3972 509 4022 libri
550 3972 686 4029 SS.rethe;
704 3974 742 4024 ed.
754 3972 896 4038 pr.rethae.
1011 3974 1029 4003 ¹¹
1046 3972 1192 4037 concedere]

142 4037 282 4095 convenire,
293 4039 331 4088 ed.
343 4055 380 4104 pr.
565 4037 583 4066 ¹¹
600 4037 632 4101 si]
645 4044 669 4086 et
682 4038 711 4095 si,
723 4040 756 4088 Α.
767 4038 889 4088 secundae
900 4053 1001 4094 manus:
1019 4044 1052 4094 et,
1065 4038 1093 4086 B.
1105 4037 1143 4087 ed.
1156 4054 1192 4103 pr.

143 4103 162 4133 ¹¹
178 4103 265 4168 igitur]
277 4103 352 4168 igitur
363 4105 434 4161 inter,
447 4105 479 4152 Α.
492 4103 613 4153 secundae
624 4118 719 4152 manus.
878 4102 896 4132 ¹⁴
911 4101 949 4166 in]
961 4110 997 4160 ut,
1009 4102 1038 4151 Β.
1048 4103 1151 4179 primae.
1163 4103 1193 4154 C.

141 4169 265 4219 secundae
276 4185 371 4227 manus,
380 4169 418 4219 ed.
431 4184 470 4233 pr.
645 4167 663 4197 ¹⁸
679 4168 808 4233 requiritur
817 4174 844 4217 ut
856 4165 975 4233 babeant]
988 4175 1149 4233 requiruntur,
1160 4169 1192 4220 A.

142 4233 265 4285 secundm
275 4249 379 4292 mauus;
398 4234 522 4299 requirunt
534 4231 712 4291 certitudinem,
724 4233 762 4283 ed.
775 4248 811 4297 pr.
1109 4282 1117 4288 ,
