2864 4836
157 307 1412 338 Ἣ

152 439 247 483 ειη
517 421 856 486 TRIALOGUS.
1290 451 1352 520 357

153 577 273 654 culpam
293 584 455 656 peccatoris
476 584 627 655 dimittere,
647 588 701 646 nisi
716 588 853 646 veraciter
874 591 909 649 sit
931 594 1079 652 contritus.
1123 593 1207 666 Quae

152 692 228 752 ergo
252 690 296 736 est
320 679 375 738 ista
399 690 487 752 secta,
509 700 583 758 quae
607 695 719 744 tantum
743 704 774 745 se
800 687 911 746 extollit
935 707 1022 766 super
1042 690 1154 750 Deum¹
1180 704 1208 752 et

150 775 313 850 quemlibet
328 778 391 854 ejus
405 780 562 838 vicarium?

559 1207 654 1266 CAP.
678 1208 805 1268 XXXII.

218 1366 265 1426 De
278 1370 465 1446 indulgentia,
480 1391 550 1446 quas
559 1384 635 1448 papo
639 1374 791 1450 fratribus
805 1374 1003 1450 amoventibus
1016 1382 1142 1450 arrogat.

192 1539 315 1598 Alr'thio.
358 1540 444 1613 Quia,
465 1541 550 1602 trater
569 1545 618 1614 mi,
633 1543 679 1602 hic
699 1545 826 1620 tangitur
845 1545 876 1601 de
894 1545 1079 1619 radelgentr'is,
1095 1545 1205 1604 videtur

148 1637 233 1715 quod
254 1656 354 1697 earum
376 1641 530 1700 concessio
551 1641 727 1717 aequivalet²
746 1641 813 1699 huic
835 1643 1064 1717 praesumptioni
1086 1641 1204 1700 fratrum

150 1734 349 1811 blasphemae.
405 1737 520 1797 Vellem
552 1739 672 1798 libenter
700 1740 781 1816 quod
809 1739 916 1814 aliquid
949 1739 1061 1799 diceres
1093 1739 1130 1798 de
1158 1739 1205 1798 illa

147 1834 276 1892 materia

192 1929 353 1993 Phrenesis.
396 1934 473 2007 Quia
487 1936 622 2012 superbia
636 1953 739 1994 eorum
753 1954 803 2012 qur
796 1933 914 1993 'Deum
927 1933 1060 2006 oderunt,
1072 1937 1203 1995 aseendit
1236 1951 1261 1984 s
1257 1957 1314 2026 menn
1301 1952 1382 2026 3²33

149 2047 274 2106 semper,
293 2032 361 2091 ideo
382 2032 447 2092 licet
467 2032 534 2092 fons
554 2033 681 2092 haeresis
702 2043 731 2092 et
749 2033 861 2110 peccati
881 2032 917 2090 sit
936 2033 966 2090 in
987 2032 1035 2090 illo
1056 2034 1202 2110 principe⁸
1234 2037 1364 2114 'mn335

148 2130 342 2202 tenebrarum,
357 2141 456 2190 tamen
470 2132 576 2191 rivulus
595 2132 713 2191 fratrum
734 2134 772 2190 ab
791 2150 828 2190 eo
849 2131 1032 2191 descendens
1049 2134 1155 2202 nititur,
1170 2143 1201 2192 ut
1233 2113 1364 2227 &lli-¹²¹⁸*
1279 2159 1390 2228 effi*

148 2227 258 2286 dictum
272 2238 324 2298 est,
344 2229 540 2288 innaturaliter
559 2248 590 2289 se
609 2230 746 2288 extollere
761 2248 848 2305 supra
862 2228 990 2300 fontem;
1013 2228 1105 2288 fateor
1119 2229 1280 2314 quodem
1232 2192 1299 2268 “32
1304 2234 1360 2268 Μ

148 2323 345 2402 indulgentiae
373 2327 501 2403 papales,
526 2329 550 2386 si
578 2328 617 2384 ita
641 2344 672 2385 se
700 2326 826 2385 habeant
853 2334 885 2384 ut
913 2327 1055 2397 dicuntur,
1084 2327 1199 2402 sapiunt

147 2422 332 2482 manifestam
351 2424 571 2499 blasphemiam.
613 2423 725 2483 Dicitur
738 2420 832 2482 enim⁴
845 2424 927 2499 quod
945 2442 1022 2500 papa
1039 2424 1200 2500 praetendit

148 2539 180 2580 se
199 2520 306 2580 habere
326 2524 487 2598 potentiam
508 2521 545 2580 ad
567 2521 737 2579 salvandum
759 2521 889 2597 singulos
908 2523 1040 2593 viatores,
1057 2533 1086 2580 et
1107 2540 1199 2598 quan-

148 2628 328 2695 tumcunque
347 2620 457 2678 viantes
472 2619 666 2697 deliquerint⁵‚
682 2620 790 2678 nedum
804 2619 842 2677 ad
861 2619 1055 2694 mitigandum
1069 2621 1197 2697 poenas⁰

147 2715 187 2774 ad
213 2715 431 2793 suffragandum
461 2717 503 2775 eis
531 2735 598 2775 cum
627 2716 856 2776 absolutionibus
885 2727 914 2774 et
942 2715 1135 2792 indulgentiis,
1160 2736 1198 2776 ue

145 2831 276 2890 unquam
295 2814 411 2873 veniant
429 2814 467 2873 ad
487 2815 693 2890 purgatorium,
709 2815 760 2873 sed
778 2814 815 2873 ad
835 2814 1071 2890 praecipiendum
1091 2816 1199 2875 sanctis

138 2912 267 2987 angelis,
282 2922 313 2969 ut
331 2912 430 2970 anima
448 2923 580 2988 separata
595 2930 612 2970 a
626 2930 748 2989 corpore
770 2912 886 2971 indilate
907 2913 1000 2988 ipsam
1018 2911 1149 2972 delerant
1168 2914 1197 2970 in

144 3010 274 3086 requiem
291 3010 505 3085 sempiternam.
548 3010 585 3067 Et
599 3027 651 3087 per
665 3010 766 3069 fratres
786 3011 930 3068 coloratur
944 3011 997 3068 ista
1016 3010 1197 3086 blasphemia

144 3125 197 3182 per
210 3106 276 3178 hoc,
291 3107 373 3184 quod
386 3106 518 3167 Christus
532 3119 575 3166 est
594 3109 789 3184 omnipotens,
804 3107 950 3166 excellens
964 3119 1086 3166 cunctos
1101 3109 1195 3167 bonos

143 3203 289 3279 angelosl,
310 3205 363 3263 sed
387 3223 464 3281 papa
488 3215 532 3263 est
556 3204 660 3281 plenus
680 3205 801 3263 vicarius
826 3206 888 3280 ejus
910 3205 939 3262 in
964 3205 1053 3275 terris,
1074 3215 1103 3263 et
1127 3205 1195 3263 ideo

143 3311 240 3378 potest
267 3301 391 3360 ibidem⁸
418 3301 560 3379 quidquid
588 3312 684 3379 potest
713 3301 843 3361 Christus
875 3301 1050 3361 humanitus
1106 3302 1193 3362 Unde

144 3399 232 3459 rudes
252 3400 370 3476 legistae
391 3418 460 3459 cum
483 3398 616 3458 fratribus
641 3410 674 3458 ut
694 3399 753 3476 lupi
778 3398 887 3458 ululant
909 3410 937 3459 et
962 3400 1193 3460 contradicentes

142 3497 283 3574 sibiipsis
302 3498 410 3568 dicunt,
430 3498 510 3574 quod
529 3497 747 3555 considerantes
766 3495 1025 3555 infundabilitatem
1045 3498 1191 3573 potentiae

141 3593 227 3671 huJ'us
241 3593 299 3653 Dei
316 3595 441 3654 interris
462 3613 523 3653 non
543 3594 651 3653 audent
669 3612 779 3670 ponere
793 3611 827 3652 os
843 3595 872 3651 in
886 3594 1009 3653 coelum.
1052 3595 1139 3654 Unde
1154 3597 1191 3654 ad

140 3689 348 3752 declarandum
363 3692 498 3770 papalem
518 3692 680 3768 potentiam
698 3690 914 3768 pseudofratres
935 3693 965 3750 in
985 3693 1103 3753 secretis
1123 3693 1191 3755 fidei

173 3869 230 3919 ¹el.
243 3868 409 3920 ιΊΒειιιΙ.“
393 3885 420 3919 ιι.
431 3885 455 3934 4
638 3870 812 3935 ’aequivaleq
825 3886 934 3920 consona
945 3870 984 3927 stt
997 3869 1091 3920 AB..C
1102 3870 1140 3921 ed.
1153 3887 1189 3935 pr.

138 3933 287 4011 ’principe]
298 3935 376 3999 pn'uei
395 3936 429 3992 io.
439 3935 478 3985 ed.
491 3951 527 3999 pr.
625 3934 729 4010 ‘enim]
741 3951 791 3984 om.
804 3935 896 3985 A.B.C.
1000 3935 1051 3985 et
1061 3942 1190 3999 quantum

140 4015 236 4064 cunque
247 3999 368 4049 nantesd
394 4000 509 4064 quennt]
522 4016 571 4049 om
584 4000 615 4048 A.
627 4000 721 4063 primae
731 4016 825 4055 manus,
837 4002 867 4050 C
879 3999 1110 4056 secundaemanus;
1130 4000 1189 4049 deli-

140 4066 246 4128 querint,
257 4079 307 4113 om.
320 4064 358 4114 ed,
370 4080 407 4129 pr.
577 4064 707 4128 ‘poenas]
720 4081 805 4114 eorum
817 4080 858 4127 qut
851 4064 1050 4155 deliquerunts
1043 4080 1088 4114 ms.
1100 4064 1138 4114 ed.
1150 4081 1188 4129 pr.
1252 4079 1255 4087 ⁴

140 4129 149 4157 ¹
165 4129 282 4193 angelos]
294 4128 429 4193 angelos
408 4145 467 4193 ejus.
480 4129 508 4178 Β
521 4130 614 4194 primae
625 4145 719 4186 manus,
730 4130 768 4179 ed.
781 4145 816 4192 pr.
970 4126 1101 4193 'ibidem]
1114 4129 1187 4185 idem.

141 4194 334 4259 aomcmpr
