2864 4836
485 325 779 334 -—.-...-.........—--
798 329 1311 343 M--q--mq-——-

56 454 147 490 ent.
416 434 755 497 TRIALOGUS.
1195 459 1254 523 113
1313 361 1317 405 ι

53 612 123 655 cum
137 597 259 672 angelus
277 596 314 655 sit
332 597 498 673 ubicunque
518 598 647 668 afficitur,
663 601 736 657 sicut
750 598 957 656 Lr'ncolnrinrri
977 600 1045 657 dicit
1059 599 1105 657 De
1214 621 1217 632 ·

54 695 171 765 anima;
203 705 233 753 et
254 695 375 771 angelus
397 695 518 755 afficitur
539 697 701 773 cuicunque
723 699 798 773 parti
819 698 937 767 mundi;
971 680 1128 772 sequitur,l
1316 692 1319 755 l

53 792 152 869 quod¹
173 792 296 868 angelus
321 794 356 853 sit
380 794 418 852 ad
443 795 602 870 quemlibet
623 805 764 871 punctum
789 796 900 853 mundi.
943 796 981 853 Et
1006 784 1129 873 iteruml
1315 758 1319 823 Ι

55 889 167 949 videtur
180 890 329 966 possibile,
344 891 425 968 quod
444 893 564 969 angelus
584 894 620 952 sit
640 893 725 952 simul
744 913 796 969 per
811 895 923 952 diversa
941 894 1015 963 loca,
1031 904 1062 952 ut
1080 894 1129 1000 inq

54 989 142 1048 coelo
156 999 186 1047 et
199 990 230 1047 in
243 999 327 1061 terra,
341 1001 370 1049 et
384 1008 444 1050 non
459 992 489 1049 iu
504 993 602 1052 medio
616 993 787 1069 intercepto.
830 993 867 1051 Et
882 995 986 1051 iterum
999 994 1111 1053 videtur
1127 1008 1129 1047 t

55 1088 132 1146 sicut
160 1089 376 1164 praetermisisti
403 1099 556 1148 tractatum
585 1091 622 1149 de
650 1091 742 1150 modo
770 1091 886 1149 essendi
912 1091 978 1162 Dei,
1003 1070 1129 1183 scilicet{

54 1185 246 1245 essentialiter
266 1187 460 1264 potentialiter
480 1197 510 1246 et
529 1189 684 1247 virtualiter
703 1189 821 1265 ubique,
843 1191 885 1247 sic
906 1191 1111 1266 praetermittis

54 1283 179 1343 modum
193 1284 309 1343 essendi
322 1286 419 1362 angeli
433 1285 464 1344 in
479 1285 555 1345 loco.

97 1382 260 1441 Phrousr‘r.
302 1382 415 1454 Fateor,
428 1384 509 1461 quod
523 1384 613 1443 multa
627 1395 737 1460 puncta
751 1386 820 1443 satis
834 1387 1001 1444 necessaria
1014 1385 1111 1445 dimisi
1315 1330 1319 1475 Ξ

53 1483 87 1540 in
100 1490 223 1540 tractatu
238 1481 275 1539 de
289 1480 364 1552 Deo,
379 1499 440 1540 non
455 1481 551 1541 solum
570 1492 689 1558 propter
707 1483 902 1559 ignorantiam
921 1494 970 1542 aut
989 1483 1111 1542 oblivio·

56 1597 137 1650 nem,
152 1579 204 1638 sed
218 1581 286 1655 quia
302 1579 414 1638 videtur
432 1579 503 1637 mihi
522 1580 683 1656 expediens
701 1581 786 1639 matri
801 1591 928 1650 nostrae,
943 1582 1024 1657 quod
1040 1581 1113 1639 sint¹

55 1677 140 1736 multi
160 1687 298 1736 tractatus
318 1678 357 1737 de
376 1677 444 1737 Deo
465 1677 509 1736 et8
530 1696 583 1736 sua
607 1677 725 1746 fabrica,
748 1679 777 1735 in
799 1679 937 1737 brevitate
958 1689 987 1737 et
1009 1679 1111 1738 ordine
1315 1498 1319 1765 i

56 1776 166 1846 variati,
178 1777 217 1834 ita
230 1776 312 1852 quod
325 1777 355 1834 in
369 1775 417 1835 illa
427 1777 547 1834 materia
561 1785 661 1853 posset
675 1775 833 1834 multorum
848 1777 976 1834 studium
991 1776 1111 1836 dilatari.
1315 1771 1319 1815 ¹

56 1875 181 1935 Cermm
205 1874 323 1951 quidem
352 1884 404 1944 est,
429 1875 511 1950 quod
535 1874 700 1932 necessario
723 1873 806 1933 Deus
834 1885 986 1933 conservet
1013 1874 1111 1933 locum
1144 1893 1301 1968 passuque.

45 1972 218 2051 .quemlibet
237 1983 266 2031 et
284 1971 443 2048 quamlibet
462 1983 631 2042 creaturam,
647 1982 675 2030 et
694 1990 755 2031 non
775 1982 928 2030 conservat
941 1991 994 2049 per
1007 1984 1112 2049 poten·
1145 1944 1287 2058 ssssffitffl·

57 2072 129 2130 tiam
151 2071 189 2128 ab
206 2087 243 2129 eo
263 2069 460 2129 distinctam⁴z
489 2089 544 2129 nec
565 2080 662 2146 potest
682 2070 808 2128 vicissim
830 2071 933 2129 adesse
959 2081 988 2129 et
1009 2071 1111 2130 deesse
1145 2026 1281 2148 ditibus

57 2187 128 2229 suae
153 2169 288 2227 lubricae.
330 2168 404 2227 Ideo
428 2169 593 2226 necessario
621 2178 665 2227 est
689 2169 805 2244 ubique.
848 2167 991 2240 Quamvis
1014 2179 1112 2228 autem
1128 2252 1130 2261 Ι
1145 2138 1292 2180 “mmm

57 2267 187 2326 mundus
207 2277 237 2325 et
257 2275 374 2342 tempus
395 2275 424 2324 et
445 2266 617 2324 universalia
637 2267 725 2325 etiam
745 2269 802 2326 sint
816 2269 933 2343 ubique,
948 2268 1112 2327 ramentad

57 2365 181 2425 modum
202 2364 319 2424 essendi
337 2364 393 2422 Dei
415 2366 523 2439 ubique
542 2383 603 2422 non
626 2375 749 2442 possunt
771 2366 921 2442 attingere,
941 2385 1008 2425 cum
1030 2366 1112 2426 Deus

57 2464 224 2522 necessario
235 2462 396 2522 secundum
407 2473 498 2521 totam
510 2480 593 2521 suam
604 2464 761 2521 essentiam
772 2465 929 2540 perpetu0⁸
938 2476 983 2523 est
993 2466 1110 2540 ubique,

58 2563 189 2621 mundus
209 2572 307 2620 autem
328 2562 461 2638 quamvis
483 2563 520 2619 sit
541 2562 702 2619 secundum
724 2572 821 2637 partes
843 2562 973 2638 dispares
994 2563 1110 2638 ubique,

58 2679 120 2720 non
135 2670 233 2719 tamen
248 2678 365 2737 semper
378 2669 423 2718 est
436 2660 544 2735 ubique
559 2658 719 2717 secundum
739 2660 898 2735 quamlibet
912 2661 957 2719 sui
973 2660 1110 2737 partem'.

57 2759 194 2836 Tempus
214 2760 301 2817 etiam
326 2758 459 2835 quamvis
483 2751 646 2817 secundum
670 2776 702 2816 se
727 2768 822 2816 totum
846 2759 882 2816 sit
906 2759 1023 2834 ubique,
1050 2777 1110 2818 non

57 2869 297 2934 tamensemper
321 2866 365 2916 est
387 2857 494 2932 ubique
520 2856 681 2914 secundum
703 2857 862 2931 quamlibet
887 2858 949 2933 ejus
974 2823 1129 2933 partem⁸.l

57 2955 240 3015 Universalia
258 2956 354 3026 etiam,
375 2973 451 3031 quae
469 2953 577 3013 habent
596 2972 649 3012 sua
668 2955 825 3030 singularia
842 2957 958 3033 ubique,
978 2955 1128 3031 quamvis

57 3056 146 3114 etiam
167 3064 235 3113 sunt
254 3053 372 3129 ubique,
395 3071 456 3111 non
477 3063 576 3111 tamen
598 3071 715 3128 semper
736 3053 898 3112 secundum
923 3072 990 3112 suas
1013 3064 1128 3173 partesp

56 3152 188 3231 singulas
200 3153 384 3231 subjectivas,
427 3152 500 3210 Ideo
519 3151 601 3211 Deus
620 3151 707 3211 habet
720 3171 812 3211 unum
830 3153 950 3210 modum
966 3152 1128 3210 excellen-

58 3251 135 3314 tem⁹
149 3261 178 3309 et
192 3252 351 3328 proprium,
365 3267 425 3326 quo
440 3249 629 3308 essentialiter
644 3259 687 3307 est
701 3249 817 3325 ubique.
860 3250 897 3307 Et
912 3267 979 3307 cum
999 3251 1028 3307 in
1043 3249 1109 3308 Deo
1126 3207 1128 3261 Ι

57 3449 141 3527 quod
157 3446 240 3507 Deus
260 3447 415 3506 virtualiter
434 3456 463 3504 et
481 3444 674 3522 potentialiter
692 3455 737 3502 est
755 3447 871 3519 ubique.
915 3440 1127 3521 intelligendo}

56 3559 158 3607 tamen
176 3546 241 3605 illos
260 3546 366 3604 modos
381 3544 541 3620 analogice,
556 3552 637 3620 patet
650 3543 730 3618 quod
745 3544 774 3600 in
789 3543 927 3600 creaturis
945 3543 1109 3600 notabiliter
1124 3554 1127 3673 q

53 3645 282 3721 distinguuntur,
298 3662 366 3702 cum
385 3644 473 3701 virtus
492 3643 578 3700 unius
597 3651 753 3711 creaturae,
768 3652 827 3698 tam
848 3640 1000 3717 spiritualis
1019 3659 1127 3717 quam,

55 3743 226 3820 corporalis,
238 3761 270 3801 se
284 3742 413 3801 extendit
424 3741 461 3800 ad
467 3742 489 3774 ¹⁰
502 3741 569 3799 loca
582 3749 610 3798 et
625 3757 756 3815 corpora,
769 3740 892 3815 adquae
907 3741 969 3816 ejus
983 3740 1109 3798 essentia
1124 3718 1126 3811 l

1123 3816 1127 3913 l

90 3890 99 3918 ¹
117 3889 233 3953 sequitur,
242 3888 321 3954 quod]
331 3889 431 3953 quando
437 3904 504 3952 ergo,
513 3888 551 3937 ed.
562 3904 613 3952 pr.;
632 3887 730 3951 quando
739 3887 848 3951 angelus,
860 3887 892 3935 D.
947 3886 956 3914 ²
973 3887 1038 3949 quod
1047 3887 1095 3936 sint
1123 3918 1126 3973 p

58 3953 222 4009 eumluerint.
233 3955 327 4004 ΑΒΕ.
337 3954 459 4004 secundae
470 3969 564 4002 manus.
642 3951 704 4016 ὀὶ]
717 3952 755 4008 de.
767 3953 805 4001 ed.
834 3968 854 4001 r.
932 3952 1095 4000 'distinctam

55 4021 198 4077 distantem,
206 4019 464 4070 B.secundaemanus
513 4018 792 4082 'tamen]om.A.B.C.
835 4033 885 4081 ‚pn
950 4018 1095 4081 ‘perpetuo

55 4101 108 4136 om.
121 4085 184 4134 AB.
266 4084 276 4112 ¹
293 4084 529 4150 semper-partem]
543 4101 592 4134 orn.
605 4083 697 4134 ΑΒΕ.
710 4083 748 4132 ed.
760 4098 814 4147 pr.;
833 4098 860 4132 se
872 4089 961 4138 totum,
974 4081 1002 4130 C.
1016 4083 1109 4146 primae

56 4165 154 4205 manus.
165 4150 204 4200 ed.
248 4168 268 4206 .;
287 4158 432 4199 nontamen
444 4150 678 4204 secundumtoturn,
692 4149 723 4196 Α.
829 4148 917 4197 ‘Tem
953 4147 1107 4212 s-partem]

56 4232 108 4265 om.
122 4214 155 4264 1).
247 4214 419 4279 excellentem]
433 4215 597 4270 excellentiae,
611 4214 702 4263 ΑΒΕ.
772 4213 789 4243 ¹⁰
806 4212 849 4276 ad]
862 4221 913 4263 eta
933 4213 1031 4269 ,C.ed.
1044 4228 1080 4277 pr.
1124 4188 1127 4260 l

100 4316 280 4359 rnrnuoous.
590 4317 599 4355 1
1123 4288 1126 4299 '

57 3352 94 3410 sit
113 3351 201 3408 virtus
220 3360 307 3425 atque
327 3349 466 3425 potentia,
481 3365 556 3424 quae
575 3346 687 3405 realiter
706 3357 750 3405 est
769 3348 865 3404 divina
884 3348 1017 3416 essentia,
1032 3342 1128 3428 patetl
1312 3317 1316 3451 ἱ
