2864 4836
69 489 158 525 carna
190 465 676 526 SUPPLEMENTUM
706 464 1000 525 TRIALOGI.

72 644 159 702 posse
181 646 243 686 non
264 628 334 697 fieri,
349 629 468 705 qnando
490 628 654 704 implicatur
668 626 745 686 istud
766 645 828 684 non
847 643 934 702 posse
957 626 1025 695 fieri,
1040 624 1120 700 quod

71 733 115 781 est
130 735 233 783 eontra
246 726 461 784 ordinationem
474 725 531 783 Dei
551 725 608 783 hoc
627 743 714 800 posse
729 725 798 782 lieri.
840 724 877 782 Et
892 734 971 800 patet
989 723 1120 780 fundatio

70 823 102 879 in
115 824 210 880 verbis
224 822 330 882 Christi
346 822 450 881 Matth.
465 824 541 880 xxiv.
584 821 632 880 Sic
647 823 731 898 igitur
745 821 874 898 implicat
889 820 1028 889 Christus,
1041 819 1121 895 quod

70 918 155 977 electi
171 920 359 979 seducentnr¹
370 922 400 977 in
415 921 616 996 persecutione
628 919 682 977 hac
697 930 798 994 quarta
809 929 837 976 et
851 919 959 987 ultima,
972 918 1012 974 ‘si
1026 925 1122 992 potest

71 1015 151 1074 fieri!
194 1016 253 1075 Sed
274 1018 377 1076 veritas
398 1028 450 1087 est,
473 1017 554 1093 quod
573 1018 630 1076 hoc
652 1035 713 1075 non
732 1012 827 1093 potest
849 1016 925 1086 fieri;
954 1016 1023 1091 quia
1043 1015 1122 1072 aliter

72 1112 204 1172 Christus
219 1115 378 1191 superflue¹
392 1116 510 1175 adderet
525 1116 602 1175 istud
617 1116 737 1173 verbum
749 1116 789 1172 ‘si
805 1115 864 1172 fieri
876 1114 990 1190 potest,’
1003 1131 1079 1180 curn,
1091 1122 1122 1169 nt

73 1211 204 1270 infideles
216 1212 330 1272 Fratres
342 1214 510 1285 balbutiunt,
522 1213 652 1272 absolute
664 1213 827 1272 necessario
839 1212 898 1269 fieri
913 1211 1031 1287 potest¹,
1042 1209 1122 1285 quod

71 1310 124 1369 iste
146 1310 254 1368 electus
275 1307 380 1369 etiarn⁴
394 1313 495 1369 beatus
510 1330 571 1370 non
592 1312 688 1370 solum
710 1312 747 1370 ad
769 1322 886 1386 tempus
907 1310 959 1368 sed
980 1319 1122 1384 perpetuo

71 1407 233 1478 seducatur,
252 1427 320 1468 cum
341 1419 404 1479 stat,
419 1421 449 1468 ut
471 1410 541 1468 salse
561 1411 703 1486 inquiunt,
725 1410 806 1486 quod
826 1411 879 1467 iste
900 1409 929 1466 in
952 1419 1122 1483 perpetuum

71 1503 225 1564 damnetur
240 1508 271 1564 in
284 1507 399 1566 inferno
414 1519 442 1566 et
457 1527 524 1566 cum
538 1509 595 1566 hoc
610 1519 751 1585 perpetuo
766 1509 803 1565 sit
816 1509 925 1566 beatus.

114 1603 320 1680 Relinquendo
345 1608 430 1682 igitur
455 1606 601 1664 Fratribus
630 1605 789 1665 insaniam⁶
811 1607 897 1664 istam
925 1603 1122 1680 sophisticam,
1170 1634 1264 1699 mum

71 1702 185 1760 videtur
208 1702 288 1773 mihi,
314 1714 345 1760 ut
370 1705 464 1762 innuit
488 1704 572 1762 abbas
593 1701 747 1781 joachim]
773 1704 853 1780 quod
878 1705 931 1761 iste
957 1703 992 1760 sit
1020 1719 1122 1760 sensus
1171 1707 1311 1783 ‘dfffgugosst't

69 1799 197 1876 Spiritus
213 1800 312 1860 Sancti
331 1803 362 1859 in
377 1803 470 1860 verbis
491 1803 552 1860 istis
574 1802 758 1879 propheticis
774 1802 854 1879 qnod
869 1801 949 1859 Deus
971 1801 1123 1875 alloquitur
1156 1797 1269 1902 ΞΞΕΞἉΣ
1286 1837 1304 1862 2.

73 1917 157 1957 suam
172 1899 325 1956 ecclesiam
340 1899 377 1957 de
392 1910 527 1974 quattuor
545 1901 795 1975 persecutionibus
814 1898 1013 1957 consolando:
1036 1904 1123 1966 ‘non,

72 1997 173 2072 inquit,
193 1998 309 2055 timebis
332 2016 350 2054 a
374 1998 477 2055 timore
504 1998 665 2057 noctumo!
708 1998 819 2067 Timor,
841 1998 942 2073 inquit,
965 2007 1124 2054 nocturnus

71 2104 171 2171 potest
195 2095 313 2171 intelligi
337 2096 502 2170 persecutio
526 2097 684 2165 martirum,
705 2114 780 2172 quae
805 2095 970 2153 immediate
996 2095 1124 2153 succedit

67 2202 141 2272 'post
169 2192 327 2268 apostolos,
356 2202 387 2250 ut
413 2192 549 2268 contigit¹
574 2204 705 2270 tempore
728 2194 937 2269 imperatorum
966 2192 1124 2250 infidelium

73 2289 286 2361 Romanorum,
309 2302 341 2348 ut
364 2300 496 2366 tempore
522 2290 694 2350 Diocletiani
717 2291 904 2367 Vespasiani⁸
927 2290 1069 2348 Maxentii
1095 2301 1125 2347 et

72 2388 114 2447 eis
141 2389 284 2447 similium.
335 2387 384 2447 Ad
408 2399 520 2447 tantum
545 2391 624 2447 enirn
648 2390 766 2447 invaluit
793 2390 869 2448 nox¹
894 2389 1069 2447 infidelitatis
1095 2388 1124 2444 in

73 2496 175 2545 nostra
202 2486 358 2558 habitabili,
384 2486 465 2562 quod
494 2487 649 2545 rarenter¹⁰
677 2487 796 2544 inveniri
826 2489 919 2563 possit
947 2486 1046 2556 fidelis,
1076 2485 1124 2561 qni

74 2583 163 2641 fidem
179 2582 285 2642 Christi
298 2601 352 2660 pro
367 2585 441 2643 illo¹¹
462 2594 595 2660 tempore
614 2585 758 2660 publice¹¹
777 2585 1008 2661 promulgaret¹³.
1052 2583 1124 2641 ldeo

73 2691 182 2753 tamen,
198 2684 266 2759 quia
280 2694 412 2758 ternpore
427 2682 476 2740 illo
496 2701 565 2759 prae
587 2684 689 2742 timore
712 2684 839 2742 latebant
857 2684 957 2742 fideles
976 2683 1124 2750 ecclesiae,

72 2781 223 2856 signanter
250 2791 370 2839 vocatur
399 2782 564 2856 persecutio
592 2783 646 2840 ista
671 2784 773 2840 ‘timor
799 2783 976 2854 noctumus,’
1003 2800 1070 2841 cum
1095 2783 1125 2838 in

73 2879 201 2938 tenebris
225 2877 398 2937 infidelitatis
422 2889 481 2937 tam
510 2880 655 2956 principes
679 2899 767 2957 quam
792 2882 897 2957 plebeji
921 2892 981 2940 tam
1009 2881 1124 2957 spissim

74 2976 189 3035 fueraut
210 2978 366 3036 obscurati.
417 2975 544 3035 Semnda
567 2988 664 3036 autem
683 2982 833 3053 persecutae
855 2980 891 3038 ad
913 2982 997 3038 istam
1021 2998 1125 3038 conse·

73 3091 168 3151 quens
193 3073 246 3133 fuit
270 3073 426 3134 haeresis¹⁴
451 3075 546 3145 Arii¹¹,
573 3074 688 3134 Sabellii
713 3087 742 3135 et
766 3079 807 3135 eis
832 3078 967 3135 similium
992 3087 1123 3153 tempore

73 3189 250 3248 magnorum
280 3172 435 3231 doctorum
458 3174 489 3230 in
513 3173 636 3231 ecclesia
658 3173 813 3248 publicata.
863 3174 902 3231 Et
926 3176 981 3233 ista
1004 3186 1137 3233 vocatur·

73 3271 196 3346 ‘sagitta
215 3270 318 3329 volans
339 3271 369 3328 in
394 3269 458 3341 die,'
480 3270 548 3345 quia
570 3288 623 3346 per
643 3272 731 3329 verba
751 3281 835 3329 acuta
856 3283 943 3346 atque
964 3273 1123 3348 pungentia

73 3366 239 3427 lucescente
249 3367 308 3426 fide
322 3367 461 3427 ecelesiae
475 3367 528 3426 suit
538 3367 665 3427 haeresis
679 3369 742 3426 talis
753 3387 805 3444 per
815 3371 921 3428 multos
932 3381 961 3428 et
972 3369 1123 3448 magnos¹¹

73 3477 193 3524 ostensa
217 3465 333 3541 publice
357 3475 387 3524 et
407 3464 527 3524 seculari
547 3464 666 3524 brachio
691 3466 856 3539 defensata;
887 3469 954 3526 ideo
975 3470 1122 3545 signanter

74 3563 267 3623 nominatur¹¹
288 3564 343 3623 ista
367 3563 529 3639 persecutio
552 3565 672 3640 ‘sagitta
693 3565 794 3624 volans
816 3567 846 3623 in
868 3566 932 3624 die?
976 3566 1034 3625 Sed
1056 3576 1122 3642 post

108 3712 117 3742 ¹
135 3710 292 3776 seducentur]
304 3711 483 3767 seducerentur,
494 3711 542 3759 ab.
616 3711 627 3739 ¹
642 3712 775 3776 superflue]
788 3714 924 3777 superbiae,
936 3714 965 3764 C.
1031 3714 1040 3741 ³
1057 3728 1121 3766 curn.

75 3783 104 3827 ut
124 3776 239 3831 infideles,
257 3776 344 3826 fratres
366 3776 514 3832 balbutiunt,
537 3775 651 3827 absolute
672 3779 809 3827 necessario
829 3778 880 3828 fieri
903 3778 997 3843 potest]
1021 3795 1070 3827 om.
1092 3780 1121 3829 C.

74 3843 85 3872 ⁴
101 3841 188 3905 etiam]
201 3849 234 3897 et,
245 3843 275 3891 C.
325 3842 335 3871 ⁶
351 3841 481 3904 insaniam]
491 3841 625 3898 infamiam,
635 3843 665 3892 C.
714 3844 724 3872 ⁸
740 3843 866 3909 Joachim]
879 3844 1032 3908 Joachimde
1042 3843 1121 3892 Flore.

73 3906 84 3938 ¹
102 3906 218 3970 contigit]
232 3907 361 3971 contingit,
373 3908 413 3961 A.
425 3907 450 3954 b.
462 3906 556 3970 primae
566 3923 661 3956 manus.
767 3909 777 3937 ¹
795 3909 951 3963 Diocletiani,
964 3909 1121 3972 Vespasiani]

76 3972 243 4037 Dyocletiani,
256 3973 408 4036 Vespesiani,
420 3971 500 4021 Codd.
513 3972 596 4021 Aah.
714 3974 724 4002 ¹
741 3974 801 4037 nox]
814 3990 870 4027 vox.
883 3976 914 4024 C.
925 3975 1016 4036 primae
1027 3990 1121 4022 manus.

76 4039 96 4068 ¹⁰
112 4037 234 4100 rarenter]
247 4038 339 4094 rariter,
352 4039 382 4087 C.
498 4037 514 4066 ¹¹
532 4037 587 4101 illo]
600 4039 657 4092 isto.
669 4039 701 4086 A.
815 4040 832 4068 ¹¹
849 4039 958 4152 publice]
970 4039 1080 4104 pulchre,
1092 4040 1121 4088 C.

76 4104 95 4134 ¹¹
111 4101 291 4169 promulgaret]
304 4102 469 4167 provulgaret.
483 4102 512 4151 C.
524 4102 618 4166 primae
629 4118 722 4152 manus.
911 4105 929 4134 ¹⁴
955 4105 990 4153 uit
1003 4105 1109 4153 haeresis

76 4168 185 4219 haeresis
197 4167 249 4224 fuit,
263 4170 293 4218 C.
410 4169 427 4197 ¹¹
444 4166 510 4230 Arii]
523 4168 597 4222 Arrii,
609 4168 722 4218 Codices.
833 4170 850 4199 ¹¹
867 4171 959 4219 multos
970 4178 994 4218 et
1006 4186 1110 4234 magnos
1137 4172 1142 4291 l

76 4248 182 4297 magnos
194 4240 217 4282 et
229 4232 328 4290 multos,
340 4235 370 4283 C.
469 4231 486 4262 ¹¹
503 4233 655 4299 nominatur]
667 4242 776 4291 vocatur,
789 4236 818 4285 C.
