2864 4836
871 337 1302 348 ——-.-.·-——--0--—-.--›<-
1309 339 1425 351 ——an

164 469 257 514 cara.
527 447 869 512 TRIALOGUS.
1300 469 1361 534 393
1423 363 1427 417 ⁸

116 633 131 674 r
205 618 255 677 Ad
268 619 415 677 serrandum
428 623 619 696 argumentum
634 628 715 677 tuum
729 620 896 695 respondeo
914 638 966 696 per
981 621 1216 697 suppositionem

116 733 127 775 s
163 719 289 790 tertiam,
313 719 394 795 quod
418 719 492 777 sicut
516 717 598 777 Deus
623 718 785 777 secundum
810 718 944 777 notitiam
969 720 1216 781 distinctissimam

116 832 123 872 r
164 817 267 876 omnia
284 833 410 893 corpora
427 834 464 875 ex
485 817 590 875 atomis
605 817 666 874 suis
685 817 860 893 composuit,
875 817 917 876 sic
936 835 1004 876 cum
1024 835 1086 876 non
1105 818 1216 895 potest¹

116 932 119 969 r
163 929 183 973 a
202 914 305 972 notitia
322 931 418 972 rerum
433 914 576 985 excidere,
591 914 645 972 scit
664 913 875 990 perfectissime
890 923 1006 975 atomos
1021 914 1086 976 illos
1106 915 1217 975 recolli-

162 1011 243 1088 gere.
284 1009 357 1070 ideo
378 1011 462 1070 stulte
481 1012 593 1070 miraris
612 1030 649 1070 ex
670 1021 721 1071 tua
740 1013 903 1089 ignorantia
922 1014 1066 1073 immensa
1084 1014 1217 1072 notitiam

160 1107 220 1168 Dei
234 1109 283 1169 tui.
317 1109 366 1168 Ad
379 1112 491 1195 terlr'rrm
506 1116 699 1189 argumentum
715 1120 797 1169 tuum
811 1111 986 1187 respondeo,
1001 1113 1083 1189 quod
1097 1114 1172 1177 sient
1186 1124 1218 1173 tu

162 1208 289 1267 assumis
303 1208 355 1267 tibi
370 1208 554 1284 incognitum
574 1207 610 1266 de
624 1208 720 1266 inesse
726 1207 745 1279 ²,
761 1208 821 1268 imo
840 1211 935 1268 nescis
956 1211 980 1269 si
993 1210 1051 1269 hoc
1071 1212 1107 1269 sit
1123 1214 1218 1288 possi·

163 1304 231 1375 bile,
246 1305 289 1364 sic
302 1303 473 1381 responderi
492 1314 589 1382 potest
609 1323 661 1382 per
675 1306 726 1364 tibi
745 1307 925 1382 ambiguum,
940 1308 1022 1384 quod
1041 1306 1124 1368 Deus
1140 1309 1219 1369 ordi·

163 1403 246 1462 nabit
259 1404 290 1462 in
303 1403 409 1463 talibus
427 1404 509 1481 quod
529 1405 584 1463 sibi
603 1403 750 1480 placuerit,
765 1406 839 1463 sicut
854 1405 997 1464 ordinavit
1011 1407 1161 1465 materiam
1181 1407 1219 1466 ad

162 1519 257 1578 panes
270 1510 300 1560 et
313 1503 417 1578 pisces,
432 1520 508 1579 quos
523 1503 565 1561 sic
584 1501 789 1578 multiplicavit,
803 1512 835 1560 ut
852 1503 881 1561 in
901 1503 1054 1580 evangelio
1073 1505 1219 1564 recitatur.

163 1597 230 1657 Nec
249 1601 390 1659 erubesco
405 1599 487 1676 quod
501 1611 617 1676 oportet
630 1611 690 1659 tam
704 1618 753 1659 me
770 1618 860 1677 quam
879 1611 908 1659 te
922 1600 980 1660 Dei
1001 1603 1217 1662 ordinationem

162 1696 196 1754 in
214 1695 320 1755 talibus
339 1697 482 1772 ignorare,
500 1707 533 1756 ut
551 1707 629 1774 puta,
645 1715 734 1774 quam
754 1716 852 1756 rarum
873 1700 925 1757 erit
946 1717 1054 1775 corpus
1071 1701 1157 1771 beati,
1173 1700 1218 1760 vel

162 1793 236 1869 quid
255 1802 304 1852 aut
322 1804 464 1871 quantum
484 1793 520 1852 de
539 1794 659 1853 materia
678 1804 807 1871 resurget
828 1813 917 1872 quam
937 1806 1103 1872 portaverat
1121 1796 1168 1856 hic
1187 1798 1217 1854 in

162 1893 218 1950 via.
259 1890 306 1950 De
320 1910 381 1950 uno
395 1903 495 1951 tamen
508 1910 571 1952 non
584 1893 694 1962 dubito,
706 1893 788 1969 quod
802 1893 885 1951 mtdti
899 1893 1063 1968 corpulenti
1077 1903 1106 1952 et
1119 1895 1215 1971 grossi

163 1999 283 2067 portant
296 1988 344 2048 hic
363 1990 492 2067 plurem³
508 1991 667 2062 materiam,
682 1991 936 2067 quam,habebunt
950 2001 1017 2066 post
1031 1993 1217 2051 resurrectio·

164 2104 237 2146 nem
251 2087 281 2145 in
296 2088 397 2164 patria.
433 2087 491 2147 Sed
506 2089 576 2160 scio,
588 2087 668 2165 quod
683 2089 713 2146 in
724 2090 861 2147 omnibus
872 2089 934 2147 istis
944 2087 1026 2148 Deus
1037 2090 1075 2148 ad
1086 2088 1217 2165 regulam

164 2185 319 2244 ordinabit
355 2184 414 2244 Sed
424 2185 495 2263 quid
505 2187 548 2245 vis
560 2187 692 2263 amplius,
705 2205 771 2245 cum
787 2187 915 2263 argutiae
927 2189 1008 2246 tuae⁴
1023 2206 1083 2245 non
1095 2188 1218 2247 militant

164 2281 304 2342 adversus
318 2284 538 2360 possibilitatem
552 2285 596 2343 vel
610 2285 863 2344 rationabilitatem
877 2286 963 2363 hujus
977 2286 1155 2345 sententiae?

593 2680 689 2744 CAP.
711 2681 791 2741 XLI.

501 2839 548 2898 De
560 2841 720 2917 corporibus
733 2841 878 2900 bealorum.

207 2995 329 3054 Alr'thr'a.
370 2995 436 3068 Dic,
447 3014 521 3073 rogo
535 2997 630 3068 irater,
645 2999 676 3056 dc
689 3000 796 3058 dotr'bus
810 3010 952 3075 corporum
967 3000 1113 3071 beatorum,
1129 2998 1214 3076 quia³
1246 3011 1398 3093 mgb·

164 3092 277 3153 videtur
290 3094 388 3154 multis
402 3095 531 3154 mirabile
546 3097 627 3173 quod
641 3115 765 3172 corpora
783 3107 862 3156 tante
882 3099 1025 3156 contraria
1045 3116 1105 3156 non
1125 3108 1213 3175 agent
1246 3097 1326 3133 Μ·

164 3190 204 3251 ad
219 3195 342 3253 invicem
357 3203 386 3252 et
400 3212 464 3252 sese
483 3195 672 3254 consument⁶
691 3195 720 3253 in
740 3205 872 3271 tempore
890 3195 1012 3254 infinito.
1054 3195 1092 3252 Et
1111 3195 1213 3254 iterum

163 3293 277 3351 videtur
291 3291 421 3349 mirabile
436 3290 516 3366 quod
530 3302 727 3367 corporatam
741 3293 848 3368 gravia,
864 3302 923 3349 tam
943 3291 1066 3349 multum
1085 3291 1122 3350 de
1140 3302 1214 3349 terra

164 3390 310 3460 habentia,
326 3407 387 3447 non
401 3387 466 3448 illos
479 3400 593 3448 creatos
612 3390 728 3466 spiritus
747 3388 910 3463 fatigabunt
928 3389 958 3447 in
973 3389 1031 3447 suis
1045 3389 1172 3447 motibus
1186 3399 1214 3447 et

164 3487 328 3546 tardabunt.
372 3484 507 3545 Similiter
526 3486 635 3545 videtur
656 3486 752 3546 multis
773 3487 911 3556 mirabile,
930 3485 1081 3563 quomodo
1103 3485 1213 3544 dimen-

165 3587 264 3643 siones
278 3601 434 3660 corporum
453 3586 605 3642 beatorum
625 3602 688 3642 sese
708 3584 799 3642 taliter
818 3584 1018 3660 penetrabunt,
1034 3602 1101 3642 cum
1121 3583 1213 3660 pbilo-

164 3680 252 3760 sopbi
284 3682 483 3759 improbantes
511 3699 636 3741 vacuum
664 3700 698 3740 ac
726 3682 940 3741 dimensionem
967 3684 1114 3760 propriam
1141 3680 1214 3741 loci⁷

163 3790 350 3856 sumpserunt
365 3790 397 3839 ut
410 3798 462 3856 per
476 3798 508 3839 se
523 3790 626 3838 notum
640 3780 824 3857 principium,
839 3779 921 3857 quod
939 3780 1137 3840 dimensiones
1151 3799 1212 3839 non

164 3889 289 3956 possunt
303 3895 335 3936 se
349 3878 497 3955 reciproce
513 3887 673 3954 penetrare.

198 4020 319 4088 ¹potest]
331 4030 376 4081 est,
387 4023 426 4073 ed.
438 4040 475 4089 pr.
573 4023 631 4073 ¹de
641 4023 731 4088 inesse]
744 4023 899 4080 Deumesse.
910 4023 948 4073 ed.
961 4039 997 4088 pr.
1077 4023 1212 4088 ’pluremJ

164 4088 298 4183 pulverem.
310 4090 342 4137 A.
372 4089 456 4146 rimae.
469 4091 496 4138 B.
509 4089 631 4140 mundae
641 4105 736 4148 mansu,
748 4090 778 4140 C.
850 4086 944 4153 ⁴tuae]
957 4105 1006 4138 om.
1020 4088 1211 4153 A.B.C.od.pr.

190 4154 259 4218 quia]
271 4155 346 4219 quod,
381 4155 598 4220 .primaemsnus‚
610 4155 647 4203 ed.
660 4170 696 4219 pr.
818 4153 1064 4218 ‘scseconsumenq
1077 4154 1212 4204 sicconsu.

164 4227 270 4277 mentur,
282 4219 367 4270 A.B.C
374 4237 381 4277 ;
399 4235 452 4271 sese
463 4227 644 4278 consumentur.
657 4220 695 4271 cd.
707 4236 744 4285 pr.
842 4219 852 4248 ‘¹
869 4218 929 4284 loci]
941 4234 991 4269 om.
1003 4219 1096 4270 ΑΜ.
