2864 4836
533 422 788 503 JOANNIS
828 422 1038 484 WICLIF
1241 449 1334 485 marn.

273 587 446 664 obligatoria
457 585 587 662 sophista
599 596 699 662 posset
712 585 770 644 hoc
785 585 904 644 faciliter
915 585 1072 645 defendere
1085 597 1196 646 contra
1206 589 1330 646 rationes

272 687 470 763 cujuscunque
492 685 641 743 moderni¹
655 686 686 743 in
706 685 877 760 oppositum
898 683 1054 754 faciendas,
1068 686 1141 760 quia
1162 687 1188 744 si
1212 703 1283 754 non,
1296 687 1329 743 sit

272 805 348 844 unus
376 785 576 844 contentiosus
601 784 715 860 juvenis
743 783 899 858 theologus
921 785 996 842 sicut
1020 781 1118 853 frater,
1142 794 1174 843 et
1198 785 1329 844 admittat

272 884 492 960 possibilitatem
512 883 718 969 incarnationis
738 883 810 940 asini
831 882 868 941 de
881 880 938 941 Dei
957 883 1099 958 potentia,
1119 893 1219 942 stante
1239 885 1328 941 incar·

272 984 390 1043 natione
405 981 540 1050 hominis,
556 989 586 1039 et
599 980 749 1039 videamus
764 997 837 1056 quas
850 980 1010 1039 evidentias
1024 979 1222 1056 ponderabit;
1248 981 1327 1039 etsie

272 1089 316 1138 est
331 1080 368 1138 de
381 1080 463 1138 omni
478 1078 658 1148 nominabili,
673 1079 761 1136 etiam
780 1095 872 1154 usque
892 1077 930 1136 ad
949 1077 1227 1149 contradictionem,
1242 1094 1327 1154 quarn

271 1177 403 1253 garrulus
418 1177 486 1236 dicit
501 1195 532 1235 se
549 1177 622 1235 scire
637 1175 803 1235 defendere.
845 1175 883 1234 Et
896 1185 1012 1251 captato
1027 1157 1163 1250 tempoie
1183 1174 1327 1251 superflue

272 1275 381 1333 adhoc
395 1274 621 1350 improbandum
632 1275 800 1351 evagabitur
814 1273 945 1349 sophista
958 1275 989 1331 in
1003 1272 1194 1332 altercatione
1205 1273 1327 1349 garrula,

271 1384 300 1431 et
314 1383 431 1448 tempus
445 1370 619 1447 utrobique¹
633 1372 769 1430 inutiliter
782 1372 971 1449 expendetur.

312 1470 448 1529 Pseustzi.
489 1469 589 1529 Probo
606 1471 658 1529 tibi
672 1489 725 1546 per
739 1471 945 1530 deductionem
959 1469 997 1528 ad
1010 1469 1232 1539 inconveniens,
1248 1467 1327 1545 quod

273 1568 495 1627 fundamentum
509 1580 591 1627 tuum
600 1570 636 1628 sit
647 1569 833 1645 impossibile,
845 1569 914 1645 quia
923 1579 993 1626 tunc
1003 1576 1183 1644 sequeretur,
1198 1567 1281 1643 quod
1293 1567 1322 1622 in

272 1666 469 1743 quodcunque
479 1676 576 1743 potest
586 1666 677 1737 Deus,
688 1676 784 1744 potest
795 1668 883 1725 etiam
897 1676 1035 1736 creatura,
1046 1683 1115 1723 cum
1125 1666 1260 1741 potentia
1270 1663 1326 1722 Dei

273 1766 439 1823 terminatur
454 1765 535 1823 finito
550 1766 679 1823 maximo
694 1766 724 1823 in
739 1765 820 1841 quod
833 1774 939 1840 potest,
954 1773 983 1822 et
996 1764 1106 1822 nedum
1124 1780 1217 1821 nemo
1231 1771 1328 1839 potest

272 1863 375 1922 melius
403 1862 497 1922 facere
522 1880 612 1938 quam
640 1862 724 1921 facit⁸
748 1863 786 1922 de
814 1862 900 1922 facto.
952 1861 1011 1920 Sed
1039 1879 1094 1919 nec
1119 1859 1204 1919 Deus
1231 1867 1328 1937 potest

273 1961 382 2020 salvare
405 1961 555 2020 hominem
577 1961 621 2020 vel
640 1962 748 2038 juvare,
771 1961 826 2018 nisi
848 1959 885 2018 de
906 1959 984 2019 facto
1005 1959 1047 2018 sic
1068 1959 1131 2018 erit.
1174 1956 1236 2018 Sed
1257 1957 1326 2035 quid

273 2060 405 2118 stultius?
440 2058 516 2117 Cum
530 2058 707 2118 Arzitotcles⁴
722 2059 799 2117 dicat
818 2077 881 2117 esse
900 2057 1047 2134 possibile,
1060 2072 1194 2133 pannum
1209 2056 1327 2114 lacerari

273 2158 317 2216 vel
333 2167 418 2233 caput
433 2156 559 2216 hominis
574 2157 676 2234 frangi,
691 2157 823 2233 quamvis
836 2173 897 2214 non
912 2155 1078 2214 necessario
1092 2155 1132 2212 ita
1142 2155 1205 2213 erit
1248 2153 1326 2227 Quia

273 2255 354 2312 aliter
381 2263 481 2330 posset
508 2256 627 2313 vitiosus
656 2272 844 2331 prorumpere
869 2254 1004 2312 faciendo
1028 2251 1170 2329 quidquid
1195 2253 1326 2319 voluerit,

274 2352 398 2411 dicendo
420 2353 451 2410 in
473 2352 538 2423 fine,
555 2362 585 2411 ut
607 2363 637 2411 tu
659 2353 846 2428 dogmatisas,
861 2352 942 2428 quod
964 2369 1025 2410 non
1046 2348 1163 2427 posset⁶
1183 2369 1217 2409 se
1239 2370 1257 2409 a
1278 2350 1325 2408 tali

274 2468 362 2527 opere
378 2451 534 2510 continere.
581 2450 657 2510 Etsi
678 2461 708 2509 tu
728 2451 808 2520 dicis,
824 2450 905 2527 quod
924 2449 981 2508 hoc
1000 2449 1075 2508 male
1096 2449 1192 2518 fiebat,
1207 2449 1326 2508 vitiosus

275 2568 304 2607 se
319 2561 438 2608 excusat
453 2549 588 2618 dicendo,
603 2547 650 2607 ut⁶
670 2550 746 2625 capit
767 2567 803 2607 ex
821 2561 872 2607 tuo
894 2566 1044 2624 responso,
1066 2547 1147 2624 quod
1160 2547 1245 2606 Deus
1266 2565 1326 2606 non

275 2649 365 2723 possit
379 2665 451 2717 esse,
468 2649 522 2704 nisi
536 2647 593 2704 hoc
613 2647 720 2705 malum
741 2649 853 2705 eveniat
860 2665 869 2718 ;
895 2658 923 2705 et
938 2656 1032 2706 cessat
1047 2647 1144 2705 omnis
1158 2647 1268 2723 positio
1282 2645 1325 2704 vel

275 2745 419 2821 depositio
432 2746 462 2803 in
478 2756 538 2803 arte
553 2745 724 2821 obligatoria
737 2747 850 2804 usitata.

316 2842 478 2901 Phrenesis.
523 2843 600 2915 Scio,
615 2844 695 2920 quod
710 2845 858 2921 sophistae
873 2844 1002 2922 theologi
1016 2843 1062 2902 isti
1082 2845 1242 2903 sententiae
1257 2862 1325 2904 con·

275 2941 424 3010 tradicent,
440 2941 491 2998 sed
506 2942 608 2999 vellem
629 2942 724 3000 videre
746 2943 919 3001 evidentiam
940 2943 978 3001 ad
999 2943 1076 3002 istud
1096 2942 1252 3002 efficaciter
1272 2945 1324 3001 im·

274 3038 466 3114 probandum.
510 3039 587 3098 Nam
603 3041 721 3116 quando
742 3051 772 3099 tu
791 3043 885 3117 primo
905 3044 1036 3112 assumis,
1051 3042 1131 3118 quod
1146 3043 1276 3118 sequitur
1289 3061 1325 3101 ex

275 3137 338 3206 isto,
353 3148 381 3195 et
402 3136 515 3195 Deum⁷
528 3149 557 3196 et
578 3148 738 3196 creaturam
759 3140 789 3197 in
810 3141 940 3215 potentia
962 3141 1123 3216 coaequari,
1145 3150 1225 3215 patet
1246 3141 1325 3217 quod

274 3235 378 3294 falsum
390 3237 522 3305 assumis,
531 3237 585 3294 nisi
595 3236 668 3294 forte
679 3237 896 3312 sophisticando
907 3249 935 3296 et
946 3238 1165 3315 aequivocando
1177 3238 1325 3298 Christum

275 3332 372 3391 Deum
394 3344 424 3392 et
447 3333 597 3392 hominem
623 3337 770 3393 vocaveris
796 3347 965 3395 creaturam.
1018 3335 1097 3393 Nam
1121 3335 1204 3395 Deus
1229 3349 1326 3414 potest

275 3431 406 3490 Verbum
428 3444 456 3491 et
479 3432 616 3508 Spiritum
640 3432 779 3491 Sanctum
801 3434 838 3492 ad
860 3435 934 3492 intra
955 3436 1126 3510 producere.
1169 3435 1228 3493 Sed
1250 3454 1326 3512 quae

275 3547 346 3605 pure
362 3529 506 3587 creatura⁸
520 3541 617 3605 potest
631 3532 660 3588 in
674 3533 808 3589 tantum?
842 3531 923 3591 Deus
938 3533 1024 3590 etiam
1039 3533 1173 3609 producit
1187 3536 1325 3593 unitersi-

276 3636 364 3684 tatem
376 3638 512 3698 creatam,
528 3628 578 3687 sed
590 3630 660 3705 quid
671 3640 767 3705 potest
779 3649 809 3688 se
824 3631 919 3706 ipsum
931 3631 1112 3706 producere?
1141 3630 1224 3691 Deus
1238 3635 1325 3692 etiam

276 3724 408 3800 producit
430 3728 551 3796 animas,
573 3729 679 3804 gratias
701 3738 730 3786 et
752 3741 891 3804 tempora,
907 3730 959 3787 sed
985 3747 1061 3805 quae
1085 3730 1173 3805 pure’
1195 3743 1327 3794 creatura

309 3936 316 3965 ¹
334 3936 457 4000 moderni]
471 3953 519 3986 om.
533 3938 566 3985 D.
687 3938 696 3967 ²
713 3941 853 4006 utrobique]
866 3943 991 3999 utrolibet,
1004 3944 1037 3992 D.
1150 3945 1161 3973 ³
1177 3944 1248 4010 facit]
1261 3945 1326 4003 fecit,

277 4002 338 4050 ΑΒ.
351 4004 471 4052 secundae
484 4019 577 4059 manus,
590 4005 619 4054 C.
741 4007 749 4034 ⁴
766 4007 925 4073 Aristoteles]
937 4009 1018 4072 pn'mo
1031 4008 1136 4059 Periher.
1149 4011 1225 4060 Arist.
1238 4012 1276 4060 ed.
1288 4029 1325 4075 pr.

274 4068 284 4095 ³
301 4069 404 4180 possetp)
410 4069 495 4132 possit,
507 4069 600 4119 nhc.
611 4070 649 4119 ed.
662 4087 698 4135 pr.
796 4074 807 4102 ⁸
823 4073 863 4137 ut]
876 4075 950 4138 quod,
963 4075 995 4122 D.
1007 4077 1045 4125 ed.
1057 4092 1093 4139 pr.
1167 4077 1177 4105 ¹
1193 4084 1218 4125 el
1231 4076 1312 4126 Deum

278 4133 367 4186 Deum,
407 4134 462 4182 ‚ed
475 4150 511 4198 pr.
604 4136 613 4162 ⁸
630 4151 690 4199 pure
701 4139 822 4203 creatura]
835 4149 945 4190 creatura
957 4157 1026 4205 pura,
1038 4142 1130 4193 A.B.C.
1226 4143 1235 4171 ¹
1253 4158 1313 4206 pure

276 4212 345 4262 pura,
358 4198 419 4246 ΑΒ.
431 4199 552 4248 secundae
564 4217 658 4257 manus.
670 4204 700 4253 C.
