2864 4836
137 455 229 494 cana
497 429 843 492 TRIALOGUS.
1278 445 1343 509 '109

139 593 266 652 dicimus
285 593 416 670 angelos,
438 593 498 652 sive
522 594 617 652 bonos
639 594 698 652 sive
718 593 820 652 malos.
863 592 939 652 Tres
963 601 1060 651 autem
1085 590 1194 649 hierar·
1232 598 1351 683 2533?-

139 690 237 750 chias¹
251 702 366 767 ponunt
379 690 508 767 theologi
522 708 585 750 esse
601 691 631 749 in
646 690 700 749 illis
715 690 884 767 spiritibus²,
896 692 936 749 ita
949 690 1031 767 quod
1045 689 1196 765 quaelibet

139 788 302 848 hierarchia
316 789 465 847 contineat
481 799 539 847 tres
559 787 676 847 ordines
695 787 875 864 angelorum,
890 797 919 846 et
933 805 1022 864 super
1034 787 1107 846 illis³
1120 786 1195 845 hier·

140 887 262 945 archam
287 887 459 957 summnm‘,
479 886 586 944 scilicet
607 886 703 961 ipsum
722 885 830 944 Deum.
873 884 947 945 Sunt
969 896 1066 944 autem
1088 901 1196 944 novem

140 983 262 1044 ordines
285 982 465 1059 angelorum,
486 983 527 1040 ita
551 984 712 1041 nominati:
743 983 848 1059 angeli,
869 983 1045 1059 archangeli,
1071 985 1197 1052 virtutes,

139 1080 248 1151 throni,
263 1081 486 1151 dominationes,
502 1080 690 1157 principatus,
705 1091 871 1157 potestates,
888 1081 1049 1141 Cherubim
1064 1091 1093 1140 et
1113 1080 1197 1140 Sera·

139 1179 233 1257 phim,
248 1196 374 1255 quorum
388 1178 572 1238 excellentias
586 1179 616 1235 in
630 1180 731 1236 virtute
750 1190 780 1238 et
799 1179 1008 1255 descriptiones
1029 1160 1200 1238 nominum⁵

139 1278 240 1354 posuit
267 1275 439 1352 Gregorrits⁸
463 1286 493 1334 et
517 1275 564 1334 alii
590 1294 657 1334 cum
682 1275 814 1334 Diom'sio
841 1278 926 1335 istam
953 1277 1104 1335 materiam
1132 1295 1198 1353 per·

140 1385 306 1434 tractantes
356 1373 543 1450 Experientia
564 1384 660 1432 autem
681 1373 792 1432 videtur
813 1379 985 1433 convincere
1007 1373 1199 1450 positionem⁷

140 1473 229 1532 istam
243 1472 279 1531 de
293 1472 347 1530 illis
361 1469 530 1547 spiritibus⁸,
548 1480 578 1529 et
591 1471 789 1529 testimonium
800 1471 939 1542 Danielis,
954 1471 1156 1548 apocalypsis'
1170 1481 1199 1530 et

129 1571 191 1630 alii
211 1571 275 1629 libri
296 1568 458 1647 prophetici
479 1569 557 1628 idem
579 1569 686 1628 dicunt.
729 1568 812 1640 Quot
830 1581 927 1628 autem
951 1571 1067 1646 spiritus
1087 1570 1198 1629 suntin

141 1685 206 1729 uno
220 1667 332 1739 ordine,
347 1668 371 1726 si
386 1667 482 1726 decies
496 1666 601 1725 millies
616 1677 740 1726 centena
753 1668 839 1736 milia,
855 1669 953 1743 plures
972 1677 1021 1726 aut
1036 1667 1198 1744 pauciores,

142 1776 189 1826 est
207 1765 293 1824 nobis
312 1765 505 1841 incognitum,
520 1765 594 1824 sicut
612 1765 792 1840 ignoramus,
812 1776 909 1823 utrum
931 1765 1136 1841 intelligentiae
1155 1765 1199 1822 vel

143 1864 263 1942 spiritus
290 1874 410 1922 movent
438 1864 563 1922 coelum.
605 1862 656 1921 Isti
685 1873 782 1920 autem
811 1863 927 1939 spiritus
956 1863 1090 1920 dicuntur
1118 1880 1199 1921 com·

143 1962 270 2021 munitet
293 1962 400 2020 habere
428 1962 530 2037 triplex
559 1960 697 2031 officium,
727 1960 834 2019 scilicet
862 1961 1011 2036 perficere,
1040 1959 1199 2018 illuminare

144 2058 295 2117 inferiores
309 2059 440 2135 angelos,
449 2068 477 2117 et
488 2076 621 2134 purgare.
664 2057 710 2116 De
725 2057 862 2116 omnibus
874 2068 971 2115 autem
983 2057 1045 2116 istis
1055 2056 1201 2145 spiritibus

135 2166 259 2215 -tantum
278 2167 336 2215 tres
354 2167 422 2215 sunt
442 2157 528 2214 nobis
538 2157 561 2189 ¹⁰
581 2155 743 2232 specialiter
762 2155 913 2224 nominati,
933 2154 1042 2214 scilicet
1064 2153 1198 2224 Michael,

146 2253 275 2325 Gabriel,
296 2264 325 2313 et
346 2253 488 2330 Raphael.
538 2251 669 2311 Mr'cltoel
688 2252 791 2311 dicitur
812 2270 848 2311 ex
869 2251 994 2328 pugna¹¹
1016 2262 1118 2311 contra
1138 2253 1199 2310 dia·

147 2351 258 2421 bolum,
283 2369 302 2409 a
326 2350 463 2421 ‘micha'
489 2350 571 2426 quod
598 2361 643 2410 est
670 2368 778 2427 pugna,
806 2359 835 2408 et
859 2350 914 2408 ‘el'
941 2349 1030 2409 Deus.
1084 2348 1204 2409 Gabriel

146 2467 184 2507 ex
213 2448 380 2507 fortitudine
415 2445 471 2506 Dei
505 2457 607 2506 contra
633 2453 733 2506 ae‘reas
761 2456 928 2523 potestates.
978 2445 1112 2523 Raphael
1137 2447 1201 2506 ex¹²

147 2545 294 2605 medicina
308 2545 364 2604 Dei
379 2556 411 2604 ut
425 2555 529 2603 notant
544 2545 688 2604 historiae.

188 2642 316 2701 Possunt
343 2652 441 2701 autem
469 2642 567 2718 angeli
595 2642 705 2701 moveri
733 2640 869 2712 celeriter,
895 2652 955 2700 tam
983 2660 1051 2701 cum
1078 2659 1201 2717 corpore
1274 2699 1292 2724 ι

148 2751 303 2816 assumpto
322 2758 412 2817 quam
432 2741 496 2799 sine
515 2757 648 2815 corpore.
690 2740 729 2800 Et
747 2750 779 2799 ut
798 2742 992 2799 communiter
1013 2741 1123 2811 dicitur,
1138 2741 1201 2817 qui·

147 2837 218 2897 libet
237 2839 328 2896 viator
347 2837 435 2896 habet
454 2837 529 2896 duos
549 2838 672 2914 spiritus,
687 2837 796 2897 scilicet
815 2838 926 2896 bonum
940 2837 978 2896 ad
994 2838 1155 2914 juvandum
1172 2848 1202 2896 et

148 2935 260 2994 malum
284 2934 321 2993 ad
349 2934 575 2993 exercitandum.
622 2933 756 3011 Corpora
778 2944 874 2993 autem
897 2945 1046 3011 assumpta
1068 2935 1202 2994 dicuntur

148 3041 234 3092 aerea
245 3034 304 3091 sive
316 3033 461 3103 coelestia,
474 3032 512 3090 ad
527 3032 657 3108 figuram,
672 3033 710 3091 ad
724 3035 912 3108 quantitatem
927 3042 956 3090 et
970 3032 1151 3104 densitatem,
1167 3051 1201 3091 ac

148 3131 297 3189 raritatem
312 3128 442 3188 celeriter
461 3138 604 3204 coaptata.
648 3128 775 3188 Possunt
794 3140 892 3188 autem
906 3129 936 3188 hi
955 3129 1071 3206 spiritus
1085 3147 1201 3189 movere

148 3246 182 3287 se
196 3237 226 3286 et
239 3228 302 3287 sine
316 3245 439 3304 corpore
453 3226 589 3298 localiter,
606 3227 733 3287 velocius
747 3238 797 3287 aut
811 3228 929 3298 tardius,
944 3228 1105 3287 secundum
1120 3229 1202 3304 quod

148 3325 232 3385 Deus
247 3325 297 3384 dat
307 3325 361 3384 illis
372 3324 533 3402 potentiam
545 3326 587 3385 sic
598 3325 743 3384 movendi.
786 3325 866 3384 Sicut
876 3326 956 3384 enim
966 3326 1071 3401 globus
1086 3326 1202 3384 luminis

149 3433 195 3482 est
209 3441 261 3498 per
279 3433 372 3482 totum
394 3424 481 3482 situm
501 3439 675 3498 corporeum
694 3423 771 3482 varie
789 3423 992 3500 quantificatus
1006 3432 1034 3481 et
1053 3424 1201 3498 figuratus,

143 3520 193 3579 -sic
218 3519 404 3579 sentiendum
428 3531 471 3579 est
495 3519 531 3578 de
556 3520 617 3580 istis
641 3521 795 3596 spiritibus,
817 3531 931 3596 praeter
955 3519 1012 3579 hoc
1033 3520 1114 3597 quod
1135 3532 1202 3579 sunt

149 3616 333 3693 spiritualiter
354 3617 441 3694 positi
462 3636 497 3678 ac
517 3617 697 3694 multiplicati
718 3636 770 3694 per
793 3617 882 3676 talem
906 3618 994 3677 situm
1018 3636 1201 3695 corporeum.

186 3775 369 3843 ¹hierarchias]
381 3776 520 3836 ierarchias,
533 3778 610 3834 Α.Β.;
633 3777 778 3842 yerarchias,
791 3779 821 3830 C.
913 3778 1201 3845 'spiritibustpiiitua-
1284 3840 1288 3847 ¹

149 3841 226 3898 libus,
238 3843 275 3891 ed.
287 3858 325 3907 pr.
404 3842 491 3908 ¹illis]
503 3842 580 3900 illam.
592 3844 625 3892 Α.
632 3860 639 3901 r
657 3843 720 3900 illas,
732 3843 792 3895 ΒΕ.
876 3843 1054 3894 ⁴hierarcham
1066 3844 1200 3909 summum]

149 3907 318 3967 ,maerentem
329 3923 460 3964 summam.
473 3908 566 3958 ΑΒΕ.
647 3909 657 3938 ⁵
673 3909 812 3974 nominum]
825 3910 989 3965 nominatum.
1000 3910 1039 3959 ed.
1068 3925 1105 3966 r.;
1122 3909 1203 3958 nomi-

150 3972 383 4035 norum,ed.1753.
481 3971 655 4038 ‘Gregorius]
668 3974 706 4023 ed.
718 3990 755 4038 pr.
766 3972 850 4024 addit:
868 3975 908 4023 ‘iu
920 3974 1027 4024 Omilia:
1064 3981 1202 4024 ccesserunt

149 4036 279 4102 adJesum
291 4037 433 4102 publicani!
521 4037 695 4102 'positionem
720 4040 864 4104 potentiam,
876 4039 915 4088 ed.
926 4055 963 4104 pr.
1038 4038 1201 4105 ⁸spiritibus]

149 4101 327 4196 ffffitmhbu‘»
339 4102 377 4153 ed
389 4118 426 4167 pr.
591 4103 633 4153 ’a
706 4103 952 4200 ypsifflapocalypsis
962 4104 1103 4168 apponitur,
1115 4105 1153 4153 ed.
1164 4120 1202 4169 pr.

151 4165 540 4295 earreueu
553 4167 640 4233 a„
798 4168 1202 4234 “pneuma-ac·
