2864 4836
485 420 744 502 JOANNIS
786 419 998 482 WICLIF
1185 442 1278 478 aratu.

671 841 767 904 CAP.
788 842 826 901 V.

368 1001 415 1060 De
427 1002 596 1060 dr'slr‘nctrhne
610 1003 684 1060 mter
692 1008 805 1078 peccata
818 1000 949 1059 mortalia
962 1005 990 1058 ei
1000 999 1132 1057 vemlrlia.

265 1150 384 1209 Alalhtiz.
427 1149 527 1210 Frater
546 1151 587 1208 mi
608 1149 774 1220 Phronesis‚
795 1150 928 1225 quamvis
949 1157 1087 1208 tractatus
1107 1147 1191 1207 istius
1212 1163 1271 1205 ma·

223 1250 311 1308 teriae
325 1258 424 1325 posset
437 1249 551 1325 placere
571 1248 759 1317 scholasticis,
775 1247 824 1323 qui
845 1246 1008 1306 desiderant
1021 1245 1089 1323 per¹
1104 1245 1274 1322 sophistica·

224 1349 318 1406 tiones
339 1347 469 1418 evadere,
485 1357 513 1405 et
534 1355 653 1422 propter
673 1347 791 1403 inanem
811 1344 935 1422 gloriam
956 1344 1029 1403 alios
1049 1361 1156 1421 capere
1170 1344 1201 1402 in
1216 1360 1273 1402 ser·

223 1462 322 1514 mone,
333 1444 446 1503 videtur
460 1452 558 1503 tamen
572 1442 652 1512 mihi,
665 1442 746 1518 quod
760 1443 872 1501 bonurn
886 1452 930 1502 est
944 1442 975 1500 in
989 1442 1050 1501 istis
1061 1442 1158 1500 sobrie
1173 1458 1275 1516 sapere

224 1544 254 1601 in
268 1560 414 1602 mensura
457 1541 530 1601 ldeo
545 1551 679 1618 optarem
693 1540 775 1616 quod
789 1558 845 1600 nos
859 1540 897 1599 ad
911 1539 997 1600 aliam
1016 1539 1169 1598 materiam
1183 1549 1275 1598 trans

224 1641 359 1701 seramus.
633 1687 636 1693 .

173 1770 180 1781 ·
265 1737 427 1797 Phrenesis.
468 1735 606 1796 Delector
630 1735 780 1795 modicum
804 1736 835 1794 in
863 1735 918 1796 ista
945 1735 1075 1806 materia,
1104 1733 1158 1794 sed
1189 1732 1276 1794 credo

50 1852 62 1877 ⁰
146 1905 152 1918 ,
185 1852 193 1864 ·
225 1835 305 1914 quod
326 1853 446 1896 neeesse
467 1836 504 1895 sit
524 1834 637 1893 mundo
658 1843 829 1893 senescente
848 1844 878 1893 et
899 1830 1111 1910 multiplicatis¹
1129 1830 1210 1892 falsis
1223 1831 1279 1889 sra-

225 1935 315 1995 tribus
328 1933 519 2011 gloriantibus
532 1932 657 1991 inaniter
670 1932 707 1991 de
722 1949 775 1991 sua
789 1949 882 1991 vacua
895 1931 1059 2008 sophistria,
1072 1929 1155 2006 quod
1170 1927 1278 2007 aliquid

226 2033 337 2092 dicanu
347 2032 459 2091 acutius
473 2040 575 2090 contra
588 2029 660 2089 ilios.
703 2028 741 2088 Et
752 2030 857 2089 iterum
870 2047 940 2090 cum
954 2028 1160 2107 oppositorum
1174 2029 1279 2088 eadem

227 2128 277 2189 sit³
291 2128 452 2204 disciplina,
466 2137 496 2187 et
510 2127 630 2204 quilibet
649 2126 742 2187 fidelis
761 2127 810 2204 qui
830 2126 918 2187 debet
938 2126 1074 2187 delectari
1092 2126 1125 2184 in
1144 2142 1281 2185 sermone

227 2228 264 2289 de
278 2228 435 2298 virtutibus,
451 2225 537 2285 debet
556 2235 587 2283 ut
602 2225 643 2285 sic
662 2224 797 2285 delectari
814 2226 845 2284 in
864 2235 987 2284 tractatu
1007 2224 1044 2283 de
1058 2224 1134 2283 vitiis
1148 2224 1194 2283 vel
1213 2241 1281 2300 pec·

228 2326 307 2385 catis.
349 2323 388 2383 Et
406 2326 517 2394 iterum,
538 2324 604 2399 quis
623 2323 716 2382 fidelis
736 2323 856 2394 dubitat,
879 2323 951 2400 quin
971 2331 1092 2399 peccata
1106 2322 1164 2381 sint
1185 2321 1282 2380 detes·

228 2424 316 2484 tanda
332 2434 361 2482 et
380 2421 560 2482 acatholico
581 2421 740 2498 fugienda?
780 2420 819 2480 Et
838 2430 962 2492 constat,
977 2418 1056 2497 quod
1076 2419 1159 2479 multi
1178 2430 1283 2497 putant

228 2523 305 2582 mala
319 2522 446 2598 peccati⁴
459 2538 524 2580 esse
537 2521 617 2577 bona
630 2529 658 2577 et
673 2518 834 2589 laudabilia,
849 2537 905 2579 nec
924 2527 1044 2594 peccata
1063 2516 1124 2594 lugi
1146 2518 1282 2594 poterint,

229 2623 284 2680 nisi
298 2620 390 2697 prius⁵
404 2628 628 2695 cognoscantur,
641 2616 708 2678 ideo
724 2635 821 2676 sermo
835 2616 872 2675 de
892 2616 1018 2692 peccatis
1033 2625 1077 2674 est
1091 2616 1283 2686 necessarius,

229 2737 297 2778 cum
308 2718 380 2776 fides
390 2718 546 2792 scripturae
557 2717 653 2793 ipsum
667 2716 799 2792 explicat.
843 2713 873 2772 Si
884 2731 956 2790 ergo
970 2721 1107 2772 tractatus
1121 2711 1158 2770 de
1170 2712 1284 2770 infinito

229 2826 258 2874 et
281 2831 374 2873 vacuo
398 2812 482 2872 suerit
506 2815 685 2874 necessarius
714 2811 890 2889 philosopho
918 2810 1049 2881 naturali,
1073 2827 1136 2868 non
1164 2819 1285 2886 propter

229 2911 445 2989 philosophiam
472 2911 579 2971 directe
606 2910 757 2970 fundatam
778 2911 809 2968 in
830 2909 885 2967 illis
906 2908 958 2967 sed
979 2918 1098 2984 propter
1118 2925 1232 2966 errores
1253 2907 1282 2963 iu

228 3011 276 3068 illa
290 3010 410 3070 scientia
423 3010 625 3081 destruendos,
640 3019 752 3085 quanto
767 3008 862 3083 magis
875 3007 906 3065 in
926 3007 1056 3066 moribus
1075 3005 1194 3083 expedit
1207 3015 1283 3065 trac·

229 3119 289 3168 tare
304 3108 341 3167 de
355 3108 430 3167 vitiis
444 3106 488 3166 vel
502 3107 637 3183 peccatis,
652 3117 771 3184 propter
784 3105 986 3164 rectitudinem
1006 3114 1034 3163 et
1054 3103 1238 3162 honestatem
1252 3104 1282 3160 in

229 3205 378 3264 virtutibus
397 3204 636 3264 conservandam.
678 3204 753 3263 Ideo
773 3201 884 3261 videtur
903 3201 975 3262 mihi
988 3200 1148 3278 expediens
1162 3200 1200 3260 de
1215 3217 1282 3278 pec·

230 3304 300 3362 catis
322 3320 424 3378 parum
447 3301 571 3377 amplius
593 3300 836 3377 pertractandum.

270 3400 308 3459 Et
324 3402 417 3476 priano
431 3399 468 3458 de
486 3400 658 3457 dt'stzhctzbne
676 3402 749 3457 inm
759 3404 901 3474 peccatum
915 3397 1029 3455 mortale
1042 3403 1068 3454 et
1079 3396 1193 3467 veniale,
1208 3413 1283 3473 quae

41 3466 177 3575 &iugis
192 3565 197 3575 ι
230 3498 375 3556 distinctio
390 3496 514 3555 rotatur⁰
528 3498 723 3555 communiter
744 3497 774 3553 in
788 3513 840 3554 ore
854 3493 1015 3569 vulgarium
1030 3501 1058 3553 et
1078 3492 1283 3569 praelatorum,

230 3596 280 3669 qui
304 3595 407 3653 melius
430 3595 523 3653 sciunt
545 3612 599 3670 pro
624 3595 752 3670 peccatis
777 3592 933 3670 pecuniam
954 3602 1128 3666 extorquere
1153 3607 1242 3667 quam
1264 3607 1283 3648 a

231 3691 323 3766 culpis
344 3689 494 3760 mundare,
509 3691 553 3748 vel
567 3693 641 3750 inter
659 3690 781 3749 mortale
803 3701 832 3749 et
846 3688 957 3747 veniale
974 3688 1023 3762 (de
1037 3705 1099 3764 quo
1120 3685 1285 3764 frequenter

230 3789 404 3862 balbutiunt)
424 3789 562 3865 judicare.
613 3788 691 3859 Quia
716 3798 814 3846 autem
837 3788 891 3847 iste
915 3787 1054 3845 terminus
1074 3786 1201 3862 uulgaris
1223 3804 1284 3844 non

231 3886 366 3946 fundatur
387 3904 524 3962 expresse
549 3887 579 3944 in
600 3885 658 3946 fide
680 3887 845 3962 scripturae,
867 3895 1008 3961 quantum
1028 3883 1194 3954 considero,
1216 3883 1285 3942 ideo

263 4064 344 4130 ¹per]
357 4079 406 4114 om.
418 4064 456 4115 ed.
486 4081 514 4119 r..
526 4079 582 4114 cum
594 4065 622 4113 B.
634 4065 728 4129 primae
739 4079 834 4118 manus,
847 4063 880 4112 D.
972 4061 1181 4127 ¹multiplicatis]
1193 4061 1285 4116 multis,

232 4129 325 4206 ABE..
407 4081 534 4206 ’'sitfest,
547 4131 575 4178 B.
588 4129 626 4178 ed.
640 4146 677 4195 pr.
759 4128 892 4258 ‘mendi
904 4135 1014 4194 peecata,
1025 4127 1113 4204 edpr.
1178 4125 1283 4191 ‘prius]

231 4210 336 4258 praevie,
348 4194 376 4242 B.
388 4210 483 4258 primae
494 4210 588 4251 manus,
599 4194 637 4245 ed.
650 4211 687 4260 pr.
752 4195 763 4223 ⁸
780 4201 874 4244 rotatur
899 4200 999 4243 notatur
1011 4192 1040 4240 Β.
1052 4206 1146 4257 pnmae
1158 4207 1252 4241 manus.

1135 4291 1245 4336 wicus
