2864 4836
96 330 1405 359 ιι’-““““-“--“·“““-““·”-’-·“----·-’------·ο·---·------ι-------.-.-..Ι

137 463 240 503 cana.
512 443 852 507 TRIALOGUS.
1281 473 1346 537 3¹9

570 877 665 938 CAP.
701 878 785 937 XXI.

585 1035 631 1094 De
643 1037 769 1097 dhortr'o.

187 1189 310 1249 aaran
353 1189 430 1250 Cum
458 1210 546 1252 causa
573 1193 764 1268 separationis
788 1192 949 1270 conjugum
974 1193 1143 1269 exprimitur
1170 1192 1201 1250 in

140 1289 296 1366 scriptura,
312 1289 420 1350 decens
434 1301 487 1360 est,
498 1291 585 1349 frater
595 1290 760 1361 Phronesis,
775 1292 856 1367 quod
870 1290 906 1350 de
920 1291 968 1350 illa
982 1301 1011 1349 et
1025 1290 1062 1350 de
1077 1290 1199 1350 difficul-

138 1388 253 1447 tatibus
277 1387 339 1446 aliis
362 1387 409 1447 hic
438 1388 571 1464 loquaris,
597 1406 666 1447 curn
694 1390 856 1466 specialiter
883 1389 915 1446 in
941 1389 991 1447 illa
1018 1390 1138 1448 materia
1167 1389 1199 1446 fit

141 1485 292 1544 dissensio
306 1485 459 1561 generalis.

187 1581 350 1695 Phrenesis.
392 1583 498 1641 Parum
513 1601 606 1642 nosco
620 1584 651 1642 in
665 1585 720 1642 ista
734 1583 862 1655 materia,
873 1593 902 1642 et
915 1582 984 1642 ideo
999 1600 1159 1692 propono
1151 1601 1199 1641 me
1235 1605 1282 1679 ⁰05⁵
1255 1616 1339 1688 Ἧι
1308 1607 1390 1681 ,gamm

142 1776 300 1849 sufficiunt,
315 1786 344 1837 et
358 1777 434 1837 alia
427 1787 545 1836 inventa
558 1778 725 1837 humanitus
740 1778 934 1836 communiter
949 1794 1010 1834 non
1033 1696 1255 1835 fundantur}
1235 1777 1285 1850 ql,
1261 1769 1328 1844 ill,

141 1875 231 1935 Dixit
251 1886 349 1934 autem
363 1873 503 1946 Christus,
518 1886 550 1934 ut
570 1877 705 1935 recitatur
726 1873 830 1933 Matth.
845 1892 888 1932 v.:
911 1873 1048 1933 ‘Dictum
1067 1884 1112 1932 est
1126 1874 1199 1932 anti-

145 1973 231 2050 quis:
252 1974 418 2050 quicunque
432 1973 572 2032 dimiserit
586 1990 708 2031 uxorem
719 1990 811 2040 suam,
823 1971 872 2031 det
882 1971 921 2029 illi
932 1970 1059 2029 libellum
1070 1973 1183 2048 repudii
1191 1991 1199 2043 ;

143 2088 206 2148 ego
227 2081 324 2130 autem
345 2071 412 2130 dico
426 2071 517 2139 vobis,
532 2070 613 2146 quod
628 2071 725 2128 omnis
740 2071 789 2146 qui
809 2069 949 2128 dimiserit
968 2087 1092 2127 uxorem
1106 2088 1199 2141 suam,

143 2177 270 2244 excepta
283 2186 371 2227 causa
384 2168 592 2238 fornicationis
607 2167 755 2226 faciteam
769 2166 928 2236 moechari,
943 2176 971 2226 et
986 2169 1036 2243 qui
1051 2167 1200 2228 dimissam
1282 2231 1283 2234 Ἴ

144 2265 285 2336 duxerit¹,
306 2265 500 2324 adulteratur!
542 2265 635 2324 Istum
659 2276 757 2323 autem
782 2274 894 2323 textum
915 2266 957 2324 sic
978 2265 1118 2342 intelligo,
1139 2283 1200 2324 non

142 2363 227 2440 quod
240 2363 367 2423 libellus²
380 2382 417 2422 ex
436 2364 501 2439 lege
516 2363 638 2422 Domini
656 2373 700 2422 est
719 2363 898 2439 excerptus³,
914 2363 967 2422 sed
981 2365 1049 2440 quia
1069 2373 1200 2440 tempore
1236 2385 1265 2419 n
1274 2385 1335 2419 rano
1323 2395 1369 2420 ora

98 2515 102 2518 .
144 2461 245 2539 Moysi
270 2462 407 2520 homines
431 2461 546 2520 fuerunt
570 2461 656 2536 proni
685 2460 722 2519 ad
750 2459 945 2520 occidendum
975 2461 1099 2520 feminas
1128 2480 1200 2538 quas
1235 2427 1358 2540 {mff

143 2561 289 2631 odierunt,
309 2570 338 2618 et
359 2559 476 2618 aliunde
501 2560 578 2617 mala
601 2559 727 2635 plurima
752 2578 788 2617 ex
810 2560 955 2618 malorum
980 2560 1086 2635 copula
1108 2557 1246 2643 conti·
1235 2547 1315 2582 ΗΜ)
1316 2548 1346 2582 ‘¹

142 2667 258 2736 gerunt,
272 2658 341 2717 ideo
355 2657 477 2733 Moyses
495 2657 533 2716 ad
552 2656 713 2715 tollendum
734 2656 851 2733 culpam
872 2658 956 2715 istam
976 2657 1115 2717 sollicitus
1128 2636 1200 2717 tole-

142 2757 216 2815 ravit
243 2755 370 2815 libellum
398 2755 519 2831 repudii,
547 2764 576 2813 et
604 2774 622 2813 a
650 2754 720 2813 mihi
750 2755 893 2830 probabili
922 2753 959 2814 ad
986 2755 1200 2814 excludendum

142 2855 289 2930 utrimque
317 2853 436 2930 injurias
464 2852 593 2911 libellum
621 2853 732 2928 repudii
761 2853 913 2912 ordinavit.
969 2852 1054 2912 Multi
1082 2854 1201 2930 quidem

143 2951 406 3010 verecundarentur
427 2969 546 3009 causam
567 2951 730 3026 exprimere
752 2969 827 3026 quae
849 2969 910 3009 non
932 2951 1014 3021 valet,
1037 2953 1088 3028 qui
1109 2953 1199 3010 subti-

143 3048 242 3108 cendo
264 3065 382 3107 causam
403 3047 440 3107 ad
462 3048 675 3123 separationem
694 3047 853 3106 nefandam
875 3048 1083 3124 procederent;
1113 3067 1200 3125 super

143 3145 218 3204 haec
242 3155 340 3220 potest
363 3141 443 3204 esse⁴
466 3144 591 3205 hortatio
610 3146 742 3222 judicum
763 3163 889 3204 monens
911 3147 949 3204 ad
970 3146 1082 3204 lacinus
1103 3147 1199 3205 dimit-

145 3242 279 3302 tendum.
320 3242 432 3302 Dicitur
448 3254 545 3301 autem
567 3244 768 3313 communiter,
784 3244 864 3319 quod
878 3243 991 3302 libellus
1012 3245 1124 3320 repudii
1147 3244 1199 3303 luit

143 3342 252 3412 charta,
267 3343 298 3400 in
313 3360 371 3418 qua
385 3360 474 3402 causa
488 3343 676 3417 separationis
691 3343 850 3418 conjugum
865 3342 918 3400 suit
933 3343 1069 3418 inscripta
1088 3352 1117 3400 et
1131 3343 1198 3401 data

142 3439 197 3498 fuit
211 3441 405 3498 communiter
418 3459 436 3498 a
450 3441 576 3511 maritis;
599 3440 732 3500 Christus
746 3450 843 3497 autem
854 3440 961 3514 excipit
975 3439 1197 3498 fornicationem

143 3539 253 3598 dictam
274 3540 476 3609 communiter,
498 3556 573 3614 quae
599 3538 719 3597 includit
744 3537 925 3596 adulterium.
969 3536 1098 3609 Quando
1119 3539 1197 3596 enirn

142 3636 215 3696 alter
229 3637 390 3713 conjugum
404 3636 558 3695 committit
572 3636 772 3694 infidelitatem
786 3637 816 3694 in
830 3636 895 3706 isto,
911 3647 940 3694 et
954 3637 1080 3712 reliquus
1096 3638 1197 3714 conju·

142 3751 214 3809 gum
230 3743 328 3793 manet
342 3733 443 3804 fidelis,
458 3751 525 3792 cum
547 3733 619 3792 fides
640 3734 694 3791 ista
715 3734 751 3791 sit
771 3734 929 3810 praecipua
950 3736 980 3792 in
1002 3735 1196 3805 matrimonio,

142 3831 209 3890 licet
238 3832 407 3908 conjugium
436 3831 603 3901 dissolvere,
632 3831 733 3889 saltem
766 3848 827 3907 quo
855 3831 892 3890 ad
920 3833 1048 3904 thorum,
1075 3843 1197 3908 utraque

142 3946 270 4005 persona
291 3929 479 4004 inconjugata
499 3945 553 4003 pro
575 3945 629 3986 suo
650 3937 792 4004 perpetuo
813 3940 992 3988 remanente.
1034 3930 1107 3989 Ideo
1126 3929 1198 3988 dixit

176 4077 475 4191 ¹suam-duxerithpm.
488 4077 543 4127 ΑΒ
649 4078 786 4142 ’libellus]
799 4079 1012 4208 libellusrepudii,
1025 4080 1057 4128 D
1131 4080 1196 4130 'ex-

141 4142 254 4208 cerptus]
266 4151 388 4206 receptus,
603 4143 774 4208 ‘superhaec
785 4152 867 4208 potest
880 4160 934 4194 esse

958 4161 1032 4210 super
1043 4146 1104 4195 haec
1115 4155 1196 4195 autern

139 4215 296 4274 potestesse,
309 4209 352 4264 B.;
370 4217 395 4257 et
407 4207 558 4292 superhaec
569 4216 653 4272 potest
666 4224 726 4264 esse,
738 4209 777 4258 ed.
790 4226 826 4273 pr.
