2864 4836
82 429 144 495 ωε
495 421 752 503 Jorrvurs
791 420 1005 484 vrcurr
1189 439 1272 478 mn

56 605 149 642 mm
265 586 418 646 Ponuntur
442 593 539 644 autem
561 584 756 645 communiter
779 583 908 661 quinque
926 584 1028 659 species
1050 583 1195 642 luxuriae
1215 596 1271 641 oot-

53 657 128 691 am
224 684 347 762 poralis:
368 682 477 761 prima¹
491 692 536 743 est
549 682 673 761 simplex
687 681 848 753 fornicatio,
863 698 939 758 quae
952 691 998 740 est
1016 683 1096 741 inter
1108 680 1235 742 solutum
1244 684 1270 737 et

224 781 366 855 solutam;
388 780 519 842 secunda
531 789 578 840 est
591 790 732 857 stuprum,
752 797 829 857 quae
846 789 891 839 est
909 778 1006 838 illicita
1024 777 1183 839 defloratio
1195 774 1271 854 virgi·

224 897 314 953 num;
334 879 418 939 tertia
430 888 476 938 est
489 877 670 950 adulterium,
684 877 765 954 quod
778 887 823 938 est
837 877 952 938 alterius
962 876 1039 937 thori
1053 877 1184 947 violatio,
1197 869 1269 952 quod

224 986 322 1055 potest
334 977 396 1036 fieri
409 976 500 1036 tribus
513 975 610 1036 modis
617 995 626 1048 ;
651 984 755 1053 quarta
767 985 813 1036 est
825 975 962 1047 incestus,
975 975 1027 1053 qui
1040 985 1089 1034 est
1103 971 1270 1050 oonmugui·

225 1093 347 1136 neamm
370 1074 416 1135 vel
440 1073 570 1134 affinium
594 1073 711 1145 abusus,
736 1074 792 1134 sub
816 1090 876 1150 qua
903 1073 1001 1151 specie
1023 1072 1227 1150 religiosorum
1247 1078 1272 1128 et

224 1170 415 1233 monialium¹
440 1170 569 1232 luxuriae
597 1181 666 1232 sunt
689 1180 861 1245 contentac;
892 1171 1027 1248 quintum
1049 1181 1097 1231 est
1124 1178 1271 1248 pecnm

226 1281 329 1330 contra
342 1282 484 1342 naturam,
499 1269 580 1347 quod
593 1269 681 1330 babet
694 1268 800 1329 multas
819 1269 932 1347 species
950 1268 1132 1340 maledictas,
1147 1284 1273 1328 commu·

226 1369 300 1429 niter
313 1379 411 1429 autem
429 1368 470 1440 tit,
482 1367 602 1445 quando
617 1385 719 1428 semen
732 1366 862 1428 indebite
878 1367 1016 1427 emittitur
1034 1384 1088 1426 seu
1107 1363 1274 1427 effunditur’

225 1475 307 1526 extra
326 1466 425 1526 locum
445 1465 617 1538 naturalem,
638 1466 719 1543 quod
740 1474 837 1544 potest
860 1466 921 1526 lieri
945 1464 1044 1525 multis
1066 1464 1175 1536 modis,
1197 1457 1274 1524 cum⁴

225 1573 322 1640 potest
346 1563 437 1623 homo
462 1565 541 1623 abuti
569 1581 636 1624 vase
663 1563 764 1624 debito
791 1582 830 1623 ex
856 1574 967 1625 natura
1009 1562 1049 1622 Et
1075 1563 1179 1622 vitium
1205 1558 1275 1620 istud

227 1660 420 1722 Sodomicurn
442 1679 524 1721 more
549 1661 675 1738 apostoli
698 1661 871 1739 generaliter
893 1671 938 1722 est
962 1660 1155 1738 tangendum,
1179 1676 1219 1718 ne
1240 1675 1275 1718 ex

226 1758 321 1818 verbis
334 1759 503 1836 improvidis
517 1758 599 1818 detur
612 1760 732 1820 occasio
750 1760 789 1820 ad
802 1759 872 1820 illud
891 1760 1010 1836 turpiter
1027 1756 1276 1818 committendum

226 1855 349 1916 Videtur
368 1856 483 1923 tamen⁰
502 1856 583 1928 mihi,
605 1857 687 1934 quod
706 1875 761 1935 pro
781 1857 849 1918 loco
870 1867 900 1917 et
919 1867 1054 1934 tempore
1074 1872 1139 1916 non
1158 1855 1277 1917 omniuo

226 1953 314 2013 debet
327 1953 383 2014 sub
404 1953 518 2013 silentio
539 1954 696 2031 praeteriri,
711 1972 781 2015 cum
801 1954 935 2016 diabolus
955 1956 1011 2015 soit
1030 1953 1139 2014 docere
1158 1954 1277 2031 juvenes

227 2062 308 2112 extra
320 2052 474 2111 mulierum
480 2052 668 2127 ,consortium
681 2052 740 2112 boc
754 2065 908 2130 peccatum
921 2053 1131 2130 turpissimum,
1144 2062 1177 2112 et
1189 2051 1278 2130 speci·

227 2151 308 2210 aliter
321 2150 473 2211 assistente
488 2151 574 2227 copia
584 2151 727 2228 Juvenum
740 2150 937 2211 masculorum
951 2159 1154 2228 separatorum
1167 2168 1186 2209 a
1200 2149 1279 2210 lemi-

227 2250 282 2314 nis,
311 2247 483 2324 voluptuose
511 2248 668 2307 viventium
695 2257 724 2307 et
752 2265 771 2307 a
797 2248 944 2308 laboribus
974 2247 1138 2308 otiandum.
1194 2245 1279 2307 Unde

226 2345 334 2405 Erech.
349 2345 405 2405 xvi.
420 2346 510 2406 ‘haec
524 2344 577 2405 luit
594 2345 730 2423 iniquitas
745 2344 902 2418 Sodomae,
917 2346 1025 2406 sororis
1043 2356 1122 2416 tuae,
1135 2344 1278 2425 superbia,

227 2443 359 2504 saturitas
379 2443 473 2521 panis,
494 2442 696 2503 habundantia
715 2443 774 2502 vini
799 2453 829 2504 et
852 2442 977 2503 otium⁸.'
1020 2442 1094 2503 Ideo
1118 2443 1280 2503 cavendum

227 2552 271 2600 est
285 2541 401 2618 privatis
412 2540 571 2612 ordinibus,
582 2558 620 2600 ne
634 2541 763 2600 incidant
776 2543 806 2600 in
820 2541 897 2602 hanc
912 2541 1037 2620 culpam,
1049 2558 1118 2600 cum
1130 2541 1214 2601 multi
1225 2542 1280 2602 sint

228 2639 345 2717 superbi
358 2635 493 2715 juvenes⁷
507 2639 547 2697 ibi
565 2639 642 2697 laute
662 2637 706 2698 et⁸
726 2639 899 2716 voluptuose
918 2638 1131 2709 conviventes⁹,
1146 2656 1164 2698 a
1178 2639 1282 2698 labori·

228 2739 283 2796 bus
297 2736 452 2796 hominum
466 2737 598 2808 otiantes,
609 2749 638 2796 et
653 2739 846 2797 communiter
856 2756 893 2797 ex
905 2755 959 2797 sua
972 2736 1118 2814 hypocrisi
1132 2755 1151 2796 a
1165 2737 1280 2796 feminis

229 2835 362 2910 separati.
405 2834 488 2894 Istud
502 2846 600 2894 autem
618 2845 771 2913 peccatum
790 2836 877 2895 habet
895 2837 969 2897 inter
987 2834 1143 2894 luxurias¹⁰
1161 2853 1282 2896 excusa·

228 2933 340 2990 tionem
354 2933 516 3003 minimam,
531 2933 625 2992 cum¹¹
641 2952 678 2993 ex
693 2946 774 3012 parte
789 2934 914 2994 feminae
934 2936 970 2992 sit
983 2934 1081 2993 minor
1093 2934 1233 2993 excitatio
1248 2932 1284 2992 ad

230 3031 422 3107 peccandum,
437 3031 502 3107 plus
516 3042 653 3109 peccatur
667 3042 769 3091 contra
786 3044 928 3102 naturam,
944 3042 973 3092 et
986 3034 1182 3092 communiter
1196 3031 1285 3091 libido

231 3127 424 3187 abundantius
445 3139 489 3188 est
509 3147 642 3188 accensa.
684 3129 773 3190 Unde
787 3130 864 3189 istud
884 3141 1037 3207 peccatum
1055 3131 1130 3190 inter
1149 3140 1286 3207 quattuor

231 3227 334 3287 dicitur
349 3227 490 3286 ‘clamare
512 3227 550 3287 ad
564 3226 680 3298 Deum,'
703 3246 738 3287 ac
759 3230 783 3288 si
803 3230 924 3288 materia
943 3229 1074 3288 semines
1093 3245 1164 3287 cum
1184 3229 1288 3288 virtute

232 3324 422 3397 informativa,
436 3342 512 3400 quae
533 3323 608 3384 foret
628 3344 716 3385 causa
737 3326 919 3402 producendi
939 3326 1091 3386 bominem
1111 3327 1143 3384 in
1161 3326 1288 3403 disposi-

232 3424 310 3481 tione
323 3424 498 3501 propinqua,
513 3435 545 3482 ut
560 3423 627 3482 sic¹²
641 3423 732 3484 homo
751 3425 889 3484 clamaret
903 3425 941 3485 ad
955 3425 1054 3484 Deum
1074 3441 1130 3501 pro
1144 3423 1287 3492 vindicta,

232 3540 269 3579 ex
284 3538 343 3597 quo
366 3522 407 3579 sic
426 3520 623 3579 innaturaliter
642 3522 834 3597 extinguinu3
863 3531 892 3580 et
911 3522 979 3581 hinc
998 3531 1059 3580 tam
1078 3520 1179 3580 aDeo
1198 3538 1289 3598 quam

232 3618 352 3676 homine
367 3636 421 3694 pro
436 3619 492 3677 isto
506 3631 629 3694 peccato
640 3619 767 3678 vindicta
781 3630 865 3678 acuta
876 3619 1023 3695 accipitur.
1064 3617 1195 3678 Exhinc
1209 3620 1289 3678 enim

264 3811 275 3887 ‚¹
292 3810 385 3875 prima]
397 3811 486 3875 primo,
498 3811 536 3860 ed.
549 3827 586 3875 pr.
736 3812 746 3840 ²
762 3811 919 3876 monialium]
931 3811 1161 3867 sanctimonialium,
1174 3812 1248 3868 C.D.,
1262 3813 1290 3861 B.

235 3892 328 3941 primae
339 3892 434 3952 manus,
446 3876 485 3925 od.
498 3892 535 3940 pr.
659 3876 668 3905 ³
684 3877 828 3971 effunditur]
841 3877 950 3953 indebite
960 3876 1290 3995 elilptngitlprohpprhemittinmtur

234 3942 328 4084 Ξυεειξ,
339 3941 771 4120 ilrmeldessdims’pviddiuiriamen]
784 3942 1014 4084 uirldziiriddildrined
1025 4023 1064 4072 pr.
1132 3979 1156 4037 ’⁸
1172 3959 1290 4058 minius

233 4072 421 4188 iiiiii*
457 4071 979 4202 zittttnm',tttittli⁰tf¹¹‘⁵’“¹
993 4088 1033 4169 ⁹5³
1048 4073 1156 4188 inunt}
1171 4072 1291 4190 idib

234 4201 381 4267 corporales,
393 4202 426 4251 Ι).
438 4202 476 4252 ed.
489 4219 526 4268 pr.
626 4203 644 4234 ¹¹
661 4203 729 4268 cum]
743 4175 858 4261 tunadd
871 4220 908 4269 pr.
1006 4202 1025 4234 ¹¹
1038 4204 1085 4268 sic]
1098 4203 1136 4259 sit.
1149 4137 1214 4253 dB.
