2864 4836
1252 331 1406 343 --——-—

90 458 223 507 ‚r-,cana
508 434 850 498 TRIALOGUS.
1281 453 1343 522 255

90 644 104 685 ἱ.
138 595 196 657 iste
216 598 301 673 panis
316 598 361 656 vel
379 598 450 675 quid
470 597 501 656 in
520 609 623 657 natura
642 616 703 669 sua,
718 598 813 658 videat
834 598 928 658 fidelis
947 598 1103 676 theologus
1125 599 1197 660 alias

139 695 256 757 hostias
270 715 333 756 non
347 695 498 757 sacratas¹.

586 1119 680 1180 CAP.
702 1119 755 1179 IV.

254 1292 291 1352 In
304 1312 389 1352 sacra
404 1313 484 1353 coena
492 1302 557 1370 post
567 1297 790 1352 consecrationem
805 1313 913 1352 ntanere
922 1303 1031 1369 panem,
1047 1312 1086 1351 ex

520 1395 661 1468 scriptura
672 1393 817 1468 probatur.

181 1563 304 1624 Alrllrtia.
345 1566 443 1626 Placet
471 1567 551 1638 mihi,
579 1567 661 1644 quod
688 1578 748 1625 tam
778 1567 874 1625 stricte
902 1576 930 1624 et
958 1566 1044 1641 plane
1070 1565 1194 1641 replicas

139 1673 245 1724 contra
259 1663 418 1724 haereticos
432 1665 463 1723 in
479 1667 533 1724 ista
546 1666 675 1735 materia,
686 1664 846 1741 specialiter
861 1681 929 1722 cum
942 1674 1024 1722 tanta
1038 1663 1192 1722 multitudo

140 1760 265 1820 fratrum
289 1773 318 1822 et
342 1763 465 1822 alioruin
490 1774 659 1824 vocatorum
685 1762 916 1821 Christianorum
942 1762 1069 1820 clamant
1093 1772 1195 1819 contra

140 1869 223 1921 tuam
245 1863 428 1932 sententiam,
449 1872 478 1920 et
500 1873 625 1940 mortem
650 1873 730 1919 tuam
754 1859 948 1936 multipliciter
972 1859 1194 1930 machinantur;

140 1975 210 2017 cum
231 1958 423 2034 procedente²
443 1969 493 2018 tua
513 1961 656 2019 sententia
676 1959 714 2017 illi
736 1958 832 2016 forent
847 1957 991 2016 manifesti
1011 1956 1147 2015 haeretici
1166 1967 1195 2015 et

139 2073 194 2134 per
208 2074 392 2134 consequens
406 2058 444 2117 ab
458 2058 582 2116 ecclesia
600 2057 787 2133 exstirpandi,
802 2057 847 2114 vel
866 2055 968 2115 saltem
982 2074 1000 2114 a
1014 2073 1192 2132 quocunque

139 2153 235 2231 gradu
255 2154 402 2230 dignitatis
416 2155 627 2214 ecclesiasticae
640 2167 669 2214 et
689 2173 742 2231 per
763 2172 948 2231 consequens
969 2172 986 2212 a
1007 2154 1195 2230 possessione

139 2252 344 2328 temporalium
364 2262 393 2311 et
411 2255 606 2330 percipiendis
626 2253 818 2330 eleemosynis
837 2252 1020 2312 excludendi.
1064 2251 1123 2311 Sed
1138 2251 1193 2320 dic,

140 2368 263 2428 quaeso,
291 2351 443 2427 quomodo
471 2363 540 2428 post
568 2353 818 2411 consecrationem
843 2351 929 2428 hujus
955 2350 1067 2410 hostiae
1097 2360 1195 2408 manet

139 2448 233 2527 panis.
276 2447 361 2507 Multi
375 2459 472 2507 autem
487 2450 595 2521 dicuru,
610 2449 698 2527 quod,
714 2450 737 2507 si
753 2449 811 2507 hoc
826 2448 983 2519 crederent,
998 2466 1151 2525 nunquam
1166 2448 1195 2505 in

141 2556 316 2622 perpetuum
334 2547 521 2607 celebrarent

181 2642 349 2704 Phrenesis
392 2644 524 2721 Oportet,
545 2663 612 2704 cum
631 2645 687 2704 ista
704 2645 825 2704 materia
845 2645 881 2703 sit
899 2644 1032 2720 positiva,
1050 2644 1088 2703 ad
1107 2643 1196 2701 fidem
1228 2660 1269 2694 sen
1229 2660 1340 2736 {pff
1394 2625 1398 2636 ¹

143 2742 304 2818 scripturae
325 2743 473 2801 attendere
492 2752 522 2801 et
540 2745 594 2819 ipsi
614 2743 717 2820 plene³
736 2744 864 2814 credere,
878 2754 907 2802 et
927 2744 1000 2802 sicut
1014 2744 1116 2802 virtute
1134 2759 1195 2800 ver·
1229 2743 1350 2817 {mm
1339 2752 1365 2781 ¹¹³·

140 2843 247 2900 borum
268 2840 335 2899 fidei
356 2842 514 2917 scripturae
537 2843 715 2913 conceditur,
736 2842 817 2918 quod
839 2842 897 2901 hoc
919 2851 1135 2900 sacramentum
1156 2846 1200 2898 est
1229 2782 1362 2898 &immid
1395 2852 1398 2858 ’

140 2958 248 3016 corpus
260 2938 376 3010 Christi,
386 2950 415 2998 et
429 2958 491 2998 non
505 2940 600 2999 solum
615 2941 696 3017 quod
706 2943 761 2998 erit
770 2941 815 2999 vel
821 2941 938 3017 figurat
947 2938 1195 2999 sacramentaliter
1229 2915 1352 2947 ”um

140 3055 249 3114 corpus
270 3035 384 3107 Christi,
406 3038 449 3095 sic
473 3033 667 3096 concedatur⁴
691 3038 795 3096 eadem
820 3039 989 3096 auctoritate
1015 3037 1194 3114 simpliciter,

140 3134 223 3214 quod
242 3136 296 3194 iste
315 3136 408 3211 panis,
425 3137 474 3211 qui
494 3145 538 3194 est
557 3135 613 3194 hoc
634 3146 855 3206 sacramentum,
870 3145 914 3193 est
934 3135 1071 3193 veraciter
1090 3150 1196 3208 corpus

141 3233 257 3294 Christi
300 3233 339 3292 Et
353 3251 414 3291 non
430 3234 551 3292 dubium
565 3235 653 3293 etiam
667 3233 741 3291 laico
762 3233 877 3302 idiotae,
893 3233 963 3308 quin
978 3233 1113 3307 sequitur,
1126 3231 1196 3289 ‘iste

140 3332 226 3410 panis
247 3343 290 3391 est
311 3352 418 3409 corpus
435 3332 553 3405 Clinia,
568 3353 639 3410 ergo
655 3335 707 3393 iste
723 3335 810 3408 panzi·
831 3341 918 3390 estet
939 3351 991 3407 per
1013 3349 1197 3406 consequens

139 3433 334 3505 mancipanti,
349 3442 377 3490 et
392 3431 433 3490 sic
453 3433 541 3489 szinul
557 3443 600 3490 cst
619 3432 703 3507 panis
718 3441 746 3488 et
765 3449 872 3506 corpus
888 3426 1012 3488 Christi?
1053 3429 1197 3504 Exempla

140 3537 241 3586 autem
261 3547 366 3605 grossa
386 3540 510 3605 possunt
531 3531 602 3605 poni
623 3546 677 3605 pro
702 3529 757 3586 ista
777 3527 897 3586 materia
921 3527 1101 3585 attestanda:
1134 3545 1196 3585 non

139 3627 221 3685 enim
240 3627 397 3704 repugnat¹⁵
415 3628 524 3685 veritati
545 3627 625 3702 quod
640 3626 739 3695 hom0,
755 3626 825 3683 dum
844 3623 1030 3683 sitdominus
1050 3624 1094 3683 vel
1114 3642 1195 3700 prae·

140 3726 215 3784 latus
236 3725 384 3795 ecclesiae,
401 3726 513 3784 desinat
527 3743 591 3782 esse
606 3723 710 3782 eadem
726 3741 860 3799 persona,
876 3724 927 3782 sed
942 3734 1058 3782 maneat
1073 3724 1195 3782 omnino

138 3822 245 3882 eadem
266 3824 426 3882 substantia
446 3822 669 3899 quodammodo
691 3822 831 3894 exaltata;
866 3823 908 3880 sic
931 3830 1047 3898 oportet
1068 3821 1195 3891 credere,

173 4030 187 4060 ¹·
199 4029 319 4094 sacratas]
332 4029 537 4084 consecratas&
824 4028 834 4057 ²
851 4027 1011 4092 procedente]
1024 4027 1194 4091 praecedente,

139 4095 179 4146 ed.
190 4110 228 4159 pr.
392 4094 503 4159 ⁸plene]
515 4093 596 4159 plane,
608 4094 642 4143 D
653 4094 692 4143 ed.
704 4110 741 4159 pr
938 4092 1125 4157 ‘concedatad
1138 4108 1196 4141 con-

139 4160 349 4289 gclretgrrbplssnc
609 4159 769 4225 lrepugnat]
782 4165 889 4225 oportet.
901 4157 1053 4208 sedveritati
1065 4164 1195 4223 repugnat,
