2864 4836
137 467 231 511 cana
503 444 841 509 TRIALOGUS.

137 604 190 664 Ad
214 611 358 668 venandam
380 612 522 669 rationem
544 610 671 669 Pseustis
692 610 857 686 respondeo
883 607 1084 679 concedendo,
1107 609 1189 685 quod

139 706 269 766 amicitia
285 717 329 767 est
343 717 403 766 tam
423 709 477 766 dos
497 708 612 767 animae
632 727 721 785 quam
740 709 796 767 dos
817 709 958 785 corporis,
977 726 1045 766 cum
1064 708 1191 766 amicitia

138 803 336 881 principaliter
350 806 435 865 debet
449 807 533 865 tribui
547 807 599 866 toti
613 807 789 883 composito,
801 806 853 865 sed
867 806 1063 882 principaliter
1076 807 1189 865 ratione

140 902 267 977 spiritus,
283 923 350 963 cum
370 905 458 963 creati
476 906 591 981 spiritus
605 907 660 964 sint
675 906 769 976 amici,
784 924 839 963 nec
859 922 984 980 corpora
1002 905 1058 963 nisi
1078 905 1189 962 ratione

139 999 293 1074 spirituum
315 1012 383 1060 sunt
406 1004 507 1062 amica.
550 1002 656 1062 Utrum
680 1015 778 1062 autem
803 1003 866 1062 illae
892 1003 1034 1062 amicitiae
1057 1003 1190 1061 dicantur

137 1100 308 1175 aequivoce,
323 1112 367 1160 est
380 1103 459 1178 apud
472 1102 585 1178 logicos
599 1103 721 1162 verbalis
740 1102 892 1174 dissensio,
907 1102 958 1161 sed
973 1113 1090 1161 transeo
1110 1102 1187 1160 illam

138 1206 280 1275 tanquam
304 1200 391 1259 mihi¹
419 1201 557 1261 inutilem.
610 1201 761 1273 Quantum
789 1200 826 1259 ad
855 1203 964 1259 tertiam
992 1201 1189 1260 difficultatem

139 1293 276 1368 Pseustis,
294 1316 369 1374 quae
390 1308 434 1357 est
454 1299 548 1376 major
568 1300 642 1358 inter
663 1311 781 1369 ceteras,
800 1299 965 1374 respondeo
987 1298 1190 1369 concedend0‚

139 1397 222 1470 quod
242 1398 382 1473 gaudium
404 1397 472 1456 dicit
492 1398 583 1455 multa
604 1398 683 1456 bona
704 1398 826 1468 animae,
841 1408 869 1455 et
890 1414 951 1456 non
970 1407 1014 1456 est
1035 1396 1191 1455 formaliter

139 1493 195 1552 nisi
219 1494 315 1570 ipsum
339 1495 470 1571 spiritum
494 1495 620 1571 gaudere
648 1495 788 1565 beatifice,
813 1496 893 1571 quod
918 1495 1008 1553 multa
1033 1495 1088 1553 alia
1112 1496 1192 1553 bona

139 1593 365 1669 praesupponit3
394 1594 477 1653 etsie
493 1593 611 1669 aliquod
630 1604 673 1651 est
694 1593 833 1669 gaudium
854 1593 1045 1669 subjectivum
1065 1603 1095 1650 et
1115 1591 1191 1651 aliud

139 1691 280 1766 gaudium
294 1681 478 1768 objectivum.
514 1691 628 1751 Omnes
642 1703 739 1750 autem
753 1692 829 1749 beati
844 1691 951 1749 habent
963 1691 1088 1749 eandem
1100 1691 1190 1750 beati·

138 1789 271 1847 tudinem
284 1800 312 1847 et
326 1790 466 1866 gaudium
480 1792 666 1868 objectivum,
682 1791 750 1865 quia
764 1799 898 1848 naturam
916 1788 1054 1847 divinam.
1096 1787 1136 1847 Et
1149 1789 1193 1848 sic

140 1897 205 1945 orat
218 1888 342 1947 ecclesia
355 1888 393 1947 ad
406 1889 578 1965 sapientiam
593 1888 650 1946 Dei
665 1889 772 1964 patris:

435 2017 491 2065 ‘Tu
508 2023 562 2065 esto
578 2023 690 2065 nostrum
707 2016 833 2079 gaudium,

450 2098 500 2161 Qui
516 2113 543 2148 es
560 2097 667 2147 futurum
684 2096 850 2162 praemium².'

182 2212 241 2272 Sed
261 2215 401 2290 gaudium
422 2216 612 2292 subjectivum
637 2225 681 2274 est
706 2213 800 2273 forma
822 2213 975 2272 inhaerens
999 2214 1123 2284 animae,
1146 2232 1191 2273 se-

140 2312 270 2371 cundum
284 2330 374 2388 quam
389 2313 491 2372 dicitur
505 2312 662 2371 formaliter
677 2313 804 2389 gaudere
811 2312 829 2383 ³,
843 2322 873 2371 et
886 2313 933 2370 illa
948 2330 1010 2370 non
1024 2322 1068 2371 est
1083 2312 1191 2388 aliquid

138 2410 219 2485 quod
234 2420 331 2486 potest
344 2429 397 2487 per
411 2429 442 2469 se
457 2411 588 2479 existere,
601 2412 652 2469 sed
666 2413 822 2486 ipsummet
836 2409 963 2486 gaudere
977 2411 1071 2482 beati;
1101 2421 1130 2469 et
1150 2412 1191 2469 sic

137 2507 246 2584 gaudia
270 2509 422 2567 beatorum
448 2508 672 2586 distinguuntur,
696 2508 858 2569 secundum
884 2508 965 2584 quod
990 2508 1120 2585 subjecta
1145 2509 1192 2566 illa

138 2616 207 2665 sunt
228 2607 414 2666 essentialiter
431 2608 572 2668 distincta.
615 2606 652 2666 Et
667 2619 723 2684 per
742 2606 799 2665 hoc
819 2605 985 2682 respondeo
1007 2606 1044 2665 ad
1066 2607 1191 2683 primam

139 2703 392 2763 confirmationem
413 2704 541 2765 Pseustis
569 2704 761 2765 concedendo
785 2722 870 2763 suum
896 2713 1088 2780 assumptum.
1132 2704 1191 2763 Sed

136 2801 220 2879 juxta
244 2800 321 2861 dicta
343 2802 434 2862 homo
459 2804 561 2863 dicitau
582 2804 727 2880 aliquante
748 2802 876 2879 gaudere
899 2801 1058 2879 dupliciter,
1080 2802 1192 2862 scilicet

139 2900 298 2978 subjective
316 2911 345 2961 et
359 2903 508 2978 objective.
551 2901 740 2962 Concedatur
758 2919 840 2977 ergo,
854 2901 935 2976 quod
950 2900 1070 2976 quilibet
1089 2902 1191 2961 beatus

137 3009 251 3058 tantum
272 3000 381 3076 gaudet
401 3002 559 3078 objective⁴
571 3002 607 3060 de
626 3000 734 3077 gaudio
754 2999 877 3069 alterius,
892 3009 1033 3074 quantum
1051 3000 1192 3075 gauderet

138 3098 305 3173 subjective,
321 3099 345 3157 si
363 3099 460 3176 ipsum
478 3099 618 3176 gaudium
633 3099 663 3157 in
682 3116 714 3157 se
733 3096 851 3156 haberet
872 3095 1029 3155 formaliter
1043 3106 1072 3155 et
1091 3098 1191 3156 intrin-

139 3213 232 3267 secus,
247 3197 298 3255 sed
314 3215 374 3256 non
389 3208 500 3256 tantum
511 3197 598 3257 habet
612 3196 752 3273 gaudium
767 3195 925 3270 subjective
941 3195 977 3253 de
992 3195 1058 3271 ipso
1072 3194 1191 3271 gaudi0,

138 3295 209 3371 quia
222 3305 292 3354 tunc
305 3295 424 3354 indubie
436 3295 555 3372 quilibet
568 3296 672 3354 beatus
687 3292 760 3351 foret
775 3310 867 3368 aeque
879 3293 981 3351 beatus
994 3302 1027 3351 ut
1040 3292 1122 3363 alius,
1136 3311 1191 3351 nec

137 3394 169 3451 in
183 3392 274 3451 domo
288 3394 378 3469 patris
393 3392 498 3452 Christi
512 3392 608 3452 forent
622 3392 729 3450 multae
745 3390 938 3460 mansiones⁶,
953 3389 1011 3448 hoc
1026 3399 1069 3448 est
1083 3390 1205 3466 gradus>

137 3489 324 3550 beatitudinis
348 3490 393 3549 vel
417 3490 516 3568 gaudii
541 3489 700 3567 subjectivi.
750 3488 789 3547 Et
813 3506 866 3564 per
886 3486 944 3548 hoc
965 3489 1132 3564 respondeo
1154 3489 1192 3547 ad

137 3597 269 3666 quartam
291 3590 434 3648 rationem
454 3599 482 3648 et
502 3588 634 3647 ultimam
656 3586 794 3657 Pseustis,
814 3585 1005 3645 concedendo
1027 3587 1090 3657 sibi,
1111 3585 1192 3662 quod

174 3771 183 3800 ¹
200 3768 272 3833 mihi]
285 3784 335 3818 om.
347 3769 386 3819 ed.
398 3784 436 3834 pr.
534 3766 544 3797 ²
560 3767 583 3816 E
593 3766 729 3816 Bernhardi
741 3765 945 3817 claraevallensis
956 3765 1041 3832 jubilo
1051 3763 1192 3830 rhythmico

140 3833 174 3884 de
186 3835 286 3884 nomine
297 3835 363 3900 Jesu,
376 3834 444 3898 cujus
456 3832 557 3898 stropha
568 3833 656 3882 ultima
667 3833 728 3882 haec
736 3832 811 3881 habet
822 3833 897 3882 verba
908 3849 914 3880 :

473 3901 529 3954 ·sis,
546 3899 613 3964 Jesu,
629 3915 707 3946 meum
724 3900 841 3962 gaudium,

485 3965 532 4023 Qi
550 3980 574 4011 es
592 3965 692 4011 futurum
710 3965 853 4025 praemium!

143 4027 183 4078 Cf.
195 4027 345 4079 Breviarium
361 4029 501 4079 Romanum
517 4030 542 4077 ln
558 4027 621 4078 festo
637 4028 661 4078 S.
677 4028 792 4077 Nominis
807 4028 880 4093 Jesu3
903 4032 929 4077 et
940 4025 1003 4075 Phil.
1019 4024 1193 4090 Wackernagel,

143 4094 188 4143 das
200 4093 318 4144 deutsche
327 4093 486 4144 Kircheulied
493 4110 542 4144 von
550 4093 594 4143 der
605 4093 709 4143 ilresten
717 4093 771 4142 Zeit
782 4100 829 4142 etc.
853 4092 952 4156 Leipsig
966 4089 1012 4140 186
1030 4129 1036 4141 .
1047 4091 1068 4140 I.
1078 4100 1131 4154 117,
1141 4105 1193 4155 sqq.

140 4159 153 4252 ⁸⁵
167 4157 286 4289 gquqlelqe]
299 4159 461 4234 congaudere,
473 4159 506 4208 D.
519 4159 557 4209 ed.
570 4174 607 4224 pr.
692 4158 701 4186 ⁴
717 4105 1031 4220 concedatur-objecti&
1043 4170 1094 4204 om.
1105 4157 1144 4206 ed.
1155 4171 1193 4222 pr.

170 4239 201 4273 c.
230 4241 246 4273 o
265 4240 329 4273 .xrv.
345 4240 366 4274 2.
