2864 4836
90 421 153 505 278
499 422 755 504 Joxnrvrs
796 421 1011 485 murra*
1207 446 1278 483 mn

44 607 154 683 segmen
234 601 278 650 est
299 609 351 667 per
372 590 498 648 eundem
520 587 608 647 situm
622 587 696 647 coeli
717 587 921 664 adaequatum,
935 595 965 644 et
987 595 1022 645 ut
1044 588 1190 648 credunt¹
1202 586 1281 665 phile

42 656 189 773 Qui&
235 689 328 765 sophi,
343 707 395 764 per
408 686 534 745 eundem
554 687 639 746 situm
656 686 738 744 mixti
753 695 820 744 sunt
833 684 938 743 eadem
953 701 1087 760 corpora
1109 683 1281 746 elementari

41 770 169 846 ‘mn
234 795 401 846 coextensa„
445 783 504 844 Sed
518 785 614 845 adhuc
634 783 717 842 tertio
738 780 876 841 accedam
891 777 1050 859 propius²r
1072 800 1181 843 nonne
1194 799 1280 843 semu·

42 851 159 887 euenum.
544 884 550 898 ,
622 881 628 895 ,
735 880 740 893 ,
764 880 770 893 ,
1088 881 1095 895 ,
1247 881 1253 894 ,

233 883 304 944 dum
323 893 403 942 tuam
417 883 602 960 phantasiam
620 880 830 958 impossrbrlem
848 897 901 956 per
916 878 1050 939 eundem
1071 891 1166 941 situm
1184 880 1280 941 bosnec

232 992 277 1042 est
298 999 405 1058 corpus
428 981 466 1040 de
490 999 598 1057 genere
622 978 789 1055 quantitatis
812 987 841 1037 et
866 975 992 1053 corpus⁸
1012 975 1139 1049 Christi,
1162 978 1280 1057 qmnrrie

231 1080 389 1156 dispariter,
414 1079 475 1137 imo
500 1097 568 1138 cunr
593 1095 701 1153 corpus
725 1075 762 1135 de
785 1093 893 1152 genere
917 1076 1092 1152 quantitatis
1119 1079 1158 1138 sit
1186 1096 1237 1154 per
1254 1092 1280 1135 se

231 1185 381 1255 quantum,
396 1187 425 1235 et
439 1193 546 1253 corpus
565 1175 602 1234 de
620 1193 727 1252 genere
747 1175 924 1234 substantiae
942 1191 1006 1232 non
1020 1175 1061 1233 sit
1075 1186 1225 1252 quantum
1236 1171 1281 1233 nisi

231 1292 283 1351 per
296 1272 441 1343 accidens,
456 1283 536 1333 tanta
550 1273 626 1332 foret
640 1273 833 1350 repugnantia
846 1271 892 1332 vel
910 1271 1005 1349 major
1022 1273 1165 1348 ponendi
1178 1271 1280 1352 quand·

231 1383 304 1432 tates
328 1382 356 1431 et
377 1371 527 1449 qualitates
550 1387 707 1448 corporeas
728 1371 921 1430 coextensas?
962 1369 1054 1446 Ipsae
1076 1373 1162 1431 enim
1185 1371 1280 1431 haben

231 1489 283 1548 per
304 1487 336 1530 se
357 1469 563 1540 dimensiones,
586 1469 630 1528 vel
650 1469 748 1545 potius
768 1474 835 1526 rarat
854 1467 918 1526 illae
939 1467 1148 1528 dimensiones
1169 1485 1234 1530 sese
1251 1465 1281 1526 dr

231 1574 360 1650 possibili
374 1584 569 1650 penetrantes.
613 1574 672 1633 Sed
686 1583 718 1632 ut
732 1572 872 1633 accedam
886 1572 1008 1631 finaliter
1026 1572 1069 1632 ad
1088 1572 1279 1634 difficultatem

231 1673 273 1730 tui
286 1672 438 1748 propositi,
451 1672 517 1730 dico
532 1670 613 1749 quod
627 1671 793 1749 philosophi
804 1671 981 1731 habuerunt⁴
992 1687 1047 1748 pro
1058 1668 1280 1738 inconvenienti,

231 1768 312 1846 quod
324 1754 379 1846 per
397 1769 523 1828 eundem
538 1769 636 1830 locum
651 1771 709 1830 sint
723 1770 783 1829 duo
797 1786 921 1845 corpora
935 1785 998 1827 non
1016 1765 1280 1829 communicantie‘

232 1876 400 1928 coextensa.
442 1865 500 1926 Sed
515 1868 667 1942 quomodo
682 1868 806 1945 pertinet
819 1868 905 1927 nobis
919 1867 961 1926 sic
974 1865 1083 1939 dicere,
1095 1885 1167 1927 cum
1181 1880 1282 1945 corpus

231 1965 315 2040 panis
329 1964 437 2023 ibidem
451 1965 623 2036 extenditur,
638 1975 668 2024 et
681 1983 788 2043 corpus
802 1964 908 2025 Christi
928 1964 1039 2023 ibidem
1056 1965 1193 2025 existens
1206 1964 1282 2043 spiri·

230 2063 342 2121 tualiter
362 2062 584 2139 multiplicatur?
626 2062 665 2123 Et
689 2064 821 2141 quamvis
846 2080 953 2140 corpus
979 2060 1088 2122 Christi
1111 2065 1149 2123 sit
1173 2064 1216 2124 ibi
1237 2079 1283 2122 ex·

231 2171 354 2230 tensum,
376 2161 445 2237 quia
459 2179 505 2220 res
519 2173 648 2233 extensa,
664 2172 696 2221 ut
715 2173 785 2239 puta
803 2162 849 2220 ille
863 2162 958 2238 panis,
973 2178 1035 2220 non
1054 2170 1157 2221 tamen
1177 2159 1281 2221 ibidem

230 2258 401 2328 extenditur,
423 2277 478 2317 nec
503 2261 587 2336 ponit
611 2270 642 2319 ut
666 2261 759 2320 sicin
781 2277 936 2319 numerum
957 2276 1025 2318 cum
1048 2277 1138 2336 pane,
1160 2277 1231 2319 cum
1250 2257 1282 2318 s't

230 2355 343 2415 realiter
356 2356 419 2431 ipse
439 2358 532 2432 panis.
574 2357 611 2419 Et
625 2368 712 2434 patet,
728 2359 752 2417 si
771 2358 910 2434 concipis,
931 2356 1083 2434 quomodo
1104 2367 1155 2417 tua
1174 2357 1282 2434 argutia

231 2466 274 2514 est
288 2453 390 2525 soluta,
404 2472 459 2514 nec
479 2455 597 2531 expedit
616 2454 681 2532 plus
700 2473 754 2533 pro
773 2450 1024 2533 replicationibus⁶
1038 2455 1069 2513 in
1088 2454 1147 2515 ista
1165 2455 1283 2515 materie

232 2554 387 2611 immorari.

271 2651 408 2709 Preustri.
451 2651 558 2709 Adhuc
579 2661 697 2728 apparet
718 2652 797 2723 milri,
813 2649 893 2727 quod
913 2669 975 2710 non
995 2660 1080 2727 potes
1101 2650 1180 2710 clare
1202 2649 1281 2710 aulu-

230 2766 308 2823 gere,
334 2766 395 2805 non
421 2748 517 2806 solum
543 2750 611 2824 quia
636 2766 743 2825 corpus
768 2749 874 2808 Christi
900 2759 943 2808 est
970 2749 1009 2807 ibi
1036 2758 1192 2807 extensum
1215 2766 1280 2808 cum

231 2863 353 2921 corpore
376 2845 468 2920 panis,
491 2845 543 2904 sed
563 2847 630 2922 quia
651 2849 747 2906 nescis
768 2848 864 2906 dicere
885 2847 956 2923 quid
976 2846 1013 2905 sit
1033 2847 1073 2905 ibi
1094 2847 1283 2906 essentialiter

231 2961 338 3019 corpus
353 2943 468 3002 Christi.
511 2943 582 3002 Non
604 2945 682 3002 enim
703 2955 747 3003 est
769 2962 877 3021 corpus
896 2945 1001 3003 alicubi
1021 2944 1077 3003 nisi
1090 2945 1141 3003 ubi
1161 2955 1207 3005 est
1220 2962 1283 3005 cor·

229 3059 302 3117 pus;
337 3042 405 3118 quia
430 3041 527 3100 aliter⁷
551 3052 726 3119 sequeretur,
755 3043 835 3120 quod
858 3061 965 3119 corpus
990 3042 1064 3102 foret
1090 3044 1197 3103 alicubi
1223 3062 1283 3104 non

230 3157 337 3215 corpus
345 3160 353 3213 3
376 3150 405 3199 et
420 3141 461 3199 sic
476 3158 583 3216 corpus
597 3140 704 3199 Christi
717 3152 747 3199 et
760 3159 866 3218 corpus
880 3142 964 3217 panis
979 3140 1073 3200 forent
1087 3159 1141 3218 per
1155 3144 1283 3203 eundern

230 3237 316 3295 situm
331 3249 497 3307 coextensa,
513 3237 578 3296 licet
593 3238 650 3296 sint
664 3238 803 3315 corpora⁸
817 3257 880 3298 non
894 3240 1149 3299 communicantia

270 3334 434 3393 Phrenesis.
477 3333 574 3393 Video
593 3334 673 3410 quod
694 3335 732 3394 ad
754 3354 842 3412 supra
863 3337 940 3397 dicta
960 3337 1046 3395 nimis
1067 3337 1284 3415 superficialiter

231 3432 363 3492 attendis.
406 3431 485 3490 Nam
506 3443 538 3491 ut
558 3443 637 3509 patet
661 3452 697 3492 ex
720 3433 812 3505 dictis,
834 3453 941 3511 corpus
962 3432 1070 3494 Christi
1092 3445 1137 3494 est
1161 3436 1194 3495 in
1219 3437 1284 3496 loco

229 3530 341 3589 hostiae
362 3541 516 3589 extensum
539 3549 606 3589 cum
627 3548 750 3608 corpore
771 3533 863 3609 panis,
885 3534 954 3608 quia
974 3542 1017 3592 est
1037 3533 1123 3610 panis
1145 3546 1284 3596 extensus

230 3646 297 3686 curn
319 3645 442 3703 corpore
461 3629 555 3704 panis,
570 3646 638 3686 cum
658 3632 696 3688 sit
716 3641 818 3706 quarta
838 3649 906 3706 pars
925 3632 1018 3707 panis,
1033 3631 1119 3691 etsie
1134 3632 1172 3691 de
1187 3634 1283 3693 multis

230 3727 293 3802 ejus
317 3726 455 3801 partibus.
501 3726 712 3786 Verumtamen
736 3745 843 3804 corpus
865 3727 972 3788 Christi
996 3746 1058 3787 non
1082 3731 1284 3792 coextenditur

262 3945 269 3973 ¹
287 3944 402 4009 credunt]
424 3946 531 4003 tradunt,
551 3947 644 3998 A.B.C.
850 3950 859 3977 ²
875 3949 989 4013 propius]
1008 3949 1133 4014 proprius,
1153 3950 1280 4002 A.B.C.D.

229 4009 358 4075 ³corpus]
376 4013 494 4076 corporis
512 4013 549 4088 ed:
567 4029 604 4077 pr.
804 4014 978 4079 ‘habuerunt]
996 4015 1098 4072 habent,
1115 4016 1145 4066 B.
1162 4019 1281 4067 secundae

229 4091 325 4125 manus.
400 4077 410 4105 ³
426 4079 645 4143 communicantia]
657 4080 857 4138 contaminanda,
869 4080 908 4131 cd.
920 4097 957 4147 pr.
1040 4082 1050 4111 ⁸
1066 4081 1280 4147 replicationibus]

230 4141 399 4255 ῧρίἰαιίίῗίηε,
412 4142 450 4191 ed.
462 4159 499 4207 pr.
580 4144 590 4172 ⁷
606 4144 689 4209 aliter]
701 4144 770 4203 alias,
781 4146 820 4196 ed.
832 4162 869 4211 pr.
951 4144 961 4175 ⁸
977 4146 1095 4211 corpora]
1107 4147 1158 4197 duo
1169 4162 1280 4213 corpore.

256 4242 262 4254 .
275 4222 351 4255 secun
369 4222 399 4257 ae
410 4223 504 4257 manus.
