2864 4836
59 451 140 496 cera
422 433 764 495 TRIALOGUS.

59 593 172 653 videtur
183 595 293 654 licitum
307 595 429 656 limitare
443 595 669 672 significationes
682 597 766 667 illius,
777 595 939 656 secundum
953 597 1034 673 quod
1049 614 1111 655 ma-

59 691 106 767 gis
117 694 253 751 convenit
268 693 350 751 cum¹
362 693 512 770 scriptura.
547 690 648 753 Potest
662 705 760 753 autem
767 701 908 770 peccatum
922 693 979 753 dici
989 695 1110 765 mortale,

59 790 141 866 quod
162 791 283 866 dignum
305 800 349 850 est
362 802 455 850 morte
477 791 621 851 secunda²
635 792 730 868 puniri
751 810 788 850 ex
809 792 927 851 arbitrio
940 791 996 851 Dei
1011 792 1110 850 nostri.

58 882 98 942 Et
109 884 151 943 sic
165 884 261 942 solum
275 895 428 961 peccatum
440 885 533 944 finalis
544 887 781 962 impoenitentiae
794 885 888 962 (quod
902 895 947 944 est
957 898 1110 961 peccatum

58 983 90 1041 in
111 982 250 1058 Spiritum
270 980 424 1060 Sanctum)
439 985 555 1061 proprie
575 995 620 1043 est
638 984 778 1055 mortale;
800 984 998 1060 quodcunque
1012 996 1109 1044 autem

58 1083 137 1142 aliud
157 1093 318 1159 peccatum,
331 1101 400 1142 cum
420 1085 454 1141 sit
468 1082 589 1160 dignum
604 1085 696 1153 venia,
711 1094 807 1160 potest
826 1083 883 1142 dici
903 1085 1110 1143 rationabiliter

55 1182 172 1239 veniale.
215 1179 274 1240 Sed
287 1182 356 1256 quia
369 1192 490 1257 peccata
503 1181 633 1252 actualia,
648 1199 723 1257 quae
738 1182 912 1256 extinguunt
925 1182 1048 1257 gratiam
1064 1198 1109 1238 se·

55 1279 188 1339 cundum
202 1289 384 1355 praesentem
399 1279 547 1355 justitiam,
558 1289 626 1338 sunt
640 1280 725 1338 nobis
739 1280 770 1337 in
783 1279 921 1337 limitibus
933 1280 992 1337 suis
1007 1280 1108 1353 incog-

55 1378 127 1448 nita,
142 1379 209 1437 ideo
222 1377 333 1436 videtur
347 1376 427 1452 quod
441 1377 582 1436 debemus
598 1395 711 1435 servare
725 1395 781 1435 nos
795 1378 825 1435 in
839 1376 976 1435 limitibus
994 1386 1111 1434 nostrae

56 1475 186 1545 notitiae,
201 1487 230 1534 et
244 1493 305 1534 non
315 1475 487 1551 ultraquam
498 1477 645 1535 noscimus
656 1477 811 1552 superbire.
854 1475 893 1533 Et
903 1484 982 1551 patet
993 1493 1030 1533 ex
1045 1475 1110 1543 isto,

55 1573 140 1649 quod
153 1573 323 1649 ignoramus
333 1573 414 1649 quod
428 1584 581 1649 peccatum
596 1574 632 1631 sit
645 1573 755 1632 veniale
769 1575 800 1631 in
814 1573 900 1630 nobis
914 1573 1066 1641 viantibus
1082 1582 1110 1629 et
1147 1589 1280 1663 1533an

55 1671 140 1747 quod
150 1671 289 1742 mortale;
310 1671 378 1729 ideo
392 1670 533 1729 debemus
548 1671 743 1746 quodcunque
755 1679 908 1746 peccatum
923 1669 1031 1745 sugere,
1044 1687 1111 1727 curn
1145 1639 1289 1750 {ffggffiffig

56 1768 230 1845 generaliter
249 1769 457 1843 cognoscimus
477 1769 588 1844 peccati
608 1768 778 1844 periculum,
793 1777 823 1826 et
841 1767 905 1843 ejus
923 1766 1110 1843 gravedinem
1145 1751 1255 1864 ἐῖεῗιῗῒιῗ

1153 1831 1253 1873 ugleudum
1262 1837 1297 1866 est.

57 1869 237 1944 ignoramus.
278 1865 379 1925 Potest
399 1876 496 1924 autem
518 1865 714 1941 quodcunque
737 1875 891 1940 peccatum
912 1863 969 1922 dici
991 1863 1110 1937 ingrati·
1146 1872 1280 1948 ⁰232&

57 1964 131 2024 tudo
158 1968 316 2042 peccantis
342 1969 410 2043 quia
435 1966 649 2026 considerando
681 1965 886 2042 gratitudinem
915 1964 980 2035 Dei,
1010 1973 1111 2022 contra
1145 1953 1274 2028 lilim·

58 2081 148 2140 quern
170 2064 265 2123 solum
286 2074 432 2141 peccatur,
448 2064 506 2123 hoc
527 2074 646 2123 estnon
667 2074 805 2139 peccatur
824 2073 926 2121 contra
946 2061 1034 2120 alium
1055 2062 1111 2118 nisi

57 2173 195 2238 peccetur
218 2162 413 2238 principaliter
437 2172 540 2221 contra
564 2162 652 2231 illurn,
678 2171 776 2236 potest
804 2160 897 2219 fidelis
925 2159 1110 2219 considerare

57 2261 171 2338 peccati
192 2260 389 2336 gravedinem.
432 2259 500 2337 Ipse
524 2261 603 2319 enim
627 2259 681 2319 suit
701 2260 846 2318 inlinitum
868 2269 967 2335 gratus
990 2259 1111 2328 homini,

57 2376 127 2416 cum
142 2376 195 2417 sua
208 2359 353 2435 gratitudo
368 2376 429 2417 non
443 2368 540 2435 potest
550 2357 687 2416 limitibus
702 2357 788 2415 finitis
803 2357 979 2428 mensurari;
1002 2366 1111 2415 etcum

57 2457 89 2515 in
112 2467 253 2531 quantum
275 2455 420 2532 gratitudo
445 2465 489 2513 est
513 2456 616 2532 major,
638 2453 814 2530 ingratitudo
839 2455 987 2529 peccantis
1010 2465 1112 2511 contra
1210 2447 1213 2453 ’

57 2552 138 2611 illam
153 2563 197 2611 est
210 2555 332 2629 gravior,
347 2551 459 2610 videtur
478 2551 560 2627 quod
579 2568 668 2609 omne
687 2560 841 2625 peccatum
860 2548 948 2607 habet
967 2550 1110 2608 rationem

58 2649 225 2727 gravedinis
248 2651 386 2709 infinitae.
430 2649 574 2719 Similiter,
598 2658 630 2706 ut
654 2648 758 2724 loquar
782 2646 944 2706 secundum
969 2646 1111 2722 politicos,

59 2750 91 2806 in
106 2759 248 2824 quantum
262 2749 395 2818 dommus,
411 2758 512 2807 contra
526 2765 615 2822 quem
629 2756 775 2822 peccatur,
790 2755 834 2804 est
847 2745 940 2815 altem,
955 2744 986 2803 in
1000 2754 1112 2804 tanturn

58 2855 213 2923 peccatum
232 2847 422 2905 commissum
440 2855 543 2903 contra
560 2843 640 2902 illum
661 2854 705 2902 est
725 2843 871 2921 gravius³3
898 2843 951 2902 sed
965 2843 1047 2903 Deus
1068 2855 1112 2904 est

58 2944 205 3002 intiniturn
225 2961 350 3019 magnus
372 2932 517 3013 dominus,
532 2959 603 3018 ergo
625 2952 779 3018 peccatum
802 2952 903 3000 contra
927 2940 1007 2998 illum
1030 2960 1111 3001 com-

60 3043 183 3099 missum
197 3040 452 3118 proportionaliter
469 3049 512 3098 est
531 3057 627 3114 grave.
670 3038 804 3097 Similiter
817 3050 848 3097 ut
862 3039 965 3096 naulum
985 3050 1029 3099 est
1047 3041 1112 3116 plus

58 3139 218 3208 detestabile,
229 3150 273 3197 est
287 3136 540 3215 proportionaliter
554 3138 648 3213 magis
662 3137 780 3208 malum,
792 3137 844 3196 sed
855 3155 944 3195 omne
959 3150 1112 3212 peccatum

58 3237 170 3296 videtur
183 3255 247 3295 esse
262 3236 406 3293 infinitum
421 3234 598 3303 detestabile,
613 3246 642 3293 et
656 3253 708 3310 per
727 3251 912 3310 consequens
932 3236 970 3294 ita
984 3236 1110 3308 malum;

59 3353 129 3393 nam
144 3333 397 3410 proportionaliter
410 3342 442 3390 ut
456 3332 538 3391 Deus
557 3342 601 3390 est
620 3333 791 3408 appetibilis,
806 3343 850 3391 est
869 3343 1023 3409 peccatum
1038 3333 1112 3408 iugi-

59 3433 124 3503 bile,
140 3450 208 3491 cum
223 3441 326 3490 mutuo
341 3430 587 3505 correspondent3
610 3430 663 3488 sed
677 3428 759 3488 Deus
774 3440 818 3488 est
836 3430 980 3488 infinitum
999 3432 1111 3507 appeti-

58 3531 134 3601 bilis,
149 3547 220 3606 ergo
241 3539 396 3605 peccatum
416 3538 460 3586 est
478 3527 623 3585 infinitum
642 3524 761 3600 sugibile
783 3537 811 3585 et
831 3528 874 3586 sic
894 3527 1018 3600 malum;
1050 3547 1111 3587 non

58 3630 139 3687 enim
158 3638 278 3704 propter
297 3628 410 3686 bonum
430 3625 542 3684 finitum
557 3623 601 3682 vel
622 3623 766 3681 inlinitum
781 3623 913 3684 deberet⁴
928 3626 993 3701 quis
1006 3644 1112 3701 pecca·

57 3736 121 3785 tum
140 3726 331 3783 committere.
374 3723 472 3794 Unde,
486 3733 518 3780 ut
538 3722 641 3798 loquar
660 3732 801 3798 tanquam
816 3723 930 3800 logicus
943 3723 1111 3796 hodiernus,

59 3840 151 3899 pono,
176 3823 257 3898 quod
282 3815 415 3881 diabolus
443 3822 591 3898 promittat
615 3820 727 3879 homini
752 3823 807 3880 sub
835 3822 1003 3881 conditione
1031 3823 1112 3899 quod

59 3929 172 3998 peccet,
183 3930 292 3979 certum
301 3921 422 3989 bonum,
431 3920 462 3978 in
473 3919 567 3995 prima
577 3929 658 3995 parte
670 3919 880 3995 proportionali
889 3920 964 3978 illius
974 3920 1073 3991 borae,
1083 3930 1112 3978 et

58 4149 65 4160 '
93 4141 235 4271 ¹cumpin.
246 4143 286 4192 ed.
297 4158 335 4208 pr.
521 4139 628 4190 'morte
639 4140 758 4205 secunda]
771 4149 857 4198 morte,
870 4141 1111 4209 secundumedpr.

52 4210 62 4239 ¹
85 4209 184 4274 gravius
208 4207 426 4282 proportionaliter
436 4222 518 4271 grave,
530 4207 623 4256 A.B.C.
690 4207 699 4234 ¹
715 4207 827 4271 deberet]
839 4207 921 4266 debet,
933 4207 1027 4258 A.B.C.

99 4307 281 4351 smannens.
449 4368 451 4372 Α
575 4306 592 4346 L
