2864 4836
513 425 768 508 sonuurs
802 425 1030 490 arom
1221 450 1296 487 m.

237 593 378 653 instanter
401 602 431 653 et
455 609 517 652 non
541 590 665 652 inaniter
688 590 845 652 institisset.
895 586 999 651 Nam¹
1023 593 1183 654 existente
1204 592 1295 653 terum

237 689 471 766 paratissimaad
485 689 616 750 dandum
631 689 748 750 Christo
762 689 799 750 de
813 688 1127 769 muamaChristus
1141 692 1294 753 bibitionn

236 807 331 867 aquae
350 788 520 867 hujusmodi
540 788 864 867 praetermisitdioens
882 787 934 849 diu
959 798 1032 867 post
1055 790 1143 851 mnis'
1162 788 1296 869 disdpdr

236 889 334 965 ipsum
354 886 533 949 manducare
555 886 747 959 tonantibus,
769 890 845 965 ‘ego
868 886 969 946 cibum
994 886 1104 949 habeo
1129 889 1294 951 mnndum

235 1004 325 1063 quem
344 1002 399 1046 vos
418 981 554 1047 nescitia'
594 984 679 1058 Ideo,
699 994 739 1045 ut.
751 993 834 1063 patet
848 1000 887 1045 ex
904 984 1080 1061 magelin,
1095 985 1234 1055 Chrhttts
1249 984 1293 1045 [κ’

235 1084 394 1145 delectatus
412 1102 451 1143 ex
472 1083 529 1144 lide
549 1093 578 1144 et
598 1082 693 1143 verbis
712 1081 847 1156 feminae,
864 1090 895 1141 et
914 1080 957 1141 sie
978 1098 1021 1142 ex
1040 1084 1160 1146 merito
1178 1080 1293 1165 ejns⁸et

234 1181 424 1259 dispositione
445 1180 484 1242 ad
504 1180 718 1242 aedificandum
738 1178 891 1241 ecdesiam
910 1179 1117 1256 spiritualiter,
1135 1182 1294 1249 humata

233 1290 279 1339 est
292 1290 419 1357 potatus.
461 1279 562 1340 Sancti
580 1280 660 1339 enim
673 1277 823 1340 Christum
839 1270 1029 1355 spiritualiter
1042 1278 1188 1341 reficiunt
1201 1280 1292 1341 hum·

233 1379 310 1439 nitus
333 1378 485 1456 objectiva,
506 1386 536 1438 et
559 1376 648 1438 talem
670 1376 770 1438 cibum
791 1392 828 1436 ac
850 1374 915 1454 ejus
937 1390 1025 1435 ecum
1049 1376 1198 1441 Christus
1214 1394 1292 1439 eun·

232 1488 384 1537 memorat.
424 1475 507 1537 Patet
527 1494 600 1554 ergo
620 1474 874 1554 quodiratresin
896 1475 1291 1539 istasuntstultioreshnt

233 1575 350 1645 semina,
364 1575 433 1652 quia
447 1574 521 1635 siem
539 1575 594 1635 ista
612 1568 826 1651 aequivocavit*
841 1590 910 1632 cum
924 1570 1047 1633 Christo
1065 1586 1198 1653 propter
1214 1576 1290 1655 igno-

231 1674 355 1732 rantiam
375 1673 581 1746 excusabilem,
605 1673 648 1733 sic
668 1674 714 1733 isti
734 1670 837 1733 discoli
857 1671 1065 1733 damnabiliter
1088 1676 1290 1753 aequivocnm,

231 1771 268 1830 de
284 1771 390 1849 Spiritu
406 1772 515 1833 Sancto
528 1772 638 1832 nelarie
652 1771 830 1833 mentiendo.
863 1770 937 1832 Ideo
947 1770 1055 1831 vellem
1065 1772 1118 1833 ut⁸
1131 1792 1199 1837 non
1213 1792 1290 1835 men·

230 1868 361 1929 dicarent
380 1869 417 1929 de
431 1870 490 1930 suis
509 1865 659 1930 fratribus⁶
672 1869 727 1929 nisi
744 1886 860 1947 aquam,
874 1877 1033 1946 antequam
1047 1886 1107 1947 pro
1121 1872 1185 1933 isto
1197 1890 1289 1933 more

230 1966 436 2040 satisfacerent,
451 1986 526 2045 quae
541 1967 578 2028 de
593 1966 660 2027 Deo
673 1976 733 2027 tam
746 1966 890 2027 haeretice
903 1966 1095 2027 mentiuntur.

271 2063 395 2124 &cundo
413 2065 516 2126 iratres
537 2067 666 2125 nituntur
685 2069 778 2126 suum‘
791 2062 978 2124 mendacium
996 2064 1130 2125 stabilire
1151 2084 1210 2145 per
1223 2066 1288 2130 ital

229 2160 328 2222 Lucae
342 2164 409 2235 xix,
422 2164 543 2240 quando
557 2162 689 2224 Christus
703 2162 782 2233 dixit,
798 2161 948 2222 ‘Zachaee
961 2160 1106 2223 festinans
1124 2164 1286 2233 damn·

228 2270 292 2331 etc,
315 2278 353 2319 ex
376 2262 482 2337 quibus
504 2262 599 2322 verbis
621 2260 802 2322 concludunt
824 2260 856 2319 hi
882 2259 973 2331 inscii,
995 2258 1082 2337 quod
1104 2260 1247 2325 Chrisms
1270 2282 1288 2325 ι

229 2357 363 2418 Zachaeo
377 2368 438 2419 tam
451 2360 593 2420 cibarium
606 2377 696 2437 quam
709 2359 870 2437 hospitium
882 2356 1067 2419 mendicavit
1111 2356 1177 2421 Sed
1195 2363 1286 2423 sciam

226 2457 272 2515 isti
285 2456 372 2518 rudes
385 2459 576 2535 grammatici,
587 2468 743 2535 antequam
757 2460 800 2519 sic
812 2448 1023 2534 blasphement,
1033 2458 1175 2519 notitiam
1189 2461 1286 2521 termi-

226 2573 341 2626 norum,
353 2566 381 2615 et
395 2575 457 2616 non
475 2556 651 2616 mentiantur
665 2557 710 2615 vel
725 2566 842 2616 utantur
854 2556 885 2614 in
899 2555 1118 2615 mendicatione
1132 2574 1189 2617 sua
1203 2576 1284 2618 men-

202 2656 205 2663 '
226 2652 324 2725 daciis,
339 2656 408 2731 quia
429 2665 540 2715 certum
560 2665 613 2726 est,
627 2654 665 2714 ad
679 2655 767 2714 verba
786 2654 842 2714 ista
863 2652 1096 2712 denominativa⁷
1110 2673 1168 2714 nee
1191 2657 1283 2716 inten-

224 2751 336 2810 tionem
361 2751 467 2813 Chn'sti
494 2754 670 2813 caritativam
697 2761 820 2829 possunt
848 2752 989 2827 attingere
996 2769 1006 2822 3
1039 2750 1175 2812 Christus
1203 2756 1282 2813 enim

224 2850 326 2911 videns
346 2851 533 2910 devotionem
553 2850 687 2922 Zachaei,
702 2861 822 2927 propter
842 2850 989 2909 caritatem
1010 2867 1101 2926 quam
1123 2850 1163 2909 ad
1183 2852 1281 2928 ipsum

223 2948 330 3018 habuit,
355 2960 385 3008 et
408 2966 469 3008 non
495 2959 620 3025 propter·
636 2948 783 3007 miseriam
808 2949 850 3007 sui
876 2948 935 3006 sive
958 2947 1106 3024 egentiam
1129 2950 1172 3008 ita
1199 2951 1281 3011 dixit

223 3046 296 3104 Ideo
310 3056 445 3105 notarent
460 3046 559 3106 fratres
573 3046 645 3106 haec
663 3048 717 3106 tria
730 3048 833 3117 verba;
859 3045 1014 3105 ‘festinans
1033 3045 1184 3107 descende
1197 3050 1279 3125 quia'

221 3156 286 3215 ete,
300 3157 329 3203 et
343 3146 549 3204 erubescerent
562 3145 593 3202 in
607 3144 665 3203 hoc
685 3144 824 3222 fingendo
842 3143 879 3204 de
894 3143 1009 3203 Christo
1028 3145 1278 3206 mendicationem

222 3241 398 3302 mendaciter
405 3239 425 3313 ⁸,
441 3243 511 3319 quin
530 3243 627 3320 potius
641 3241 756 3303 Christo
770 3243 946 3302 ascriberent
959 3251 991 3302 ut
1010 3260 1129 3303 summo
1143 3244 1277 3304 medieo'

221 3359 255 3399 ac
276 3341 486 3412 liberalissimo,
507 3340 588 3416 quod
612 3358 649 3398 ex
671 3358 786 3400 summa
809 3341 926 3402 caritate
950 3359 1070 3400 manere
1091 3360 1161 3401 cum
1182 3341 1276 3402 homi·

221 3439 305 3496 nibus
319 3436 484 3497 delectatur.
527 3437 616 3497 Unde
635 3439 717 3497 multi
732 3439 866 3516 occupati
885 3440 916 3497 in
935 3438 1017 3498 usu¹⁰
1029 3439 1071 3499 rei
1086 3439 1274 3511 delectabilis,

220 3535 291 3593 dum
311 3535 411 3594 iratres
425 3537 512 3594 verba
532 3535 606 3595 haec
624 3536 679 3596 illis
700 3537 844 3608 dixerunt,
864 3536 1021 3597 ‘festinans
1041 3537 1205 3599 descende'
1219 3551 1273 3600 etc

220 3632 429 3708 responderent
443 3633 577 3693 iratribus
595 3634 772 3707 mendicis¹¹,
788 3634 901 3696 ‘adhuc
920 3636 1041 3713 potestis
1059 3635 1208 3696 humiliter
1221 3656 1271 3715 pe·

219 3732 317 3789 teresi
332 3731 372 3790 sic
387 3730 491 3790 velim?

252 3877 345 3927 ¹Nam
370 3891 436 3929 nunc
447 3885 537 3934 autem,
550 3877 584 3926 D.
596 3877 635 3928 ed.
647 3893 683 3942 pr.
797 3878 886 3945 ’suis]
899 3880 999 3931 omed.
1028 3897 1048 3929 r.
1180 3882 1271 3948 'ejus]

218 3957 312 3999 omnes,
357 3958 411 4007 .pr.
510 3941 583 3992 ‘ista
594 3943 776 4008 aequivocavit]
787 3945 957 4009 aequivocam,
967 3945 995 3994 ll.
1020 3963 1041 4002 ,ς
1059 3948 1106 3996 ista
1117 3948 1271 4012 nequinont.

217 4007 304 4073 edpr.
404 4007 470 4072 ἰή]
483 4008 675 4073 quod,ed.pr.;
692 4009 787 4059 utinam
799 4010 973 4068 mendicarent,
987 4010 1020 4060 D.
1113 4012 1270 4078 ‘imtrilnrsl

217 4086 267 4119 om.
279 4072 317 4122 ed.
329 4088 365 4136 pr.
480 4072 490 4101 ⁷
506 4073 699 4141 denominativa]
709 4075 869 4132 dominatlva,
881 4078 913 4125 Λ.
927 4077 1021 4140 primae
1031 4092 1128 4134 manus,
1141 4076 1170 4128 B.
1180 4078 1221 4128 erl.
1233 4095 1269 4144 pr.

216 4134 226 4162 ¹
242 4137 403 4202 mendaciter]
416 4153 466 4187 om.
478 4138 571 4188 A.B.C.
677 4140 687 4170 ⁸
704 4140 813 4205 medico]
825 4141 946 4199 mendico,
959 4142 988 4193 C.
1100 4144 1119 4175 ¹⁶
1135 4142 1194 4209 uari]
1207 4145 1267 4204 visu

218 4200 250 4250 D.
262 4202 299 4250 ed.
311 4217 348 4266 pr.
447 4203 464 4234 ¹¹
482 4202 613 4268 mendicis]
622 4204 735 4259 mendici,
747 4204 785 4256 ed.
797 4221 834 4270 pr.
