2864 4836
584 414 839 494 JOANNIS
881 414 1094 478 WICLIF
1187 365 1189 368 Α
1290 438 1370 474 aran.

319 575 453 636 bestiales
467 574 648 652 supradictas
662 584 778 650 oportet
792 592 902 650 ponere
913 577 944 633 in
954 574 1075 634 bomine
1085 574 1282 644 intellectum
1305 588 1370 630 nam

319 674 419 751 quoad
433 672 495 732 illas
509 673 626 731 virtutes
640 673 733 731 bestia
746 672 861 732 excedit
874 672 1034 745 hominem,
1049 684 1081 732 ut
1095 672 1164 732 dicit
1179 670 1353 731 Metricus¹:

548 803 619 852 ‘Nos
635 819 696 867 aper
711 802 797 852 auditu
814 803 947 868 praecellit.
962 818 1052 853 aranea
1068 809 1145 858 netu.

567 884 670 933 Vultur²
686 884 800 941 odoratu,
817 884 869 934 linx
884 885 945 941 visu,
962 883 1039 935 simon
1054 885 1145 949 gustu!

363 1000 401 1060 Et
415 1001 457 1060 sic
477 1010 520 1060 est
539 1001 569 1058 in
587 1001 717 1077 quinque
736 1000 887 1060 virtutibus
906 1001 1090 1060 interioribus
1109 999 1256 1075 organicis
1276 1015 1373 1074 supra·

323 1098 415 1157 dictis.
458 1097 535 1157 Cum
549 1099 628 1156 enim
642 1098 733 1157 homo
749 1116 810 1156 non
825 1098 939 1156 excedit
954 1099 1060 1156 bestias
1074 1099 1105 1156 in
1116 1097 1217 1155 virtute
1231 1093 1374 1172 corporali

324 1197 424 1255 necin
443 1213 531 1254 sensu
546 1196 643 1272 aliquo
663 1196 789 1266 animali,
804 1195 973 1272 relinquitur
986 1194 1068 1272 quod
1086 1194 1201 1253 excedit
1222 1195 1252 1251 in
1273 1209 1374 1270 opera·

324 1295 403 1353 tione
431 1292 598 1352 intellectus.
656 1292 714 1352 Sed
742 1293 834 1369 qualis
863 1293 937 1351 foret
969 1310 1115 1361 excessus,
1144 1293 1169 1351 si
1197 1292 1228 1349 in
1255 1291 1374 1350 articulo

325 1390 480 1450 felicitatis³
494 1391 639 1449 maximae
661 1391 879 1449 necessitantur
900 1408 952 1466 per
965 1401 1090 1448 mortem
1108 1389 1276 1448 felicitatem
1299 1389 1374 1447 illam

326 1489 505 1565 deperdere?
547 1487 630 1546 Deus
654 1488 734 1546 enim
761 1499 831 1546 tunc
858 1489 953 1563 magis
981 1486 1173 1546 confunderet
1201 1503 1273 1546 suos
1301 1486 1374 1545 filios

326 1588 459 1646 cariores.
502 1585 602 1644 Habet
615 1603 687 1661 ergo
706 1585 798 1644 homo
817 1585 1003 1657 intellectum,
1018 1603 1107 1662 quem
1126 1584 1266 1644 abstrahit
1280 1604 1299 1645 a
1312 1603 1374 1645 cor·

326 1701 406 1760 pore,
422 1701 489 1743 cum
510 1686 575 1760 ipso
596 1694 736 1759 perpetue
757 1694 987 1759 permanentem.
1031 1682 1105 1741 Item
1126 1682 1219 1741 homo
1239 1684 1327 1743 sentit
1346 1684 1374 1742 in

326 1800 358 1842 se
373 1783 447 1858 ipso,
461 1781 542 1858 quod
556 1780 643 1839 habet
656 1781 786 1839 naturale
805 1780 981 1840 desiderium
1000 1799 1116 1857 semper
1133 1797 1208 1850 esse,
1223 1790 1253 1839 et
1267 1780 1307 1839 ad
1321 1779 1375 1838 hoc

327 1880 514 1957 sapientiores
534 1879 629 1954 magis
649 1877 861 1955 disponuntur;
892 1896 960 1938 cum
981 1896 1052 1955 ergo
1073 1888 1177 1937 natura
1197 1895 1260 1936 nou
1281 1884 1377 1956 potest

326 1977 452 2035 frustrari
481 1977 511 2034 in
539 1986 621 2035 tanto
649 1977 809 2052 proposito,
837 1975 949 2034 videtur
976 1975 1058 2052 quod
1085 1975 1189 2051 aliquis
1217 1975 1377 2034 intellectus

326 2073 455 2132 hominis
475 2083 572 2150 potest
592 2072 757 2132 naturaliter
777 2091 892 2149 semper
916 2091 990 2144 esse,
1011 2083 1040 2131 et
1064 2073 1106 2131 sic
1131 2083 1175 2131 est
1196 2073 1376 2132 immortalis

327 2171 365 2229 Et
383 2169 461 2229 idem
481 2180 525 2229 est
541 2170 682 2246 judicium
702 2170 738 2229 de
758 2188 943 2248 quocunque,
964 2188 1032 2230 cum
1050 2170 1146 2246 posita
1163 2170 1377 2230 immortalitate

328 2263 462 2343 alicujus⁴
477 2267 614 2326 individui
628 2268 714 2326 unius
734 2278 862 2338 naturae,
877 2278 992 2345 oportet
1008 2267 1124 2327 cuilibet
1141 2278 1262 2327 naturae
1281 2269 1378 2327 cousi·

329 2365 404 2423 mili⁶
424 2367 630 2442 proprietatem
649 2366 728 2426 illam
748 2367 852 2435 inesse,
868 2367 936 2442 quia
955 2365 1036 2424 aliter
1053 2383 1115 2425 non
1135 2365 1243 2426 inesset
1262 2376 1377 2426 natura·

329 2464 400 2535 liter,
426 2464 478 2523 sed
502 2464 662 2534 casualiter,
687 2464 822 2540 propter⁸
847 2481 966 2523 causam
990 2464 1076 2522 aliam
1100 2463 1294 2523 adventiciam
1318 2482 1378 2524 non

329 2562 508 2640 fingendam,
519 2563 588 2638 quia
602 2562 626 2620 si
640 2562 756 2638 spiritus
770 2561 817 2619 ille
831 2561 906 2619 foret
919 2560 1114 2637 corruptibilis
1130 2579 1148 2619 a
1162 2578 1217 2619 suo
1232 2562 1378 2620 contrario

328 2661 373 2720 vel
396 2677 569 2736 quacunque
595 2659 651 2717 alia
674 2677 772 2729 causa,
796 2659 911 2716 infinito
931 2668 1062 2735 tempore
1084 2659 1252 2718 necessario
1273 2660 1379 2719 inesset

329 2757 475 2833 corruptio
487 2757 658 2832 cuicunque,
671 2757 738 2832 quia
753 2756 832 2815 aliter
846 2757 954 2815 inesset
969 2755 1192 2832 corruptibilitas
1207 2756 1269 2816 sine
1283 2775 1378 2816 causa

330 2853 391 2912 Res
405 2855 484 2912 enim
495 2870 570 2930 quae
581 2854 771 2912 terminantur
782 2852 857 2912 suis⁷
867 2853 1005 2929 periodis,
1016 2870 1078 2911 non
1090 2853 1272 2912 aeternaliter
1281 2872 1379 2931 perse·

329 2959 437 3020 verant,
451 2952 520 3026 quia
534 2952 575 3009 sic
589 2951 728 3010 haberent
738 2951 880 3010 infinitam
892 2952 1062 3027 potentiam,
1076 2950 1150 3010 ultra
1160 2950 1218 3011 hoc
1231 2952 1315 3028 quod
1329 2952 1379 3011 ba·

329 3050 430 3107 berent
441 3067 487 3107 res
501 3050 608 3124 speciei
621 3049 787 3119 consimilis,
799 3067 874 3126 quae
885 3067 938 3125 per
948 3059 1065 3125 tempus
1075 3047 1227 3108 modicum
1241 3049 1380 3126 possunt¹

331 3158 414 3207 stare.
458 3146 537 3205 Sicut
558 3164 629 3223 ergo
650 3146 740 3205 homo
761 3145 849 3205 habet
870 3148 1031 3223 appetitum
1053 3145 1148 3205 standi
1169 3164 1238 3205 cum
1254 3145 1331 3218 Deo,
1349 3158 1380 3206 ut

331 3244 404 3305 fine’
425 3263 479 3304 suo
501 3245 722 3315 naturalissimo,
737 3246 779 3303 sic
797 3262 859 3303 non
880 3255 925 3303 est
939 3243 1077 3320 fingenda
1090 3262 1188 3314 causa,
1205 3261 1283 3321 quae
1301 3245 1380 3304 illum

331 3354 431 3421 posset
449 3362 468 3401 a
481 3343 529 3402 tali
544 3344 695 3419 proposito
716 3343 778 3401 sine
798 3360 851 3402 suo
871 3341 1040 3402 demerito¹⁰
1058 3359 1202 3419 separare,
1220 3344 1382 3420 specialiter

332 3461 400 3502 cum
428 3443 558 3518 corporis
583 3441 730 3516 corruptio
758 3458 819 3498 non
844 3440 916 3499 tollit
940 3441 1020 3499 illum
1045 3441 1185 3516 spiritum,
1210 3441 1264 3500 sed
1287 3442 1382 3518 magis

332 3539 474 3598 laetificat.
516 3539 591 3597 Item
612 3549 644 3597 ut
663 3539 770 3597 docent
784 3536 951 3614 philosophi
965 3548 993 3594 et
1008 3538 1081 3596 ratio
1100 3537 1247 3609 naturalis,
1261 3539 1382 3616 praeeli-

333 3636 462 3712 gendum
477 3647 522 3694 est
536 3637 567 3693 in
581 3653 651 3694 casu
666 3636 740 3693 mori
756 3647 875 3712 propter
889 3637 1001 3694 bonum
1020 3635 1169 3711 publicum
1186 3637 1270 3696 etad
1289 3639 1384 3713 turpia

335 3733 378 3792 vel
391 3732 546 3809 culpabilia
559 3733 736 3791 evitandum.
780 3732 839 3792 Sed
853 3732 911 3793 hoc
926 3750 987 3791 non
1002 3744 1099 3809 potest
1113 3736 1245 3793 excusari
1260 3735 1382 3804 ratione,

366 3861 373 3892 ¹
393 3859 523 3925 Metricus]
536 3860 654 3910 Metricus
669 3862 703 3910 ab
713 3862 881 3926 experimento
892 3860 1002 3917 edoctus,
1015 3862 1059 3916 D.;
1076 3861 1110 3910 ab
1118 3869 1220 3926 experto
1231 3861 1342 3919 edoctus.
1353 3863 1383 3913 (L

334 3927 372 3976 ed.
385 3941 421 3991 pr.
520 3925 529 3953 ¹
546 3925 647 3990 Vultur]
660 3926 741 3975 vultur
751 3927 827 3983 cauis,
840 3926 872 3974 D.
1010 3926 1019 3955 ¹
1035 3925 1169 4002 felicitatis]
1181 3925 1307 3977 felicitatis
1318 3943 1384 3984 suae,

334 3991 363 4041 C.
377 3992 414 4041 ed.
427 4007 463 4056 pr.
572 3990 711 4106 ⁴alicujus}
724 4007 773 4041 orn.
787 3992 818 4040 D.
830 3990 868 4041 ed.
880 4006 916 4056 pr.
1021 3991 1168 4041 ⁸consirnilr
1193 3992 1338 4048 consimilis,
1351 3993 1384 4042 1).

334 4057 372 4104 ed.
385 4072 421 4121 pr.
521 4056 659 4121 ‘propter]
672 4073 688 4103 v
722 4065 830 4122 propter,
843 4055 925 4106 D.ed.
955 4072 973 4104 r.
1084 4056 1161 4106 ⁷suis
1185 4057 1385 4123 menime

335 4136 429 4176 manus.
442 4122 475 4171 D.
486 4121 525 4172 ed.
537 4136 574 4185 pr.
672 4121 814 4186 'possunt]
826 4128 916 4186 potest,
956 4122 1022 4173 .B.C.
1127 4121 1138 4152 ⁰
1188 4121 1216 4186 e]
1227 4122 1318 4173 uitium
1329 4123 1385 4178 fine.

316 4206 320 4255 p
335 4184 373 4233 ed.
385 4201 422 4250 pr.
521 4185 540 4217 ¹⁰
555 4185 681 4244 demerito,
693 4187 734 4236 ie
747 4187 827 4252 culpa.
