2864 4836
486 341 936 405 Pnorsoonrsnfa.
1248 354 1289 422 25

137 502 320 563 invenimus:
357 503 467 563 ‘Anno
494 504 614 564 milleno
647 487 935 583 quadringentesimo
963 505 1079 565 decimo
1107 478 1292 582 octavo‘per

139 616 263 671 ‘manus
279 656 285 670 .
301 655 308 669 .
324 656 331 670 .
348 615 472 686 (nomen
500 614 598 690 ipsum
625 633 742 674 erasum
774 615 844 688 est)'
874 615 940 674 finis
967 625 1013 674 est
1040 613 1292 692 tria-dyaquelogi.

139 717 216 778 ‘Cui
237 736 291 795 pro
313 736 433 779 munere
456 718 568 780 Cristus
589 719 638 780 det
658 740 782 798 regnum
803 721 945 782 caeleste!

175 824 311 885 Ceterum
325 825 463 885 volumen
477 825 535 885 hoc
550 827 680 904 duplices
694 827 782 887 habet
795 827 931 888 soliomm
946 828 1127 904 singulorum
1142 845 1293 887 numeros:

138 931 315 990 recentiores
337 933 450 990 numeri
473 933 504 991 in
525 931 627 992 dextra
648 933 784 992 foliomm
809 945 891 1012 parte
912 945 1074 995 ahamento
1095 934 1195 1011 scripti
1215 935 1253 993 ab
1277 951 1290 992 1

138 1039 298 1113 incipiunt;
339 1038 517 1114 antiquiores
545 1040 657 1099 numeri
687 1058 754 1098 cum
782 1041 813 1099 in
844 1040 900 1099 hac
928 1050 991 1100 tum
1023 1041 1054 1099 in
1082 1040 1129 1100 illa
1157 1039 1293 1099 soliorum

139 1153 222 1219 parte
247 1144 339 1202 minio
364 1145 452 1203 rubro
476 1155 505 1203 et
533 1145 697 1205 charactere
724 1147 888 1223 majusculo
914 1147 1013 1224 scripti
1042 1165 1060 1205 a
1083 1164 1207 1204 numero
1236 1163 1289 1205 121
1352 1177 1359 1187 ·

139 1250 292 1309 ordiuntur
317 1259 345 1308 et
368 1268 461 1326 usque
486 1250 525 1309 ad
552 1269 706 1311 numerum
734 1271 792 1327 ²30
817 1252 920 1312 ordine
949 1254 1090 1313 continuo
1119 1253 1291 1330 procedunt.

139 1354 230 1414 Unde
252 1356 488 1415 concludendum
509 1367 562 1428 est,
586 1358 720 1417 codicem
741 1358 819 1418 hunc
841 1360 878 1419 ab
899 1360 982 1418 initio
1003 1359 1101 1435 plures
1122 1358 1195 1417 ahos
1215 1369 1292 1419 trac-

138 1472 217 1521 tatus
231 1461 418 1539 complexum
432 1480 505 1533 esse,
520 1463 560 1521 ita
579 1472 611 1521 ut
625 1463 782 1542 Trialogus
802 1483 864 1524 non
878 1467 1005 1542 primum
1026 1464 1079 1525 sed
1099 1465 1292 1542 posteriorem

140 1569 267 1645 aliquem
287 1569 386 1628 locum
407 1571 559 1629 obtineret.

184 1676 340 1752 Trialogus
360 1676 423 1753 ipse
444 1675 523 1735 hunc
544 1677 575 1734 in
596 1676 718 1735 modum
732 1679 936 1755 transscriptus
950 1689 1003 1750 est,
1018 1688 1049 1737 ut
1068 1679 1165 1755 capita
1178 1677 1293 1755 singula

140 1801 294 1859 nunquam
308 1783 435 1841 numeris
450 1785 509 1842 suis
524 1783 745 1859 distinguantur,
760 1782 931 1861 plerumque
945 1803 1014 1844 vero
1033 1785 1121 1843 literis
1139 1785 1294 1843 initialibus

142 1889 304 1966 majoribus
325 1897 355 1947 et
374 1887 472 1946 colore
493 1889 587 1964 pictis,
602 1907 656 1947 nec
678 1906 740 1947 non
762 1906 853 1949 novas
873 1890 965 1949 lineas
986 1889 1153 1949 inchoando
1175 1889 1295 1964 insigni-

142 2005 236 2053 antur.
279 1993 338 2053 Ubi
363 2011 506 2071 personae
531 1993 648 2064 Alithia,
671 1993 808 2066 Pseusds,
833 1994 991 2054 Phronesis
1016 1995 1217 2072 colloquentes
1241 1994 1296 2054 sibi

143 2100 313 2170 succedunt,
338 2119 393 2159 nec
421 2100 519 2159 literae
548 2099 669 2159 initiales
698 2100 844 2160 coloribus
872 2110 1013 2160 ornantur
1036 2108 1065 2159 et
1092 2110 1189 2159 tentus
1212 2099 1296 2158 lineis

143 2207 290 2266 continuis
315 2208 507 2283 perscribitur.
550 2205 624 2265 Inde
652 2225 670 2265 a
694 2207 757 2266 libri
783 2207 838 2267 III.
864 2207 991 2284 capitulo
1019 2223 1056 2265 ιο
1084 2205 1215 2264 librarius
1239 2204 1296 2264 ies-

142 2313 254 2371 tinante
275 2312 390 2371 omnmo
410 2311 502 2370 multo
524 2313 648 2389 saepius,
670 2330 759 2388 quam
780 2322 874 2384 antea,
889 2331 942 2390 per
962 2313 1103 2372 incuriam
1123 2310 1221 2388 lapsus
1242 2321 1295 2370 est

144 2417 311 2477 Verborum
330 2419 513 2494 interpuncta
532 2419 694 2476 sexcenties
708 2419 889 2477 vitiosissime
904 2418 1000 2494 posita
1019 2427 1085 2477 sunt
1095 2437 1103 2490 3
1125 2416 1294 2493 saepissime

144 2534 241 2583 tentus
263 2524 446 2584 distinctione
468 2534 554 2596 caret,
575 2525 625 2582 ubi
647 2541 754 2582 novam
775 2523 906 2583 inchoari
926 2526 1099 2584 sententiam
1121 2533 1216 2600 patct;
1241 2523 1295 2582 sed

143 2637 192 2694 vix
221 2636 311 2694 rarius
335 2635 433 2693 literae
457 2635 593 2711 majores,
619 2633 701 2691 lineis
729 2643 778 2692 aut
805 2635 920 2710 punctis
944 2635 1037 2693 mbris
1064 2633 1227 2708 insignitae,
1256 2632 1294 2690 ad

145 2740 330 2801 innuendum
363 2758 457 2800 novae
489 2741 648 2799 sententiae
679 2740 800 2811 initium,
834 2750 933 2800 extant
963 2740 1062 2799 medio
1094 2741 1125 2799 in
1155 2756 1233 2797 nexu
1264 2749 1294 2797 et

143 2848 337 2926 grammatico
365 2860 394 2906 et
417 2845 537 2924 logion.¹
566 2846 602 2905 In
627 2847 705 2905 notis
728 2847 854 2924 margini
875 2848 996 2925 adjectis
1018 2865 1087 2906 cum
1108 2863 1221 2905 errores
1242 2863 1296 2922 per

144 2956 271 3033 primam
286 2972 406 3013 manum
421 2954 571 3012 commissi
590 2953 782 3030 corriguntur,
797 2965 860 3012 tum
881 2955 1038 3013 summaria
1058 2971 1154 3011 rerum
1175 2954 1205 3011 in
1226 2969 1297 3010 con·

144 3070 227 3120 textu
247 3062 444 3137 expositamm
464 3061 555 3117 minio
576 3061 664 3119 rubro
684 3059 829 3136 adscripta
849 3071 917 3118 sunt
935 3059 1099 3119 charactere
1120 3058 1298 3136 aliquantum

145 3168 288 3227 crassiore
308 3178 337 3225 et
357 3152 477 3243 majoie,
492 3183 582 3240 quam
603 3183 663 3241 quo
684 3175 780 3225 textus
801 3167 863 3243 ipse
885 3175 1019 3225 exaratus
1040 3175 1103 3238 est3
1131 3183 1156 3223 v.
1172 3182 1197 3223 c.
1213 3170 1298 3240 ‘pro-

145 3272 294 3344 testatio;’
330 3273 386 3331 ‘de
414 3273 514 3349 ydeis,’
543 3272 654 3331 similia.
711 3271 770 3332 Sed
798 3272 867 3332 inde
895 3291 914 3331 a
941 3271 1068 3348 capitulo
1095 3290 1132 3346 aq
1157 3270 1220 3328 libri
1244 3269 1297 3327 1v.

146 3397 261 3438 errores
288 3380 407 3455 quidam
432 3379 597 3439 charactere
626 3380 750 3438 tenuiori
778 3397 813 3438 ac
841 3378 946 3455 pusillo
973 3396 1026 3454 per
1054 3394 1166 3434 monum
1189 3376 1298 3433 terbum
1324 3406 1327 3410 Δ

146 3487 295 3548 emendati
314 3497 389 3546 sunt.

186 3573 250 3652 'Hic
269 3592 363 3652 codex
384 3611 446 3651 non
466 3611 556 3653 unam
575 3603 687 3653 tantum
706 3592 747 3651 ob
766 3609 885 3651 causam
903 3591 1019 3668 reliquis
1038 3600 1180 3668 praestat:
1201 3589 1296 3666 primo

146 3703 279 3762 bremiatc
302 3703 437 3760 dt'cltbm's.
480 3701 595 3778 Reliqui
623 3702 685 3761 libri
712 3701 827 3777 saepius
854 3699 968 3776 glossas
992 3699 1142 3778 quasdam,
1168 3718 1242 3777 quae
1266 3701 1297 3757 in

147 3809 251 3869 codice
276 3807 313 3868 D.
335 3809 449 3880 desunt,
472 3809 562 3867 textui
586 3809 641 3885 ipsi
663 3809 786 3868 insertas
808 3808 954 3867 exhibent.
996 3807 1131 3883 Exempli
1155 3824 1243 3864 causa
1267 3806 1297 3864 in

148 3917 283 3990 ingressu
310 3915 426 3992 capituli
458 3917 494 3973 18
522 3915 586 3973 libri
615 3915 671 3973 111.
700 3916 795 3974 codex
818 3914 856 3974 D.
883 3927 961 3974 recte
988 3914 1093 3973 habet:
1127 3918 1298 3988 ‘peccatum

148 4022 317 4082 omissionis
345 4034 390 4082 est
417 4023 544 4099 primum
572 4022 723 4080 omnium!
776 4022 852 4082 Tres
880 4022 981 4097 reliqui
1009 4020 1072 4078 libri
1100 4029 1167 4096 post
1194 4038 1299 4080 vocem

149 4130 315 4188 ‘omnium’
342 4130 469 4190 addunt:
503 4129 729 4206 ‘peccatomm,’
754 4129 835 4207 quod
859 4127 1032 4188 vocabulum
1060 4128 1155 4204 primo
1183 4129 1298 4205 glossae

147 4241 239 4298 instar
264 4241 293 4298 in
319 4241 449 4316 margine
472 4239 535 4298 libri
560 4239 680 4316 alicujus
705 4238 870 4315 appositum
892 4254 965 4308 esse,
986 4235 1107 4312 posthac
1132 4236 1162 4295 in
1186 4247 1297 4297 textum
