2864 4836
484 408 746 489 Jorrvnrs
788 410 1011 472 mom
1223 429 1296 472 wa

225 576 290 652 quis
303 574 361 634 est¹
375 592 394 634 a
407 574 525 633 caritate
539 571 701 649 apostolica
720 572 844 649 amplius
858 572 992 632 alienus?
1029 572 1073 632 Et
1087 572 1205 631 videtur
1218 570 1292 647 quod

226 673 326 732 fratres
340 691 377 732 ex
391 684 466 732 statu
480 690 535 731 suo
549 671 759 730 necessitantur
773 671 814 730 sic
829 672 1044 748 concupiscere
1059 669 1220 729 honores¹.

267 770 389 847 Septima
403 771 532 830 conditio
551 780 604 841 est,
618 769 700 846 quod
718 789 773 828 non
790 772 901 846 quami
915 789 988 844 quae
1006 789 1064 827 sua
1081 768 1234 839 sun1,hoc
1251 777 1292 826 est

226 887 288 927 non
302 870 380 946 capit
393 870 473 928 bona
487 869 604 945 propria
618 866 656 926 ad
674 868 815 928 damnum
836 869 1006 928 universalis
1028 869 1190 928 ecclesiae.
1232 867 1289 926 Sed

226 969 250 1025 si
264 967 365 1025 iratres
379 969 543 1044 postposita
555 968 676 1027 utilitate
695 967 863 1026 universalis
882 966 1023 1026 ecclesiae
1044 977 1198 1043 quaenmt
1216 967 1290 1024 bona

225 1082 370 1140 personae
393 1065 437 1123 sui
458 1065 568 1124 ordinis
592 1065 802 1137 monstruose⁸,
824 1066 889 1141 quis
910 1063 977 1140 plus
997 1066 1119 1141 quaerit
1140 1083 1221 1141 quae
1240 1081 1289 1122 sua

226 1176 299 1236 sunt,
311 1176 414 1227 contra
427 1165 542 1242 regulas
556 1167 701 1226 caritatis?
730 1167 768 1226 Et
781 1166 858 1225 istud
868 1165 980 1225 videtur
991 1165 1150 1224 diabolum
1165 1174 1289 1224 statuere

226 1266 287 1323 istis
303 1264 463 1334 ordinibus,
479 1283 546 1324 cum
560 1265 640 1324 aliter
654 1285 685 1325 se
700 1268 781 1343 ipsos
797 1265 954 1324 destruunt

270 1361 376 1421 Octava
401 1364 532 1422 conditio
558 1365 683 1424 caritatis
706 1365 776 1435 est⁴,
800 1361 880 1440 quod
903 1382 958 1421 non
980 1364 1132 1421 irritatur.
1185 1361 1244 1421 Sed
1264 1362 1287 1420 si

226 1458 327 1519 fratres
352 1472 454 1521 contra
477 1462 610 1521 veritates
634 1462 816 1538 evangelicas
844 1461 935 1520 dictas
960 1461 997 1519 de
1023 1460 1088 1519 suis
1113 1461 1229 1519 delictis
1253 1459 1288 1518 ad

226 1559 376 1617 utilitatem
391 1559 532 1618 ecclesiae
550 1560 646 1636 magis
665 1560 704 1619 ad
722 1559 902 1618 iracundiam
920 1568 1133 1634 provocantur,
1150 1570 1180 1617 et
1198 1559 1289 1635 speci-⁴

227 1656 308 1714 aliter
322 1657 346 1715 si
361 1667 465 1732 putant
479 1676 510 1716 sc
524 1667 671 1733 praestare
685 1656 769 1717 Deo⁸
783 1656 956 1732 obsequium
970 1657 1001 1714 in
1016 1659 1074 1715 isto
1090 1658 1214 1726 scelere,
1226 1658 1289 1733 quis

227 1755 322 1830 magis
336 1756 435 1814 obviat
450 1756 580 1815 caritati?

268 1851 355 1911 Nona
376 1853 506 1911 conditio
529 1854 654 1912 caritatis
668 1862 720 1921 est,
735 1852 816 1930 quod
836 1871 889 1911 non
910 1853 1014 1928 cogitat
1031 1851 1151 1911 malum.
1194 1851 1291 1910 Sedsi

227 1949 328 2010 iratres
341 1969 379 2008 ex
399 1969 453 2009 suo
473 1951 575 2010 ordine
595 1951 805 2010 necessitantur
819 1950 935 2010 fraudes
954 1960 983 2008 et
1004 1950 1133 2009 malitias
1150 1950 1290 2008 ecclesiae

228 2048 396 2118 machinari,
410 2050 476 2124 quis
489 2049 615 2125 quaeso⁰
629 2048 703 2108 ordo
717 2048 899 2107 Luciferinus
913 2048 1096 2124 perversior?

268 2146 385 2204 Decrino
399 2148 531 2206 conditio
545 2148 671 2206 caritatis
685 2157 739 2219 est,
753 2147 835 2224 quod
849 2166 902 2204 non
915 2147 1022 2222 gaudet
1033 2156 1120 2221 super
1137 2148 1290 2222 impuriore.

230 2244 288 2303 Sed
309 2245 334 2303 si
355 2243 456 2305 fratres
477 2245 627 2315 laetentur,
647 2263 714 2304 cnm
735 2245 812 2303 male
833 2243 953 2303 fecerint
973 2255 1002 2302 et
1023 2243 1127 2303 fideles
1149 2245 1289 2303 ecclesiae

230 2352 332 2401 contra
346 2342 519 2419 religionem
533 2342 640 2403 Christi
654 2344 861 2420 oppresserint,
875 2343 940 2419 quis
954 2353 999 2401 est
1015 2343 1112 2418 magis
1128 2343 1289 2402 contrarius

230 2441 360 2500 caritati?

275 2538 423 2596 Undecima
435 2538 564 2598 conditio
577 2539 701 2597 caritatis
716 2549 767 2609 est,
779 2538 860 2614 quod
874 2540 1025 2614 congaudet
1032 2540 1154 2597 versioni
1193 2539 1251 2597 Sed
1265 2541 1286 2597 si

231 2639 331 2696 fratres
346 2638 454 2707 dolent,
469 2638 550 2713 quod
565 2656 618 2696 sua
631 2639 754 2696 versutia
773 2649 816 2695 est
834 2649 978 2714 percepta,
994 2648 1023 2695 et
1042 2640 1240 2714 percipientes
1254 2656 1286 2695 ac

230 2736 400 2810 detegentes
422 2738 550 2794 nituntur
573 2736 760 2812 opprimere⁷,
783 2736 933 2811 quomodo
957 2755 1019 2794 non
1040 2737 1070 2792 in
1092 2738 1150 2795 isto
1172 2737 1288 2795 obriant

230 2835 361 2892 caritati?

271 2931 440 2989 Duodecimn
466 2932 594 2991 conditio
616 2933 741 2991 caritatis
762 2943 814 3002 est,
838 2934 919 3007 quod
945 2933 1047 2989 caritas
1069 2935 1163 2989 omnm
1185 2933 1287 3008 suffert.

231 3030 290 3088 Sed
316 3032 339 3088 si
368 3030 469 3090 fratres
498 3032 662 3106 impetuose
688 3042 717 3088 et
741 3032 924 3106 impatienter
948 3047 1163 3089 remurmurant
1189 3042 1286 3089 contra

230 3129 329 3204 gravia
343 3129 389 3186 illa
404 3130 442 3186 ad
457 3147 542 3186 suum
558 3129 758 3198 commodum,
770 3130 922 3204 quomodo
938 3147 999 3186 non
1013 3129 1158 3186 diabolice
1174 3131 1287 3186 obriant

233 3228 363 3284 caritati?

274 3322 306 3379 T
300 3325 431 3380 redecima
453 3321 581 3380 conditio
604 3322 729 3380 caritatis
751 3333 803 3393 est,
818 3323 898 3398 quod
919 3325 1011 3379 oraru'a
1032 3325 1126 3380 credit.
1172 3323 1244 3382 Sed⁸
1264 3307 1286 3381 si

231 3420 331 3478 fratres
352 3440 389 3478 ex
412 3421 527 3479 defectu
548 3419 726 3478 fundationis
749 3421 792 3478 sui
814 3421 924 3478 ordinis
939 3420 1081 3489 diffidunt,
1097 3422 1179 3496 quod
1202 3433 1286 3478 status

231 3537 300 3576 suns
321 3520 420 3594 quoad
434 3519 532 3576 Deum
554 3517 712 3593 proficiat⁹‚
734 3519 789 3576 nisi
811 3519 938 3576 cautelas
960 3519 1120 3576 diabolicas
1142 3530 1205 3576 toto
1226 3521 1288 3576 nisu

231 3618 398 3692 adjecerint,
420 3618 485 3692 quis
506 3627 596 3675 status
618 3617 648 3673 in
670 3615 761 3674 sundo
784 3617 972 3675 arundineo¹⁰
993 3629 1035 3675 est
1060 3619 1156 3693 magis
1180 3619 1286 3676 caritati

231 3716 408 3773 contrarius?
444 3713 530 3772 Tunc
545 3715 623 3772 enim
638 3716 719 3772 omni
734 3726 821 3772 vento
843 3715 1097 3774 circumducuntur
1117 3726 1149 3773 ut
1168 3717 1286 3774 baculus

264 3858 270 3886 ¹
289 3858 338 3922 est]
351 3858 416 3907 enirn
427 3867 472 3914 est,
484 3859 514 3908 C,
677 3859 687 3888 ²
705 3860 740 3908 sic
753 3860 926 3923 concupiscere
937 3859 1057 3924 honores]
1070 3863 1245 3925 concupiscere
1256 3862 1288 3909 sic

230 3922 358 3980 honorem,
371 3926 416 3981 C.;
434 3925 608 3988 concupiscere
620 3924 654 3972 sic
666 3925 780 3980 honores.
794 3927 852 3974 Ab.
1006 3926 1015 3953 ³
1032 3927 1200 3989 monstruose]
1213 3928 1285 3975 modo

230 3990 347 4046 studiose,
360 3990 389 4038 C.
505 3990 514 4017 ⁴
532 3991 640 4038 caritatis
652 3991 702 4055 est]
715 3999 752 4040 est
765 3992 881 4048 caritatis,
893 3993 974 4040 nnc.
1101 3992 1111 4020 ⁵
1127 4008 1154 4040 se
1166 4003 1286 4055 praestare

232 4054 300 4117 Deo]
313 4071 339 4103 se
352 4055 407 4103 Deo
419 4064 550 4119 praestare,
563 4057 592 4104 C.
766 4057 776 4085 ⁰
792 4057 896 4120 quaeso]
910 4073 958 4105 orn.
973 4058 1003 4105 Α.
1016 4058 1139 4107 secundae
1151 4073 1245 4111 manus.
1257 4060 1285 4106 C.

230 4117 238 4146 ²
256 4119 406 4183 opprimere]
419 4122 561 4185 deprimere.
574 4122 605 4169 A.
731 4122 741 4149 ⁸
756 4122 817 4186 Sed]
831 4123 914 4186 Quod,
927 4123 1006 4172 nnc.
1135 4126 1145 4152 ’
1163 4122 1285 4187 proficiat]

231 4184 349 4246 proficiet,
360 4186 439 4235 n.b.C.
539 4188 557 4217 ¹⁰
574 4186 604 4235 cl.
618 4186 708 4235 llatth.
722 4188 752 4236 xi.
768 4200 789 4248 7.
