2864 4836
96 459 99 470 ’
138 490 239 531 en...
503 469 852 532 rnrnroous.
1275 482 1339 550 323

97 630 263 709 eumdem
287 633 357 691 mihi
379 632 498 704 videtur,
519 631 600 709 quod
624 633 774 692 assistente
799 648 945 691 consensu
965 632 1141 709 conjugnm¹
1164 645 1193 692 et
1227 647 1353 763 ἓξὲξ
1328 697 1371 722 m·

96 712 274 793 ἓ-ὒοωίιιο
295 733 485 807 approbante,
500 730 644 790 subducto
665 747 842 806 quocunque
864 730 948 805 signo
970 731 1098 789 sensibili
1119 731 1279 802 foretssss,

96 822 111 875 :²
125 825 230 898 fnum
252 824 319 885 ideo
333 827 379 886 lex
394 828 589 887 conscientiae
603 836 632 887 et
645 844 807 886 consensus
821 825 969 884 Domini
961 843 992 883 m
1007 826 1122 884 bene
1097 844 1193 884 nven·
1228 769 1348 882 imin&
1325 849 1362 883 rm

102 936 105 983 ζ
139 920 248 983 tibus
240 941 271 981 rn
292 934 443 983 contractu
463 924 630 1001 huJusmodi
651 923 809 983 rectissime
831 922 1002 999 regularent.
1045 923 1082 981 In
1100 924 1194 982 verbis
1228 889 1328 931 ”m

139 1019 224 1080 enim
237 1021 490 1098 qualitercunque²
503 1023 607 1098 aptatis
620 1023 799 1080 extrinsecus
817 1030 914 1096 potest
928 1038 992 1079 esse
1007 1019 1149 1097 deceptio,
1164 1030 1194 1079 ut

141 1114 272 1177 dicendo
292 1117 329 1176 de
350 1119 517 1195 praesenti⁸,
539 1121 641 1196 ‘capio
661 1129 689 1177 te
709 1119 740 1177 in
760 1115 895 1177 uxorem'
915 1127 1094 1192 potestesse
1115 1119 1195 1195 quod

141 1229 231 1273 mens
244 1214 320 1285 dicat
334 1217 502 1292 oppositum
517 1226 637 1293 propter
653 1216 860 1292 complendam
873 1215 1074 1290 voluptatem&
1118 1213 1195 1274 Cum

140 1327 217 1388 ergo
243 1313 363 1371 verbum
390 1315 497 1372 mentis
524 1315 560 1373 sit
586 1313 866 1390 praeponderantius
893 1312 982 1370 verbo
1010 1313 1076 1384 oris,
1101 1324 1130 1372 et
1158 1313 1196 1371 ad

141 1426 246 1470 verum
266 1411 484 1470 matrimonium
498 1413 648 1488 requiritur
669 1429 838 1480 consensus,
853 1409 964 1468 videtur
981 1411 1063 1485 quod
1083 1412 1196 1469 nonsit

142 1507 363 1567 matrimonium
382 1527 435 1584 per
449 1510 536 1567 verba
554 1508 722 1585 huiusmodi
737 1509 774 1568 de
792 1510 945 1585 praesenti.
989 1507 1107 1585 Judices
1124 1525 1195 1583 ergo

142 1605 198 1682 qui
221 1622 258 1663 ex
278 1605 364 1664 nudis
385 1606 478 1665 verbis
500 1606 631 1682 judicant
652 1623 706 1682 pro
727 1607 921 1677 matrimonio,
941 1608 1073 1684 J'udicant
1095 1615 1196 1664 contra

140 1701 285 1780 judicium
299 1703 371 1780 legis
385 1703 459 1776 Dei;
485 1704 536 1763 sed
550 1704 705 1763 maledicta
719 1705 755 1762 sit
768 1704 815 1762 lex
837 1704 1013 1780 hujusmodi,
1028 1720 1087 1779 qua
1105 1701 1195 1778 judex

144 1801 287 1860 ooartabit
304 1819 356 1876 per
369 1819 506 1860 censuras
520 1819 588 1860 suas
602 1802 684 1859 fictas
697 1801 800 1877 jugum
815 1819 1014 1876 personarum,
1029 1810 1061 1858 ut
1074 1799 1196 1858 faciant⁶

143 1898 288 1958 contrarie
302 1898 360 1974 legi
373 1898 447 1957 Dei!
484 1897 618 1958 Similiter
633 1898 744 1956 videtur
757 1898 839 1973 quod
857 1899 957 1956 omnia
976 1898 1044 1957 talia
1058 1898 1145 1956 verba
1158 1895 1195 1954 de

142 1997 290 2073 praesenti
312 1997 369 2054 sint
389 1995 469 2067 salsa,
494 2007 522 2055 et
547 1997 588 2055 sic
614 2005 780 2054 contractus
804 1994 893 2054 falsus
918 2013 1006 2072 quem
1032 1995 1113 2053 Deus
1135 2012 1196 2054 non

143 2095 298 2171 approbat,
320 2096 392 2154 sicut
412 2113 467 2153 nec
485 2096 581 2153 verba.
623 2093 741 2152 Falsum
761 2094 878 2170 quidem
896 2104 941 2153 est
955 2094 1036 2170 quod
1054 2110 1132 2151 nunc
1152 2097 1197 2151 ‘te

143 2192 231 2268 capio
245 2192 276 2250 in
291 2193 431 2263 uxorem,’
443 2194 511 2269 quia
526 2195 567 2251 sic
583 2192 678 2251 subito
689 2193 905 2252 matrimonium
920 2192 993 2251 loret
1007 2192 1195 2268 completum,

143 2298 174 2348 et
198 2307 261 2347 non
284 2289 402 2349 ulterius
426 2289 656 2364 adimplendum,
681 2289 762 2364 quod
790 2290 960 2349 contradicit
984 2290 1093 2366 legistis
1118 2289 1198 2348 istius

143 2387 304 2446 sententiae
326 2397 354 2445 et
374 2388 439 2445 usui
461 2388 610 2445 communi
631 2386 780 2445 ecclesiae.
823 2387 854 2444 Si
874 2389 954 2445 enirn
975 2406 1027 2463 per
1041 2388 1129 2446 verba
1150 2387 1198 2444 illa

144 2483 183 2543 de
197 2485 341 2560 praesenti
355 2484 387 2542 lit
400 2484 626 2552 matrimonium,
649 2485 687 2541 ita
709 2482 790 2558 quod
811 2482 864 2542 illis
879 2485 930 2541 rite
952 2484 1152 2559 pronunciatis
1165 2482 1197 2540 fit

143 2580 241 2658 primo
262 2581 489 2652 matrimonium,
504 2590 573 2639 tunc
595 2581 724 2656 sequitur
745 2581 914 2655 oppositum
936 2581 966 2637 in
988 2580 1112 2656 adjecto,
1130 2580 1198 2656 quia

144 2695 213 2736 cum
234 2695 291 2736 vox
313 2677 432 2754 quando
452 2677 558 2735 desinit
578 2694 652 2746 esse,
667 2686 795 2747 nonest,
810 2678 898 2735 verba
919 2679 973 2736 ista
995 2677 1031 2736 de
1052 2679 1197 2753 praesenti

144 2793 208 2834 non
224 2774 331 2833 iaciunt
345 2775 577 2833 matrimonium⁶
592 2792 647 2832 nec
662 2784 727 2832 sunt
738 2774 793 2832 sibi
808 2775 1034 2851 compossibilia,
1045 2773 1197 2851 quomodo

143 2889 217 2948 ergo
240 2873 458 2931 matrimonium
482 2871 513 2929 fit
538 2890 590 2947 per
613 2871 679 2930 illa?
718 2871 783 2930 Nec
807 2872 928 2930 dubium
953 2874 1024 2948 quin
1046 2873 1093 2931 illa
1113 2873 1198 2930 verba

144 2987 324 3029 consensum
343 2986 405 3028 non
424 2969 543 3039 faciunt,
559 2969 612 3028 sed
631 2969 700 3027 illud
720 2968 800 3044 quod
819 2981 918 3029 movet
936 2972 1061 3028 animum
1076 2971 1113 3029 ad
1127 2988 1198 3028 con·

144 3085 274 3136 sensum,
296 3085 351 3126 nec
373 3066 548 3126 sufficienter
568 3077 716 3138 testantur,
730 3077 763 3125 ut
783 3085 820 3125 ex
842 3068 895 3126 illis
916 3067 1103 3129 solummodo
1122 3068 1198 3142 judi·

144 3175 234 3235 cetur,
254 3165 308 3224 nisi
323 3165 395 3223 forte
411 3165 448 3223 illi
465 3165 555 3241 judici
575 3165 751 3234 antichristo,
767 3166 816 3239 qui
835 3182 896 3222 non
914 3164 995 3222 timet
1010 3164 1081 3222 false
1096 3152 1199 3222 contra

143 3262 243 3323 Deum
255 3263 402 3339 judicare;
425 3263 577 3339 quomodo
593 3280 665 3338 ergo
680 3272 773 3321 servat
787 3262 852 3320 talis
863 3261 953 3337 judex
968 3259 1098 3336 regulam
1113 3262 1198 3318 istam

144 3360 328 3431 catholicam,
343 3366 450 3419 ‘nemo
471 3361 558 3419 debet
572 3369 672 3419 contra
686 3359 863 3418 voluntatem
877 3358 998 3416 Domini
1018 3356 1198 3433 repugnare,'

144 3460 219 3518 sicut
233 3459 264 3517 fit
278 3459 471 3517 communiter
485 3458 515 3516 in
530 3456 587 3515 hoc
602 3474 691 3515 caeco
704 3454 833 3532 judicio?

186 3554 322 3615 Similiter
341 3555 414 3614 haec
435 3553 657 3614 convertuntur⁷
683 3562 715 3610 ut
737 3553 784 3610 hic
806 3551 1008 3626 supponimus,
1031 3555 1076 3606 ‘te
1097 3550 1199 3624 acnpio

144 3653 175 3711 in
190 3653 325 3711 uxorem’
340 3662 369 3710 et
383 3657 429 3711 ‘te
443 3653 579 3727 accipiam
595 3651 625 3709 in
640 3666 762 3708 uxorem
772 3650 788 3721 ;'
815 3667 882 3707 cum
897 3665 968 3724 ergo
984 3647 1146 3706 secundum
1162 3648 1198 3706 sit

144 3750 250 3808 certius
270 3760 300 3808 et
320 3750 418 3808 minus
439 3747 629 3824 imbrigabile,
644 3747 756 3806 videtur
776 3748 858 3824 quod
872 3747 968 3822 ipsum
990 3747 1026 3805 sit
1047 3744 1198 3821 eligibilius

144 3847 183 3906 ad
201 3846 338 3905 homines
357 3845 606 3906 matrimonialiter
626 3843 832 3921 copulandum.
876 3845 906 3903 Si
927 3845 1007 3903 enim
1021 3843 1150 3917 ‘accipio
1169 3852 1197 3900 te

177 4025 186 4055 ¹
204 4024 351 4089 conjugum]
363 4024 480 4088 conjugii,
491 4024 529 4074 ed.
542 4039 578 4088 pr.
684 4020 923 4113 'qualitercunqueJ
935 4026 1157 4084 quantumcunque,
1169 4019 1198 4067 Β.

143 4090 154 4119 ⁸
170 4091 202 4140 de
214 4089 348 4154 praesenti]
362 4105 412 4139 om.
425 4090 454 4139 Β.
465 4090 560 4154 primae
571 4102 666 4144 manus,
678 4087 717 4136 ed.
730 4102 767 4151 pr.
935 4083 1101 4159 voluptatem]
1113 4083 1199 4148 volup-

144 4161 223 4205 tatem
231 4155 396 4211 carnalemA
398 4154 466 4203 ...BC
477 4154 516 4202 ed
528 4170 565 4218 pr
642 4150 770 4215 liaciam]
783 4150 864 4207 iaciat,
877 4149 909 4198 D.
976 4148 1198 4212 'matrimonium

145 4235 196 4270 om.
204 4219 237 4268 D.
336 4218 345 4247 ⁷
362 4219 549 4283 convertuntur]
561 4217 682 4273 differunt,
695 4217 758 4267 A..C
771 4215 890 4265 secundae
901 4229 994 4264 manus

649 4317 701 4357 Η
