2864 4836
141 321 690 331 —ss—-o———m
700 324 798 330 .--.——-
811 324 867 329 ...-..
882 323 1399 335 ...κ--ψ-..Ἣ

137 455 220 490 cana
504 430 844 494 TRIALOGUS.

139 593 347 669 quantitativae
365 593 475 653 habent
489 594 560 654 situs
574 595 718 671 proprios,
732 604 762 654 et
775 604 843 654 sunt
856 611 982 671 corpora
999 592 1149 669 simplicia,
1164 603 1195 651 ut

138 707 227 767 aqua,
242 699 317 750 terra
331 701 360 750 et
373 697 431 763 aer,
449 692 492 751 sic
511 694 541 751 in
562 693 659 752 mixtis
680 691 815 770 perfectis
836 692 945 751 habent
966 690 1111 750 elementa
1131 690 1197 748 loca

140 788 238 864 magis
257 789 380 860 subtilia,
398 799 428 847 et
446 789 542 849 forma
559 790 745 866 superaddita
762 791 882 866 requirit
900 789 1066 848 materiam¹
1082 799 1111 847 et
1129 804 1197 864 pro·

140 882 326 962 portionem⁸
353 886 563 947 elementorum
588 888 697 958 talium,
723 889 885 948 secundum
910 887 993 964 quod
1016 897 1120 946 natura
1143 886 1198 943 illis

143 984 318 1060 corporibus
332 984 471 1044 limitavit.
513 983 602 1045 Unde
622 986 652 1044 in
671 985 790 1045 homine
811 986 953 1061 contingit
971 995 1068 1062 partes
1082 985 1120 1044 ad
1135 994 1198 1043 tan·

141 1092 207 1141 tum
221 1081 369 1141 abstrahi⁸
381 1084 426 1141 vel
440 1083 596 1159 corrumpi,
611 1084 692 1159 quod
707 1084 805 1143 anima
820 1083 1060 1159 complexionalis
1072 1079 1199 1141 desinet⁴

141 1188 173 1239 et
194 1180 312 1256 spiritus
333 1180 448 1240 deseret
468 1181 539 1240 illud
560 1199 675 1258 corpus.
718 1181 806 1240 Unde
828 1182 902 1240 sicut
922 1182 952 1238 in
967 1180 1065 1239 mixtis
1087 1180 1199 1238 formae

141 1278 336 1338 elementares
355 1297 418 1338 non
437 1279 633 1339 extenduntur
652 1275 720 1356 per⁶
733 1288 836 1349 totum,
851 1278 904 1337 sed
922 1296 982 1337 una
1000 1296 1055 1354 pro
1073 1279 1129 1336 situ
1144 1296 1198 1336 suo

142 1385 174 1435 et
187 1375 244 1434 alia
256 1393 311 1453 pro
326 1373 409 1436 actu⁶
422 1394 486 1449 suo,
500 1378 567 1437 licet
581 1378 666 1436 nobis
680 1375 848 1447 insensibili,
860 1377 901 1434 sic
915 1394 1006 1435 unum
1021 1376 1198 1434 elementum

143 1492 208 1533 non
221 1483 266 1532 est
279 1475 367 1544 aliud,
382 1475 434 1533 sed
448 1474 535 1534 habet
554 1491 609 1551 pro
624 1475 680 1533 situ
698 1492 753 1532 suo
772 1474 917 1549 disparem
937 1473 1127 1550 quidditatem
1136 1491 1144 1544 ;
1170 1483 1200 1530 et

143 1573 270 1631 mixtum
289 1572 452 1631 secundum
467 1571 592 1631 sormam
607 1572 822 1648 superadditam
836 1570 892 1629 alia
906 1571 1017 1629 ratione
1031 1569 1199 1629 extensam⁷

144 1669 242 1729 differt
262 1670 369 1747 specie,
383 1670 460 1741 loco,
474 1667 661 1730 extensione⁸
675 1688 693 1729 a
707 1669 830 1746 simplici
841 1678 1047 1745 componente.
1089 1667 1127 1726 Et
1140 1667 1198 1727 hoc

144 1779 270 1845 apparet
284 1770 446 1829 sensibilius
460 1770 497 1828 de
515 1768 697 1839 animalibus,
711 1778 743 1826 ut
761 1768 793 1826 in
810 1767 931 1825 homine
951 1784 1030 1836 caro,
1045 1784 1151 1825 nervus
1170 1776 1199 1823 et

144 1885 182 1927 os
207 1884 275 1925 cum
300 1868 403 1928 ceteris
427 1868 557 1944 partibus
581 1866 746 1943 etrogeneis
774 1875 860 1941 atque
885 1865 1065 1934 humoribus,
1091 1863 1200 1922 habent

145 1984 232 2028 suam
246 1967 422 2026 locationem
438 1966 610 2026 sensibiliter
621 1966 766 2041 disparem
781 1964 943 2023 secundum
958 1964 1199 2022 commixtionem

146 2082 184 2124 ac
204 2063 450 2141 complexionem,
471 2074 499 2123 et
521 2063 727 2140 proportiones
748 2063 817 2121 satis
839 2060 995 2139 dispareat
1036 2060 1075 2118 Et
1096 2078 1201 2118 omnes

147 2163 221 2223 tales
245 2162 451 2240 dispositiones
472 2161 590 2239 requirit
614 2172 643 2220 et
663 2171 816 2220 conservat
838 2161 936 2220 anima
961 2159 1105 2230 sensitiva,
1127 2176 1202 2234 quae

147 2261 238 2320 habet
248 2260 380 2319 virtutem
392 2259 568 2336 regitivam¹⁰
578 2269 606 2317 et
617 2259 735 2318 virtutes
746 2259 825 2330 alias,
836 2259 999 2318 secundum
1010 2257 1090 2333 quod
1102 2268 1204 2315 natura

148 2357 323 2435 ingeniata¹¹
334 2367 379 2416 est
389 2356 490 2416 formis
501 2356 588 2432 hujus
602 2356 683 2416 modi
697 2356 827 2416 limitare.
869 2355 907 2414 Et
922 2356 985 2415 talis
999 2356 1097 2413 anima
1111 2355 1203 2414 sensi·

148 2459 207 2516 tiva
228 2466 272 2515 est
294 2455 441 2532 quidditas
463 2455 595 2530 corporis
616 2454 660 2513 vel
686 2454 839 2532 dispositio
863 2455 927 2531 ejus
949 2453 1153 2522 substantialis,
1175 2463 1204 2510 et

149 2574 213 2615 non
238 2555 355 2631 spiritus
383 2552 588 2612 immortalis¹¹.
640 2552 691 2613 Ille
716 2563 813 2612 autem
838 2554 955 2628 spiritus
978 2563 1023 2611 est
1047 2551 1148 2620 homo,
1173 2561 1204 2608 ut

149 2654 263 2713 dicetur
276 2653 428 2728 posterius
471 2650 536 2710 Nec
556 2661 600 2710 est
620 2651 842 2710 disconveniens
863 2651 914 2710 sed
934 2668 1108 2719 consonum,
1123 2646 1203 2725 quod

151 2752 285 2810 membra
299 2750 427 2809 hominis
448 2760 607 2825 etrogenea
627 2748 780 2807 habeant¹³
794 2748 904 2808 formas
925 2747 1128 2809 substantiales
1147 2746 1203 2805 dis·

149 2849 264 2927 parium
278 2848 450 2925 specierum.

593 3033 689 3095 CAP.
712 3035 763 3094 VI.

282 3175 329 3234 De
341 3175 450 3234 cerebro
464 3181 490 3233 et
501 3174 624 3233 semesas
638 3183 694 3233 tam
709 3176 827 3232 salernis
840 3193 923 3250 quam
937 3176 1071 3233 extermis.

193 3307 316 3366 Alr’thz'a.
359 3305 503 3378 Quamvis
522 3305 610 3364 nimis
628 3303 766 3364 diffusum
781 3304 856 3364 soret
875 3314 996 3364 tractare
1011 3317 1126 3363 naturas
1141 3320 1205 3361 om-

150 3406 234 3465 nium
255 3405 380 3482 partium
402 3403 522 3462 humani
544 3405 686 3482 corporis,
702 3414 731 3462 et
751 3402 934 3462 anathomias
955 3403 1155 3460 membrorum
1176 3401 1205 3458 in

151 3505 213 3565 suis
235 3504 413 3580 regionibus,
428 3503 540 3562 videtur
561 3515 668 3573 tamen,
683 3503 723 3559 mi
747 3501 858 3559 irater¹⁴
880 3499 1046 3570 Phronesis,
1066 3499 1147 3576 quod
1169 3500 1205 3558 de

151 3601 322 3662 anatlromia
346 3601 458 3660 cerebri
485 3611 514 3660 et
537 3601 597 3660 suis
620 3600 792 3658 humoribus
816 3599 909 3674 gratia
932 3598 1034 3656 decem
1063 3615 1201 3656 sensuum

187 3757 194 3785 ¹
212 3754 352 3818 materiam]
365 3769 501 3808 numentm.
514 3754 552 3810 C..
565 3755 593 3804 B.
605 3754 699 3818 primae
712 3769 807 3808 manus,
820 3753 858 3802 ed.
870 3768 906 3818 pr.
980 3751 990 3779 ¹
1006 3751 1204 3815 proportionem]

151 3821 375 3915 praeparationem,
387 3819 481 3870 A.B.C.
493 3819 615 3870 secundae
626 3835 721 3868 manus.
826 3819 836 3846 ³
852 3817 974 3881 abstrahi]
987 3817 1105 3872 subtrahi,
1117 3817 1155 3865 ed.
1168 3833 1204 3880 pr.

178 3885 285 3948 desinet]
299 3883 404 3941 deficiet,
421 3885 451 3934 C.
463 3885 502 3933 ed.
514 3899 551 3948 pr.
638 3885 648 3913 ⁸
665 3884 720 3948 per]
733 3883 844 3948 fereper,
857 3883 894 3932 ed.
907 3898 944 3947 pr.
1041 3881 1052 3911 ⁶
1068 3881 1136 3944 actu]
1150 3882 1205 3935 situ.

154 3950 249 4001 ΑΒΕ.
262 3950 300 3999 ed.
312 3966 350 4013 pr.
438 3949 447 3977 ⁷
463 3948 600 4012 extensam]
612 3957 719 4004 externa,
727 3949 765 3999 ed.
779 3965 816 4013 pr.
883 3951 891 3976 ⁸
908 3947 1050 3997 extensione
1061 3962 1076 3995 a
1088 3946 1193 4010 simplici

153 4015 278 4076 extensive
289 4015 403 4079 simplici,
415 4015 492 4070 Aba
509 4013 631 4063 extensive
643 4030 658 4062 a
669 4014 782 4078 simplici,
794 4014 833 4063 ed.
845 4030 882 4077 pr.
987 4014 997 4041 ⁹
1013 4012 1073 4061 satis
1083 4011 1193 4076 dispares

152 4081 272 4146 dispares,
284 4080 345 4128 ΑΒ.
414 4081 432 4109 ¹⁰
449 4079 588 4145 regitivam]
601 4079 795 4143 vegetivam,ed.
808 4095 844 4142 pr.
919 4078 936 4107 ¹¹
953 4075 1088 4142 ingenista]
1102 4077 1205 4142 ripum

153 4145 312 4264 i'pgbeentnqff,
324 4145 412 4238 “LX“
427 4208 458 4256 ‘f
483 4216 492 4258 t
519 4146 546 4274 Γ
563 4144 721 4259 imffi’fflss]
734 4144 853 4198 mortalis.
865 4143 902 4192 ed.
915 4159 951 4206 pr.
1052 4142 1069 4171 ¹³
1086 4141 1205 4206 habeant]

171 4227 187 4260 a
293 4247 298 4258 .
400 4225 691 4273 miraerom..pr.

1290 453 1330 518 93

1237 2176 1351 2226 svmm-

1236 2224 1294 2253 nerva
