2864 4836
59 440 139 475 cana
419 416 762 478 TRIALOGUS.

59 577 198 636 deitatem
222 589 251 637 et
273 590 386 638 ceteros
407 579 544 638 articulos
567 578 643 649 fidei,
666 587 787 655 propter
807 578 865 637 hoc
887 579 956 655 quia
977 598 1040 638 non
1061 581 1113 640 ad·

59 675 182 735 haerent
197 676 319 735 fideliter
333 676 400 735 fidei
416 679 632 753 scripturamm.
674 676 732 735 Alii
748 686 846 735 autem
860 674 974 736 tantum
992 677 1113 737 difficul-

59 784 124 832 tant
147 776 299 834 scientiam
322 775 527 851 theologicam,
552 783 711 834 statuentes
736 775 792 833 sibi
815 776 934 851 ignotos
964 776 1113 848 terminos,

60 872 142 949 quod
163 873 194 931 in
214 872 350 932 haereses
371 872 543 949 multiplices
564 872 737 943 dilabuntur,
757 871 810 932 sed
831 873 977 932 ‘medium
995 884 1114 933 tenuere

59 970 156 1029 beati!
199 970 328 1042 Quidam
350 980 447 1030 autem
469 971 506 1030 de
527 971 635 1048 prima¹
654 980 743 1040 secta,
763 983 908 1047 ponentes
925 971 1025 1030 lumen
1046 971 1114 1031 fidei

59 1070 239 1144 requisitum,
254 1078 368 1145 ponunt
382 1068 452 1127 illud
470 1068 570 1128 lumen
583 1086 676 1126 unum
689 1068 811 1145 globum
825 1070 933 1145 gratiae
952 1087 1045 1146 perse
1059 1087 1113 1146 po·

59 1166 202 1236 nibilem²,
217 1168 386 1243 requisitum
402 1167 511 1226 adhoc
526 1168 607 1243 quod
623 1166 725 1243 aliquis
744 1168 781 1225 sit
799 1167 901 1238 fidelis,
915 1177 945 1227 et
958 1178 1113 1245 quantum·

60 1282 177 1340 cunque
196 1265 315 1340 ignams
334 1263 427 1335 suerit,
441 1266 466 1323 si
485 1264 522 1323 de
542 1265 590 1323 illo
609 1264 718 1323 lumine
737 1264 898 1342 quidquam
911 1265 1052 1337 habuerit,
1068 1277 1113 1325 est

60 1361 163 1432 fidelis,
178 1371 207 1420 et
221 1363 262 1420 sic
277 1380 313 1421 ex
328 1363 459 1421 terminis
474 1363 549 1420 bene
564 1363 644 1439 prius
657 1363 811 1423 intellectis
824 1373 912 1440 patet,
928 1365 993 1441 quis
1007 1364 1114 1424 habeat

59 1460 92 1518 in
106 1478 136 1519 se
151 1459 249 1518 lumen
264 1460 354 1518 fideit
398 1459 528 1530 Quidam
543 1469 640 1518 autem
655 1461 693 1518 ab
705 1459 760 1519 hac
775 1461 832 1519 fide
846 1461 989 1521 catholica
1003 1462 1114 1539 delapsi
1135 1534 1139 1551 ,

60 1559 144 1616 sunt*
158 1559 189 1615 in
204 1576 315 1616 errores
329 1557 511 1633 multiplices.
552 1557 672 1617 Certum
692 1557 811 1635 quidem
829 1569 883 1630 est,
898 1560 979 1635 quod
998 1570 1114 1636 oportet

59 1673 180 1714 omnem
200 1655 349 1714 hominem
368 1654 477 1712 habere
494 1654 593 1712 lumen
612 1655 739 1725 notitiae,
759 1657 842 1731 quod
863 1657 999 1734 quidem⁶
1014 1659 1113 1717 lumen

59 1771 121 1811 non
135 1766 180 1811 est
193 1753 264 1811 nisi⁸
277 1753 431 1811 illuminari
445 1771 463 1811 a
477 1751 543 1811 Deo
557 1753 595 1812 ad
609 1753 758 1811 veritatem
775 1754 917 1830 aliquam⁷
931 1773 1113 1832 cognoscen·
1146 1814 1149 1820 ,

60 1851 139 1921 dam,
154 1862 184 1909 ut
198 1861 277 1927 patet
295 1851 370 1921 alibi,
385 1869 420 1909 ac
438 1849 486 1909 hic
505 1850 688 1927 supponitur.
730 1849 914 1926 Impossibile
933 1860 978 1911 est
997 1851 1113 1911 fidelem

59 1951 104 2008 vel
118 1950 295 2009 haereticum
309 1950 469 2026 quidquam
487 1965 674 2024 cognoscere,
690 1948 745 2006 nisi
760 1967 812 2025 per
830 1949 920 2008 fidem
938 1948 1113 2009 fundamen·

59 2048 152 2106 taliter
166 2047 234 2106 illud
254 2057 432 2122 cognoscat;
453 2047 522 2122 quia
541 2047 615 2104 sicut
633 2063 723 2104 uerno
742 2048 896 2123 cognoscit
913 2046 1018 2119 literas,
1033 2049 1113 2125 quod

58 2164 119 2205 una
140 2156 184 2204 est
202 2146 238 2216 Α,
259 2146 368 2221 reliqua
387 2144 420 2215 B,
443 2156 471 2202 et
491 2144 534 2202 sic
553 2144 590 2202 de
609 2143 721 2214 ceteris,
743 2145 798 2202 nisi
817 2144 931 2204 credat:
962 2146 1004 2205 sic
1024 2160 1113 2205 nemo

58 2262 147 2303 sensu
162 2244 313 2319 cognoscit
327 2241 524 2319 quodcunque
543 2241 687 2310 sensibile,
708 2243 763 2301 nisi
784 2243 879 2319 prima
899 2244 1003 2302 veritas
1027 2244 1112 2303 illud⁸

58 2342 136 2401 dicat
162 2353 191 2399 et
218 2341 331 2411 doceat,
357 2340 437 2416 quod
466 2340 537 2398 illud
561 2340 697 2398 sensibile
723 2341 759 2399 sit
783 2341 852 2399 illud
877 2342 921 2399 vel
935 2341 1112 2419 hujusmodi.

58 2442 138 2500 Nam
153 2442 183 2499 in
198 2452 264 2499 ente
279 2440 405 2516 analogo
419 2438 499 2514 quod
513 2439 608 2515 prima
621 2439 813 2514 impressione
832 2439 1015 2515 imprimitur,
1029 2440 1112 2499 Deus
1155 2474 1158 2479 <

58 2542 257 2617 cognoscitur,
277 2538 329 2598 sed
350 2537 481 2608 confuse,
503 2547 532 2595 et
551 2535 613 2594 ille·
633 2536 719 2596 docet
740 2555 945 2613 quamcunque
965 2539 1113 2597 veritatem

57 2638 227 2708 secundam,
241 2655 331 2695 unam
345 2648 443 2694 tamen
462 2635 637 2694 veritatem¹⁰
657 2653 710 2711 per
724 2636 819 2706 aliam,
840 2636 1003 2695 secundum
1017 2636 1113 2712 legem

58 2756 148 2815 quam
163 2726 261 2795 statuit
275 2738 304 2793 in
318 2735 422 2793 ordine
437 2734 594 2792 discendi¹¹
609 2733 784 2812 procedere;
815 2743 845 2791 et
865 2733 906 2792 sic
921 2733 1021 2792 lumen
1035 2733 1113 2804 fidei,

57 2835 146 2913 quo¹¹
166 2835 230 2912 quis
252 2833 456 2892 denominatur
476 2831 578 2902 fidelis,
599 2842 727 2892 nonest
749 2831 805 2890 nisi
824 2831 921 2907 ipsum
942 2849 961 2889 a
981 2829 1048 2889 Deo
1069 2832 1112 2890 sic

56 2935 170 3011 respici,
184 2945 218 2992 ut
231 2940 393 3008 cognoscat
407 2929 575 2989 catholice¹⁸
589 2930 678 2990 fidem
697 2947 789 2990 suam.
831 2928 870 2987 Et
889 2930 919 2986 in
939 2929 989 2988 illo
1002 2928 1112 2989 lumine

56 3043 126 3093 sunt
149 3031 258 3108 gradus
282 3029 398 3087 multi¹⁴.

98 3130 147 3188 Ad
171 3138 284 3187 tantum
308 3137 405 3185 autern
430 3125 607 3185 infatuantur
630 3125 742 3203 aliqui¹³
764 3098 893 3184 errantes
917 3125 949 3183 in
974 3126 1029 3184 ista
1049 3143 1112 3185 ma·

56 3228 137 3299 teria,
157 3226 239 3304 quod
260 3236 373 3302 ponunt
393 3225 493 3283 lumen
513 3224 581 3283 fidei
604 3225 775 3282 contrarium
795 3223 896 3281 lumini
917 3224 1049 3295 naturali,
1069 3225 1111 3283 sic

54 3319 138 3398 quod
166 3336 311 3396 apparens
335 3318 513 3394 impossibile
540 3318 570 3376 in
598 3317 707 3377 lumine
734 3317 858 3375 naturali
885 3317 922 3375 sit
946 3318 1112 3375 necessario

55 3419 236 3480 credendum
261 3419 291 3476 in
316 3417 424 3476 lumine
449 3416 517 3475 fidei
541 3428 570 3475 et
594 3435 612 3474 e
636 3426 745 3475 contra
796 3413 911 3472 Veritas
937 3424 1035 3472 autern
1059 3425 1111 3485 est,

54 3519 138 3597 quod
152 3519 216 3577 talis
229 3518 337 3577 cecitas
351 3535 412 3577 non
426 3527 471 3575 est
484 3516 584 3573 lumen
598 3513 727 3573 naturale
742 3513 794 3571 sed
807 3513 944 3584 tenebra;
966 3513 1110 3589 quianon

55 3617 152 3677 ειιιιιη
164 3617 233 3675 talia
253 3617 312 3675 duo
332 3615 442 3673 lumina
461 3613 661 3691 repugnantia,
675 3611 727 3670 sed
747 3620 814 3687 post
834 3611 1111 3686 praevaricationem

91 3806 196 3870 ¹prima
221 3805 336 3862 secunda,
348 3804 381 3853 D.
447 3800 801 3930 ’ponibilemgeffissibilem
781 3800 828 3857 ..B
840 3800 879 3850 ed.
891 3815 928 3864 pr.
1007 3801 1110 3864 ’patet

55 3870 201 3936 quis-fidei
227 3886 276 3920 om.
289 3870 322 3919 D.
426 3868 520 3933 ⁴suut]
534 3875 590 3918 sunt
693 3867 743 3917 BC
783 3866 859 3916 rimae
869 3880 965 3919 manua
978 3864 1010 3913 D.
1022 3865 1060 3914 ed.
1026 3879 1109 3980 pr.

54 3936 194 4001 ’quidemJ
207 3936 340 3999 quoddam.
351 3934 390 3984 ed.
403 3950 440 3998 pr.
528 3932 614 3997 ‘nisi]
626 3946 680 3988 nec,
691 3931 772 3981 ed.r
867 3929 944 3993 'aliq
944 3929 1102 4006 uamhlrarn

55 4002 96 4052 ed
108 4017 145 4067 pr.
244 3999 349 4064 'dicat]
336 3999 442 4064 ]rimo
453 3998 527 4055 dicat,
541 3998 574 4046 D.
646 3996 727 4060 title]
724 3947 834 4052 Rc·
932 3995 952 4024 ¹⁰
941 3929 1110 4059 ⁰ventatern1'

55 4083 107 4117 om.
119 4066 199 4116 edr
319 4065 337 4094 ¹¹
372 4063 655 4158 ismundiscendendi,
667 4061 761 4111 ΑΒΕ.
870 4059 889 4089 ¹²
905 4058 1064 4124 quo]aquo,
1076 4059 1110 4107 D.

55 4082 225 4196 ¹⁸cathohce]
239 4130 386 4196 theologice,
400 4130 432 4179 D.
538 4128 663 4194 ugradus
674 4127 746 4176 multi
770 4124 859 4174 infiniti
869 4126 968 4188 gradus,
980 4125 1010 4176 C.
1021 4125 1059 4175 ed.
1072 4140 1110 4189 pr.

55 4198 75 4228 ¹⁵
91 4196 179 4262 aliqui]
192 4213 242 4246 om.
255 4196 304 4253 D,
323 4196 372 4252 alii,
385 4195 445 4244 B.C.
458 4195 495 4245 ed
508 4210 544 4258 pr
644 4193 664 4223 ¹⁸
680 4126 812 4256 suntflom.
823 4191 862 4241 ed.
874 4206 911 4255 pr.
