2864 4836
103 418 107 425 '
137 455 235 502 m„
502 435 841 498 rnrnuoous

539 856 634 916 CAP,
655 857 800 918 XXXIII.

400 1020 447 1080 De
459 1023 588 1081 ordinum
603 1025 812 1083 nuad'contritm
826 1027 940 1103 origine.
1026 1024 1028 1029 ’

183 1176 306 1236 Auula.
347 1177 412 1250 Dic,
427 1179 515 1255 rog0¹
530 1179 625 1252 frater,
639 1183 791 1257 quomodo
805 1183 850 1242 isti
868 1184 994 1254 ordines,
1009 1202 1085 1260 quos
1099 1185 1195 1243 innuis

139 1283 257 1334 munim
271 1277 437 1353 perturbare
456 1279 618 1349 ecclesiam,
633 1278 761 1338 fuerant¹
774 1281 938 1341 introducti.
979 1281 1102 1341 Videtur
1116 1283 1195 1340 enim

140 1373 241 1433 multis
263 1374 299 1433 de
320 1375 439 1452 populo,
461 1377 542 1453 quod
562 1377 671 1436 salvant
692 1377 854 1450 ecclesiam,
876 1397 943 1437 cum
964 1380 1010 1439 isti
1033 1380 1195 1456 specialiter

140 1481 243 1531 tenent
265 1470 370 1531 Chn'sti
391 1475 560 1550 pauperiem
581 1485 674 1553 atque
688 1476 785 1541 vitam,
800 1492 877 1552 papa
897 1478 1042 1554 episcopis
1062 1487 1091 1535 et
1112 1497 1195 1554 prae·

138 1567 206 1629 latIs
220 1571 322 1629 ceteris
341 1571 505 1629 notabiliter
523 1571 734 1632 declinantibus
752 1573 791 1631 ab
808 1573 863 1632 hac
877 1574 942 1633 vita
984 1573 1110 1649 Oportet
1123 1593 1195 1651 ergo

139 1665 224 1745 quod
248 1677 383 1745 quattuor
409 1670 480 1728 tanti
508 1679 536 1729 et
564 1670 635 1729 tales
663 1671 780 1730 ordines
808 1671 935 1730 habeant
963 1673 1064 1731 stabile
1091 1671 1194 1731 lunda-

140 1774 282 1823 mentum.

182 1860 346 1922 Phrenesis.
388 1863 516 1923 Functus
535 1883 623 1940 quem
642 1865 746 1942 ungis,
760 1874 805 1924 est
824 1867 853 1924 in
873 1875 954 1942 parte
969 1866 1141 1940 historicus;
1165 1879 1194 1927 et

140 1978 211 2021 eum
225 1960 276 2020 sit³
289 1971 371 2021 extra
388 1961 484 2039 legem
500 1961 615 2034 Christi,
630 1981 648 2021 a
662 1962 758 2022 multis
776 1963 1024 2041 historiographis,
1039 1982 1057 2022 a
1075 1966 1194 2042 quibus·
1228 1939 1325 2045 Ἣ
1349 1982 1368 2006 ¹¹·

140 2059 212 2118 dam
236 2058 353 2118 indubie
378 2059 564 2132 mendaciter,
585 2070 629 2121 est
649 2072 787 2121 narratus.
831 2061 905 2120 Mihi
926 2073 1023 2121 autem
1043 2064 1193 2142 probabile

139 2155 253 2216 adeun
263 2158 344 2233 quod
358 2168 426 2234 post
439 2158 614 2218 solutionem
629 2158 762 2231 Satanae,
774 2178 848 2236 quae
863 2160 938 2219 iacta
951 2160 1004 2220 luit
1017 2162 1048 2220 in
1063 2162 1193 2221 secundo

140 2255 301 2314 millenario
322 2267 391 2333 post
412 2255 519 2315 Christi
539 2258 750 2327 ascensionem,
768 2258 890 2317 ecclesia
910 2277 929 2317 a
949 2258 1067 2335 sequela
1087 2258 1194 2319 Christi

139 2352 305 2412 notabiliter
329 2353 459 2423 deviavit,
484 2362 513 2411 et
537 2352 604 2411 hinc
633 2354 725 2413 sancti
749 2354 793 2413 vel
818 2355 922 2426 devoti,
947 2357 1052 2432 quibus
1080 2355 1194 2416 tamen¹

140 2448 433 2529 delecit⁵prudentia
449 2452 612 2511 nitebantur
625 2451 793 2511 resuscitare
814 2454 845 2510 in
865 2471 897 2511 se
918 2463 947 2511 et
967 2454 1048 2530 ipsos
1069 2473 1193 2531 sequen·

139 2549 218 2608 tibus
241 2547 319 2608 hanc
346 2549 511 2626 sequelam3
543 2561 572 2609 et
597 2553 638 2610 sic
662 2549 834 2620 namneus,
859 2549 1033 2609 Fratus‘scus
1053 2561 1082 2611 et
1106 2554 1193 2612 ceteri

139 2645 243 2706 fratres
263 2648 434 2724 inceperunt
454 2647 549 2708 facere
570 2648 666 2725 aliqua
687 2649 765 2706 bona
786 2645 822 2704 de
843 2665 959 2723 genere,
973 2649 1021 2724 qui
1035 2667 1088 2724 per
1101 2660 1192 2709 artem

139 2744 249 2804 diaboli
262 2745 293 2803 in
314 2745 410 2804 multis
428 2746 587 2805 mendaciis
605 2745 798 2824 hypocritice⁶
816 2756 882 2804 sunt
902 2745 1020 2818 fundati,
1039 2757 1070 2805 ut
1090 2749 1193 2807 dicitur

140 2843 343 2914 communiter,
358 2843 439 2920 quod
453 2843 619 2903 Domitius
631 2844 733 2903 videns
747 2843 863 2902 devium
883 2845 1092 2904 canonicorum
1107 2864 1192 2921 regu·

138 2939 253 3011 larium,
267 2940 332 3017 qui¹
345 2942 432 3001 nimis
446 2942 547 3001 intenti
561 2953 628 3002 sunt
647 2942 774 3013 saeculo,
788 2941 939 3001 fundando
959 2944 1192 3019 praedicatorum

139 3035 275 3096 ordinem
297 3055 316 3096 a
335 3037 485 3098 canonicis
505 3038 608 3099 stolide
630 3038 806 3099 declinavit
847 3038 885 3097 Et
905 3049 972 3115 post
993 3039 1073 3098 illum
1093 3039 1193 3098 Fran·

138 3134 243 3205 aiau,
258 3135 308 3211 qui
328 3133 395 3195 licet
416 3136 496 3212 prius
516 3136 569 3196 luit
588 3155 697 3215 gnarus
718 3146 863 3196 mercator
883 3146 912 3194 et
932 3137 1064 3213 cupidus,
1085 3137 1194 3213 incepit

139 3249 226 3291 suum
244 3231 377 3292 ordinem
394 3251 431 3292 ex
451 3233 606 3294 devotione
621 3253 717 3305 caeca,
732 3233 885 3294 deficiente
903 3233 1056 3309 prudentia
1074 3251 1192 3310 serpen·

138 3328 224 3390 tina⁹.
265 3329 349 3390 Aliae
364 3330 488 3391 autem¹⁰
501 3342 598 3392 sectae
611 3331 730 3392 fratrum
745 3331 876 3390 videntes
890 3329 970 3406 quod
984 3331 1015 3388 in
1028 3331 1089 3390 istis
1107 3332 1193 3391 sectis

139 3426 263 3488 multum
283 3430 461 3507 ponderatur
481 3431 645 3507 antiquitas,
667 3430 867 3506 antiquitatem
889 3445 977 3505 supra
996 3428 1061 3487 illos
1081 3430 1193 3489 mendi·

138 3525 236 3589 efflet
263 3528 440 3600 simularunt,
468 3538 500 3587 ut
527 3527 628 3587 fratres
655 3527 882 3604 Augusuuenses,
910 3544 979 3585 cum
1011 3524 1055 3584 a¹¹
1083 3544 1193 3602 magno

137 3624 298 3701 Argum
311 3644 343 3686 se
358 3636 490 3686 asserunt
503 3645 568 3686 esse
582 3625 727 3696 fundatos,
742 3625 856 3702 hugum
875 3623 955 3702 quod
974 3623 1194 3702 quadringentis

138 3724 224 3787 annis
237 3733 267 3783 et
281 3723 405 3801 amplius
415 3725 547 3784 vixerunt
560 3725 591 3782 in
605 3741 713 3794 eremo,
725 3722 837 3782 mundo
843 3722 865 3755 ¹¹
875 3723 1023 3799 incogniti,
1035 3732 1193 3800 antequam

173 3868 181 3897 ¹
189 3867 335 3982 rogokom
347 3869 385 3920 ed.
397 3885 435 3935 pr.
551 3868 561 3898 ¹
577 3867 685 3932 luerunt]
697 3867 802 3925 fumum.
814 3868 852 3918 ed.
865 3883 902 3932 pr.
1017 3867 1068 3917 ¹et
1080 3882 1136 3918 cum
1148 3866 1193 3931 sit]

138 3933 254 3990 etsic.A
294 3934 315 3983 C
507 3934 760 4009 ¹tamen]cum.B.;
778 3932 1192 4060 non,A.primaemunused.pr]

138 3997 368 4112 'deiecithdehcih
380 3998 473 4049 Α.Β.(Σ
571 3997 762 4112 ’Βγρᾳοιίιίιέ
772 3997 908 4062 hypocrite.
902 3997 958 4091 ..ved
971 4014 1007 4062 pr.
1112 3996 1121 4024 ⁷
1137 3996 1192 4060 qur

139 4063 214 4126 quod,
225 4064 249 4111 A
288 4064 318 4114 C.
417 4063 585 4128 'declinaviq
597 4062 712 4119 declinat,
774 4079 810 4127 p.r
939 4062 1091 4192 serpeupinap
1104 4062 1192 4126 sempi-

139 4127 267 4184 temaed.
278 4144 330 4194 pr.;
349 4128 379 4178 ci.
393 4128 484 4178 Matth.
496 4145 519 4178 x.
535 4063 585 4178 re]
649 4128 667 4158 ¹⁰
682 4127 777 4191 autem
767 4079 840 4191 ]p.om
852 4127 937 4176 A..BC
1023 4129 1072 4176 ¹¹a

139 4191 158 4221 ¹²
174 4207 264 4250 eremo,
275 4193 381 4258 mundo]
393 4209 443 4246 ιιιιο
454 4209 545 4251 ereum
557 4193 665 4249 A...BC;
683 4208 733 4242 uno
744 4207 826 4242 ereum
838 4192 930 4247 mundi,
942 4192 979 4241 ed
991 4208 1028 4256 pr.

1096 4143 1146 4177 om.
1159 4127 1191 4176 A.
