<?xml version="1.0" encoding="UTF-8"?>
<!DOCTYPE html PUBLIC "-//W3C//DTD XHTML 1.0 Transitional//EN"
    "http://www.w3.org/TR/xhtml1/DTD/xhtml1-transitional.dtd">
<html xmlns="http://www.w3.org/1999/xhtml" xml:lang="en" lang="en">
 <head>
  <title>
</title>
<meta http-equiv="Content-Type" content="text/html;charset=utf-8" />
  <meta name='ocr-system' content='tesseract 3.04.00' />
  <meta name='ocr-capabilities' content='ocr_page ocr_carea ocr_par ocr_line ocrx_word'/>
</head>
<body>
  <div class='ocr_page' id='page_1' title='image "./trialoguscumsup00lechgoog_0326.png"; bbox 0 0 2864 4836; ppageno 0'>
   <div class='ocr_carea' id='block_1_1' title="bbox 137 440 845 503">
    <p class='ocr_par' dir='ltr' id='par_1_1' title="bbox 137 440 845 503">
     <span class='ocr_line' id='line_1_1' title="bbox 137 440 845 503; baseline 0.01 -9"><span class='ocrx_word' id='word_1_1' title='bbox 137 457 229 501; x_wconf 57' lang='lat' dir='ltr'>carne</span> <span class='ocrx_word' id='word_1_2' title='bbox 503 440 845 503; x_wconf 79' lang='lat' dir='ltr'><em>TRIALOGUS.</em></span> 
     </span>
    </p>
   </div>
   <div class='ocr_carea' id='block_1_2' title="bbox 92 595 1196 1951">
    <p class='ocr_par' dir='ltr' id='par_1_2' title="bbox 92 595 1196 1951">
     <span class='ocr_line' id='line_1_2' title="bbox 92 595 1194 669; baseline 0.004 -14"><span class='ocrx_word' id='word_1_3' title='bbox 92 603 95 669; x_wconf 77' lang='grc' dir='ltr'>ξ</span> <span class='ocrx_word' id='word_1_4' title='bbox 140 595 220 656; x_wconf 87' lang='lat' dir='ltr'>diam</span> <span class='ocrx_word' id='word_1_5' title='bbox 234 599 402 659; x_wconf 83' lang='lat' dir='ltr'>introduxit.</span> <span class='ocrx_word' id='word_1_6' title='bbox 444 601 622 660; x_wconf 86' lang='lat' dir='ltr'>Facilitatem</span> <span class='ocrx_word' id='word_1_7' title='bbox 637 612 735 661; x_wconf 91' lang='lat' dir='ltr'>autem</span> <span class='ocrx_word' id='word_1_8' title='bbox 751 601 875 661; x_wconf 87' lang='lat' dir='ltr'>faciendi</span> <span class='ocrx_word' id='word_1_9' title='bbox 890 601 966 661; x_wconf 89' lang='lat' dir='ltr'>hanc</span> <span class='ocrx_word' id='word_1_10' title='bbox 984 602 1194 662; x_wconf 87' lang='lat' dir='ltr'>eleemosinam</span> 
     </span>
     <span class='ocr_line' id='line_1_3' title="bbox 139 695 1193 777; baseline 0.006 -24"><span class='ocrx_word' id='word_1_11' title='bbox 139 704 171 753; x_wconf 87' lang='lat' dir='ltr'>et</span> <span class='ocrx_word' id='word_1_12' title='bbox 191 695 322 754; x_wconf 88' lang='lat' dir='ltr'>debitum</span> <span class='ocrx_word' id='word_1_13' title='bbox 344 699 384 757; x_wconf 89' lang='lat' dir='ltr'>sic</span> <span class='ocrx_word' id='word_1_14' title='bbox 406 709 490 774; x_wconf 89' lang='lat' dir='ltr'>potes</span> <span class='ocrx_word' id='word_1_15' title='bbox 511 700 724 776; x_wconf 88' lang='lat' dir='ltr'>cognoscere¹:</span> <span class='ocrx_word' id='word_1_16' title='bbox 756 711 871 760; x_wconf 86' lang='lat' dir='ltr'>constat</span> <span class='ocrx_word' id='word_1_17' title='bbox 891 719 929 759; x_wconf 86' lang='lat' dir='ltr'>ex</span> <span class='ocrx_word' id='word_1_18' title='bbox 950 701 1095 777; x_wconf 84' lang='lat' dir='ltr'>regalibus</span> <span class='ocrx_word' id='word_1_19' title='bbox 1115 702 1193 777; x_wconf 85' lang='lat' dir='ltr'>regis</span> 
     </span>
     <span class='ocr_line' id='line_1_4' title="bbox 139 792 1194 875; baseline 0.005 -24"><span class='ocrx_word' id='word_1_20' title='bbox 139 792 275 868; x_wconf 81' lang='lat' dir='ltr'>Angliae,</span> <span class='ocrx_word' id='word_1_21' title='bbox 297 796 377 871; x_wconf 92' lang='lat' dir='ltr'>quod</span> <span class='ocrx_word' id='word_1_22' title='bbox 399 796 558 856; x_wconf 83' lang='lat' dir='ltr'>decedente</span> <span class='ocrx_word' id='word_1_23' title='bbox 583 799 725 874; x_wconf 91' lang='lat' dir='ltr'>episcopo</span> <span class='ocrx_word' id='word_1_24' title='bbox 746 799 791 856; x_wconf 94' lang='lat' dir='ltr'>vel</span> <span class='ocrx_word' id='word_1_25' title='bbox 814 800 919 857; x_wconf 86' lang='lat' dir='ltr'>abbate</span> <span class='ocrx_word' id='word_1_26' title='bbox 945 810 994 857; x_wconf 89' lang='lat' dir='ltr'>aut</span> <span class='ocrx_word' id='word_1_27' title='bbox 1016 817 1194 875; x_wconf 92' lang='lat' dir='ltr'>quocunque</span> 
     </span>
     <span class='ocr_line' id='line_1_5' title="bbox 140 892 1193 972; baseline 0.004 -23"><span class='ocrx_word' id='word_1_28' title='bbox 140 892 307 950; x_wconf 80' lang='lat' dir='ltr'>notabiliter</span> <span class='ocrx_word' id='word_1_29' title='bbox 328 893 429 952; x_wconf 93' lang='lat' dir='ltr'>dotato</span> <span class='ocrx_word' id='word_1_30' title='bbox 455 894 491 953; x_wconf 90' lang='lat' dir='ltr'>de</span> <span class='ocrx_word' id='word_1_31' title='bbox 516 895 632 971; x_wconf 82' lang='lat' dir='ltr'>Anglia,</span> <span class='ocrx_word' id='word_1_32' title='bbox 658 896 830 972; x_wconf 87' lang='lat' dir='ltr'>temporalia</span> <span class='ocrx_word' id='word_1_33' title='bbox 854 915 907 955; x_wconf 90' lang='lat' dir='ltr'>sua</span> <span class='ocrx_word' id='word_1_34' title='bbox 930 896 967 955; x_wconf 89' lang='lat' dir='ltr'>ad</span> <span class='ocrx_word' id='word_1_35' title='bbox 992 896 1193 956; x_wconf 81' lang='lat' dir='ltr'>denotandum</span> 
     </span>
     <span class='ocr_line' id='line_1_6' title="bbox 141 989 1196 1072; baseline 0.008 -25"><span class='ocrx_word' id='word_1_36' title='bbox 141 989 250 1066; x_wconf 81' lang='lat' dir='ltr'>regalia</span> <span class='ocrx_word' id='word_1_37' title='bbox 274 993 351 1067; x_wconf 87' lang='lat' dir='ltr'>regis</span> <span class='ocrx_word' id='word_1_38' title='bbox 372 993 475 1051; x_wconf 90' lang='lat' dir='ltr'>cadere</span> <span class='ocrx_word' id='word_1_39' title='bbox 496 993 605 1052; x_wconf 92' lang='lat' dir='ltr'>debent</span> <span class='ocrx_word' id='word_1_40' title='bbox 625 995 655 1051; x_wconf 90' lang='lat' dir='ltr'>in</span> <span class='ocrx_word' id='word_1_41' title='bbox 680 1012 770 1053; x_wconf 92' lang='lat' dir='ltr'>manu</span> <span class='ocrx_word' id='word_1_42' title='bbox 795 1013 857 1065; x_wconf 90' lang='lat' dir='ltr'>sua,</span> <span class='ocrx_word' id='word_1_43' title='bbox 879 1004 908 1053; x_wconf 90' lang='lat' dir='ltr'>et</span> <span class='ocrx_word' id='word_1_44' title='bbox 932 1014 993 1054; x_wconf 91' lang='lat' dir='ltr'>non</span> <span class='ocrx_word' id='word_1_45' title='bbox 1019 996 1196 1072; x_wconf 92' lang='lat' dir='ltr'>procedetur</span> 
     </span>
     <span class='ocr_line' id='line_1_7' title="bbox 140 1088 1196 1168; baseline 0.006 -22"><span class='ocrx_word' id='word_1_46' title='bbox 140 1089 179 1148; x_wconf 82' lang='lat' dir='ltr'>ad</span> <span class='ocrx_word' id='word_1_47' title='bbox 200 1088 381 1161; x_wconf 84' lang='lat' dir='ltr'>electionem,</span> <span class='ocrx_word' id='word_1_48' title='bbox 395 1092 457 1149; x_wconf 84' lang='lat' dir='ltr'>nisi</span> <span class='ocrx_word' id='word_1_49' title='bbox 479 1093 599 1150; x_wconf 81' lang='lat' dir='ltr'>obtenta</span> <span class='ocrx_word' id='word_1_50' title='bbox 619 1092 695 1168; x_wconf 86' lang='lat' dir='ltr'>regis</span> <span class='ocrx_word' id='word_1_51' title='bbox 716 1091 839 1162; x_wconf 87' lang='lat' dir='ltr'>licentia,</span> <span class='ocrx_word' id='word_1_52' title='bbox 860 1111 914 1152; x_wconf 94' lang='lat' dir='ltr'>nec</span> <span class='ocrx_word' id='word_1_53' title='bbox 936 1093 1137 1152; x_wconf 85' lang='lat' dir='ltr'>habebuntur¹</span> <span class='ocrx_word' id='word_1_54' title='bbox 1158 1095 1196 1152; x_wconf 89' lang='lat' dir='ltr'>ab</span> 
     </span>
     <span class='ocr_line' id='line_1_8' title="bbox 140 1185 1194 1266; baseline 0.004 -22"><span class='ocrx_word' id='word_1_55' title='bbox 140 1185 236 1246; x_wconf 87' lang='lat' dir='ltr'>electo</span> <span class='ocrx_word' id='word_1_56' title='bbox 256 1188 429 1246; x_wconf 84' lang='lat' dir='ltr'>mortificata</span> <span class='ocrx_word' id='word_1_57' title='bbox 445 1189 527 1264; x_wconf 87' lang='lat' dir='ltr'>regni</span> <span class='ocrx_word' id='word_1_58' title='bbox 548 1189 686 1258; x_wconf 92' lang='lat' dir='ltr'>dominia,</span> <span class='ocrx_word' id='word_1_59' title='bbox 707 1189 762 1247; x_wconf 89' lang='lat' dir='ltr'>nisi</span> <span class='ocrx_word' id='word_1_60' title='bbox 784 1208 851 1266; x_wconf 85' lang='lat' dir='ltr'>rege</span> <span class='ocrx_word' id='word_1_61' title='bbox 874 1191 985 1248; x_wconf 91' lang='lat' dir='ltr'>noviter</span> <span class='ocrx_word' id='word_1_62' title='bbox 1005 1188 1194 1266; x_wconf 87' lang='lat' dir='ltr'>approbante.</span> 
     </span>
     <span class='ocr_line' id='line_1_9' title="bbox 142 1282 1195 1365; baseline 0.002 -21"><span class='ocrx_word' id='word_1_63' title='bbox 142 1282 299 1344; x_wconf 88' lang='lat' dir='ltr'>Contineat</span> <span class='ocrx_word' id='word_1_64' title='bbox 320 1302 392 1360; x_wconf 87' lang='lat' dir='ltr'>ergo</span> <span class='ocrx_word' id='word_1_65' title='bbox 406 1304 437 1344; x_wconf 88' lang='lat' dir='ltr'>se</span> <span class='ocrx_word' id='word_1_66' title='bbox 452 1303 502 1345; x_wconf 85' lang='lat' dir='ltr'>rex</span> <span class='ocrx_word' id='word_1_67' title='bbox 524 1287 561 1344; x_wconf 89' lang='lat' dir='ltr'>ab</span> <span class='ocrx_word' id='word_1_68' title='bbox 582 1287 769 1344; x_wconf 81' lang='lat' dir='ltr'>innovatione</span> <span class='ocrx_word' id='word_1_69' title='bbox 791 1287 903 1346; x_wconf 80' lang='lat' dir='ltr'>delicti⁸</span> <span class='ocrx_word' id='word_1_70' title='bbox 917 1289 1037 1346; x_wconf 86' lang='lat' dir='ltr'>maximi</span> <span class='ocrx_word' id='word_1_71' title='bbox 1057 1290 1195 1365; x_wconf 86' lang='lat' dir='ltr'>progeni·</span> 
     </span>
     <span class='ocr_line' id='line_1_10' title="bbox 139 1385 1196 1463; baseline 0.003 -21"><span class='ocrx_word' id='word_1_72' title='bbox 139 1392 239 1443; x_wconf 91' lang='lat' dir='ltr'>torum</span> <span class='ocrx_word' id='word_1_73' title='bbox 261 1402 388 1456; x_wconf 90' lang='lat' dir='ltr'>suorum,</span> <span class='ocrx_word' id='word_1_74' title='bbox 403 1395 432 1443; x_wconf 91' lang='lat' dir='ltr'>et</span> <span class='ocrx_word' id='word_1_75' title='bbox 452 1385 482 1443; x_wconf 90' lang='lat' dir='ltr'>in</span> <span class='ocrx_word' id='word_1_76' title='bbox 503 1385 655 1444; x_wconf 88' lang='lat' dir='ltr'>brevitate⁴</span> <span class='ocrx_word' id='word_1_77' title='bbox 670 1386 723 1444; x_wconf 93' lang='lat' dir='ltr'>erit</span> <span class='ocrx_word' id='word_1_78' title='bbox 744 1396 837 1444; x_wconf 91' lang='lat' dir='ltr'>totum</span> <span class='ocrx_word' id='word_1_79' title='bbox 858 1404 982 1463; x_wconf 84' lang='lat' dir='ltr'>regnum</span> <span class='ocrx_word' id='word_1_80' title='bbox 1002 1398 1157 1463; x_wconf 85' lang='lat' dir='ltr'>purgatum</span> <span class='ocrx_word' id='word_1_81' title='bbox 1179 1405 1196 1445; x_wconf 90' lang='lat' dir='ltr'>a</span> 
     </span>
     <span class='ocr_line' id='line_1_11' title="bbox 141 1481 1195 1560; baseline 0.004 -21"><span class='ocrx_word' id='word_1_82' title='bbox 141 1481 363 1540; x_wconf 87' lang='lat' dir='ltr'>mortificatione</span> <span class='ocrx_word' id='word_1_83' title='bbox 385 1482 489 1541; x_wconf 90' lang='lat' dir='ltr'>stolida</span> <span class='ocrx_word' id='word_1_84' title='bbox 510 1484 655 1541; x_wconf 91' lang='lat' dir='ltr'>bonorum</span> <span class='ocrx_word' id='word_1_85' title='bbox 677 1483 891 1560; x_wconf 86' lang='lat' dir='ltr'>temporalium,</span> <span class='ocrx_word' id='word_1_86' title='bbox 906 1502 981 1560; x_wconf 86' lang='lat' dir='ltr'>quae</span> <span class='ocrx_word' id='word_1_87' title='bbox 998 1484 1059 1559; x_wconf 88' lang='lat' dir='ltr'>jam</span> <span class='ocrx_word' id='word_1_88' title='bbox 1081 1486 1195 1543; x_wconf 91' lang='lat' dir='ltr'>suntin</span> 
     </span>
     <span class='ocr_line' id='line_1_12' title="bbox 141 1579 1195 1658; baseline 0.005 -22"><span class='ocrx_word' id='word_1_89' title='bbox 141 1595 233 1636; x_wconf 83' lang='lat' dir='ltr'>manu</span> <span class='ocrx_word' id='word_1_90' title='bbox 254 1588 377 1638; x_wconf 91' lang='lat' dir='ltr'>mortua.</span> <span class='ocrx_word' id='word_1_91' title='bbox 419 1579 503 1651; x_wconf 89' lang='lat' dir='ltr'>Quis,</span> <span class='ocrx_word' id='word_1_92' title='bbox 522 1599 605 1656; x_wconf 82' lang='lat' dir='ltr'>rog0,</span> <span class='ocrx_word' id='word_1_93' title='bbox 627 1591 824 1657; x_wconf 86' lang='lat' dir='ltr'>praesumeret</span> <span class='ocrx_word' id='word_1_94' title='bbox 845 1582 890 1640; x_wconf 90' lang='lat' dir='ltr'>vel</span> <span class='ocrx_word' id='word_1_95' title='bbox 910 1583 1029 1640; x_wconf 87' lang='lat' dir='ltr'>auderet</span> <span class='ocrx_word' id='word_1_96' title='bbox 1050 1599 1195 1658; x_wconf 91' lang='lat' dir='ltr'>occupare</span> 
     </span>
     <span class='ocr_line' id='line_1_13' title="bbox 142 1675 1192 1756; baseline 0.003 -22"><span class='ocrx_word' id='word_1_97' title='bbox 142 1675 211 1734; x_wconf 85' lang='lat' dir='ltr'>talia</span> <span class='ocrx_word' id='word_1_98' title='bbox 225 1675 363 1747; x_wconf 87' lang='lat' dir='ltr'>dominia,</span> <span class='ocrx_word' id='word_1_99' title='bbox 378 1695 440 1735; x_wconf 91' lang='lat' dir='ltr'>non</span> <span class='ocrx_word' id='word_1_100' title='bbox 454 1679 574 1736; x_wconf 90' lang='lat' dir='ltr'>obtenta</span> <span class='ocrx_word' id='word_1_101' title='bbox 587 1680 663 1754; x_wconf 87' lang='lat' dir='ltr'>regis</span> <span class='ocrx_word' id='word_1_102' title='bbox 682 1679 817 1738; x_wconf 82' lang='lat' dir='ltr'>licentia?</span> <span class='ocrx_word' id='word_1_103' title='bbox 852 1679 916 1738; x_wconf 91' lang='lat' dir='ltr'>Nec</span> <span class='ocrx_word' id='word_1_104' title='bbox 930 1690 1078 1756; x_wconf 89' lang='lat' dir='ltr'>oporteret</span> <span class='ocrx_word' id='word_1_105' title='bbox 1093 1698 1192 1756; x_wconf 85' lang='lat' dir='ltr'>regem</span> 
     </span>
     <span class='ocr_line' id='line_1_14' title="bbox 143 1775 1195 1853; baseline 0.003 -20"><span class='ocrx_word' id='word_1_106' title='bbox 143 1783 193 1833; x_wconf 89' lang='lat' dir='ltr'>aut</span> <span class='ocrx_word' id='word_1_107' title='bbox 220 1791 345 1850; x_wconf 88' lang='lat' dir='ltr'>regnum</span> <span class='ocrx_word' id='word_1_108' title='bbox 372 1793 466 1845; x_wconf 91' lang='lat' dir='ltr'>suum,</span> <span class='ocrx_word' id='word_1_109' title='bbox 491 1793 546 1851; x_wconf 91' lang='lat' dir='ltr'>pro</span> <span class='ocrx_word' id='word_1_110' title='bbox 575 1775 705 1835; x_wconf 89' lang='lat' dir='ltr'>sedanda</span> <span class='ocrx_word' id='word_1_111' title='bbox 728 1778 783 1835; x_wconf 88' lang='lat' dir='ltr'>ista</span> <span class='ocrx_word' id='word_1_112' title='bbox 806 1795 915 1853; x_wconf 85' lang='lat' dir='ltr'>magna</span> <span class='ocrx_word' id='word_1_113' title='bbox 939 1778 1091 1853; x_wconf 84' lang='lat' dir='ltr'>injustitia¹</span> <span class='ocrx_word' id='word_1_114' title='bbox 1119 1777 1195 1836; x_wconf 83' lang='lat' dir='ltr'>terro</span> 
     </span>
     <span class='ocr_line' id='line_1_15' title="bbox 144 1874 1196 1951; baseline 0.004 -22"><span class='ocrx_word' id='word_1_115' title='bbox 144 1882 302 1948; x_wconf 86' lang='lat' dir='ltr'>percutere,</span> <span class='ocrx_word' id='word_1_116' title='bbox 317 1891 485 1949; x_wconf 83' lang='lat' dir='ltr'>quenquam</span> <span class='ocrx_word' id='word_1_117' title='bbox 499 1874 632 1932; x_wconf 87' lang='lat' dir='ltr'>occidere</span> <span class='ocrx_word' id='word_1_118' title='bbox 648 1875 691 1932; x_wconf 91' lang='lat' dir='ltr'>vel</span> <span class='ocrx_word' id='word_1_119' title='bbox 706 1886 948 1951; x_wconf 84' lang='lat' dir='ltr'>praesumptuose</span> <span class='ocrx_word' id='word_1_120' title='bbox 963 1877 1100 1934; x_wconf 83' lang='lat' dir='ltr'>exercitio</span> <span class='ocrx_word' id='word_1_121' title='bbox 1114 1876 1196 1933; x_wconf 88' lang='lat' dir='ltr'>labo·</span> 
     </span>
    </p>
   </div>
   <div class='ocr_carea' id='block_1_3' title="bbox 142 1968 1299 2032">
    <p class='ocr_par' dir='ltr' id='par_1_3' title="bbox 142 1968 1299 2032">
     <span class='ocr_line' id='line_1_16' title="bbox 142 1968 1299 2032; baseline 0.003 -4"><span class='ocrx_word' id='word_1_122' title='bbox 142 1987 216 2028; x_wconf 85' lang='lat' dir='ltr'>rare.</span> <span class='ocrx_word' id='word_1_123' title='bbox 274 1968 333 2029; x_wconf 92' lang='lat' dir='ltr'>Sed</span> <span class='ocrx_word' id='word_1_124' title='bbox 360 1971 434 2029; x_wconf 88' lang='lat' dir='ltr'>sicut</span> <span class='ocrx_word' id='word_1_125' title='bbox 461 1981 563 2030; x_wconf 91' lang='lat' dir='ltr'>natura</span> <span class='ocrx_word' id='word_1_126' title='bbox 590 1971 694 2030; x_wconf 91' lang='lat' dir='ltr'>odiens</span> <span class='ocrx_word' id='word_1_127' title='bbox 724 1973 900 2032; x_wconf 88' lang='lat' dir='ltr'>mutationes</span> <span class='ocrx_word' id='word_1_128' title='bbox 928 1974 1038 2032; x_wconf 89' lang='lat' dir='ltr'>subitas</span> <span class='ocrx_word' id='word_1_129' title='bbox 1065 1973 1196 2031; x_wconf 91' lang='lat' dir='ltr'>ordinate</span> <span class='ocrx_word' id='word_1_130' title='bbox 1298 1992 1299 1996; x_wconf 47' lang='lat'>¹</span> 
     </span>
    </p>
   </div>
   <div class='ocr_carea' id='block_1_4' title="bbox 143 2067 1199 3711">
    <p class='ocr_par' dir='ltr' id='par_1_4' title="bbox 143 2067 1199 3711">
     <span class='ocr_line' id='line_1_17' title="bbox 143 2067 1195 2147; baseline 0.002 -20"><span class='ocrx_word' id='word_1_131' title='bbox 143 2067 282 2127; x_wconf 88' lang='lat' dir='ltr'>continue</span> <span class='ocrx_word' id='word_1_132' title='bbox 303 2069 443 2143; x_wconf 89' lang='lat' dir='ltr'>procedit,</span> <span class='ocrx_word' id='word_1_133' title='bbox 460 2069 500 2128; x_wconf 91' lang='lat' dir='ltr'>sic</span> <span class='ocrx_word' id='word_1_134' title='bbox 522 2070 595 2127; x_wconf 91' lang='lat' dir='ltr'>sicut</span> <span class='ocrx_word' id='word_1_135' title='bbox 616 2069 692 2127; x_wconf 92' lang='lat' dir='ltr'>istud</span> <span class='ocrx_word' id='word_1_136' title='bbox 714 2070 851 2128; x_wconf 90' lang='lat' dir='ltr'>delictum</span> <span class='ocrx_word' id='word_1_137' title='bbox 872 2073 1032 2146; x_wconf 86' lang='lat' dir='ltr'>maximum</span> <span class='ocrx_word' id='word_1_138' title='bbox 1054 2071 1195 2147; x_wconf 85' lang='lat' dir='ltr'>paulative</span> 
     </span>
     <span class='ocr_line' id='line_1_18' title="bbox 144 2165 1197 2244; baseline 0.002 -20"><span class='ocrx_word' id='word_1_139' title='bbox 144 2165 324 2225; x_wconf 83' lang='lat' dir='ltr'>inordinate⁸</span> <span class='ocrx_word' id='word_1_140' title='bbox 347 2168 497 2242; x_wconf 88' lang='lat' dir='ltr'>processit,</span> <span class='ocrx_word' id='word_1_141' title='bbox 519 2168 560 2225; x_wconf 91' lang='lat' dir='ltr'>sic</span> <span class='ocrx_word' id='word_1_142' title='bbox 585 2168 609 2225; x_wconf 90' lang='lat' dir='ltr'>si</span> <span class='ocrx_word' id='word_1_143' title='bbox 632 2170 793 2227; x_wconf 86' lang='lat' dir='ltr'>successive</span> <span class='ocrx_word' id='word_1_144' title='bbox 816 2179 844 2227; x_wconf 89' lang='lat' dir='ltr'>et</span> <span class='ocrx_word' id='word_1_145' title='bbox 868 2169 1010 2244; x_wconf 88' lang='lat' dir='ltr'>paulative</span> <span class='ocrx_word' id='word_1_146' title='bbox 1036 2168 1197 2228; x_wconf 90' lang='lat' dir='ltr'>secundum</span> 
     </span>
     <span class='ocr_line' id='line_1_19' title="bbox 144 2264 1198 2343; baseline 0.002 -21"><span class='ocrx_word' id='word_1_147' title='bbox 144 2274 255 2323; x_wconf 87' lang='lat' dir='ltr'>mortes</span> <span class='ocrx_word' id='word_1_148' title='bbox 274 2266 480 2340; x_wconf 88' lang='lat' dir='ltr'>occupantium</span> <span class='ocrx_word' id='word_1_149' title='bbox 500 2264 648 2323; x_wconf 86' lang='lat' dir='ltr'>decrescat</span> <span class='ocrx_word' id='word_1_150' title='bbox 668 2265 772 2336; x_wconf 91' lang='lat' dir='ltr'>debite,</span> <span class='ocrx_word' id='word_1_151' title='bbox 787 2267 999 2342; x_wconf 91' lang='lat' dir='ltr'>quantumlibet</span> <span class='ocrx_word' id='word_1_152' title='bbox 1012 2266 1116 2343; x_wconf 82' lang='lat' dir='ltr'>parva¹</span> <span class='ocrx_word' id='word_1_153' title='bbox 1130 2284 1198 2341; x_wconf 94' lang='lat' dir='ltr'>pru·</span> 
     </span>
     <span class='ocr_line' id='line_1_20' title="bbox 145 2361 1197 2438; baseline 0.002 -18"><span class='ocrx_word' id='word_1_154' title='bbox 145 2361 252 2432; x_wconf 78' lang='lat' dir='ltr'>dentis,</span> <span class='ocrx_word' id='word_1_155' title='bbox 278 2380 339 2420; x_wconf 91' lang='lat' dir='ltr'>non</span> <span class='ocrx_word' id='word_1_156' title='bbox 364 2365 545 2438; x_wconf 82' lang='lat' dir='ltr'>contingeret</span> <span class='ocrx_word' id='word_1_157' title='bbox 570 2362 646 2438; x_wconf 81' lang='lat' dir='ltr'>regi⁸</span> <span class='ocrx_word' id='word_1_158' title='bbox 670 2363 715 2421; x_wconf 90' lang='lat' dir='ltr'>vel</span> <span class='ocrx_word' id='word_1_159' title='bbox 737 2364 839 2422; x_wconf 92' lang='lat' dir='ltr'>incolis</span> <span class='ocrx_word' id='word_1_160' title='bbox 862 2364 1095 2422; x_wconf 82' lang='lat' dir='ltr'>nocumentum¹.</span> <span class='ocrx_word' id='word_1_161' title='bbox 1138 2362 1197 2434; x_wconf 91' lang='lat' dir='ltr'>Qui</span> 
     </span>
     <span class='ocr_line' id='line_1_21' title="bbox 146 2460 1198 2531; baseline 0 -13"><span class='ocrx_word' id='word_1_162' title='bbox 146 2471 244 2519; x_wconf 86' lang='lat' dir='ltr'>autem</span> <span class='ocrx_word' id='word_1_163' title='bbox 269 2460 305 2518; x_wconf 88' lang='lat' dir='ltr'>de</span> <span class='ocrx_word' id='word_1_164' title='bbox 332 2460 442 2520; x_wconf 87' lang='lat' dir='ltr'>clericis</span> <span class='ocrx_word' id='word_1_165' title='bbox 465 2460 510 2518; x_wconf 92' lang='lat' dir='ltr'>vel</span> <span class='ocrx_word' id='word_1_166' title='bbox 538 2461 599 2519; x_wconf 92' lang='lat' dir='ltr'>aliis</span> <span class='ocrx_word' id='word_1_167' title='bbox 627 2462 837 2520; x_wconf 89' lang='lat' dir='ltr'>contrariantur</span> <span class='ocrx_word' id='word_1_168' title='bbox 864 2461 910 2520; x_wconf 89' lang='lat' dir='ltr'>isti</span> <span class='ocrx_word' id='word_1_169' title='bbox 938 2462 1106 2531; x_wconf 91' lang='lat' dir='ltr'>sententiae,</span> <span class='ocrx_word' id='word_1_170' title='bbox 1132 2470 1198 2518; x_wconf 90' lang='lat' dir='ltr'>sunt</span> 
     </span>
     <span class='ocr_line' id='line_1_22' title="bbox 146 2556 1197 2635; baseline 0 -19"><span class='ocrx_word' id='word_1_171' title='bbox 146 2556 252 2616; x_wconf 79' lang='lat' dir='ltr'>falsarii</span> <span class='ocrx_word' id='word_1_172' title='bbox 274 2558 346 2634; x_wconf 85' lang='lat' dir='ltr'>legis</span> <span class='ocrx_word' id='word_1_173' title='bbox 367 2561 534 2635; x_wconf 88' lang='lat' dir='ltr'>scripturae,</span> <span class='ocrx_word' id='word_1_174' title='bbox 556 2569 584 2617; x_wconf 93' lang='lat' dir='ltr'>et</span> <span class='ocrx_word' id='word_1_175' title='bbox 604 2560 646 2619; x_wconf 92' lang='lat' dir='ltr'>sic</span> <span class='ocrx_word' id='word_1_176' title='bbox 664 2558 721 2617; x_wconf 90' lang='lat' dir='ltr'>Dei</span> <span class='ocrx_word' id='word_1_177' title='bbox 742 2570 771 2618; x_wconf 91' lang='lat' dir='ltr'>et</span> <span class='ocrx_word' id='word_1_178' title='bbox 792 2559 867 2634; x_wconf 85' lang='lat' dir='ltr'>regis</span> <span class='ocrx_word' id='word_1_179' title='bbox 886 2560 1006 2617; x_wconf 88' lang='lat' dir='ltr'>maximi</span> <span class='ocrx_word' id='word_1_180' title='bbox 1026 2558 1197 2635; x_wconf 89' lang='lat' dir='ltr'>proditores,</span> 
     </span>
     <span class='ocr_line' id='line_1_23' title="bbox 147 2654 1198 2733; baseline 0 -20"><span class='ocrx_word' id='word_1_181' title='bbox 147 2673 217 2714; x_wconf 91' lang='lat' dir='ltr'>nam</span> <span class='ocrx_word' id='word_1_182' title='bbox 234 2654 308 2714; x_wconf 84' lang='lat' dir='ltr'>Psal.</span> <span class='ocrx_word' id='word_1_183' title='bbox 329 2657 404 2714; x_wconf 83' lang='lat' dir='ltr'>xviii.</span> <span class='ocrx_word' id='word_1_184' title='bbox 426 2676 479 2733; x_wconf 92' lang='lat' dir='ltr'>per</span> <span class='ocrx_word' id='word_1_185' title='bbox 499 2674 599 2732; x_wconf 87' lang='lat' dir='ltr'>regem</span> <span class='ocrx_word' id='word_1_186' title='bbox 618 2655 713 2715; x_wconf 89' lang='lat' dir='ltr'>David</span> <span class='ocrx_word' id='word_1_187' title='bbox 734 2657 846 2725; x_wconf 89' lang='lat' dir='ltr'>dicitur,</span> <span class='ocrx_word' id='word_1_188' title='bbox 866 2658 908 2715; x_wconf 88' lang='lat' dir='ltr'>‘si</span> <span class='ocrx_word' id='word_1_189' title='bbox 929 2657 987 2714; x_wconf 90' lang='lat' dir='ltr'>mei</span> <span class='ocrx_word' id='word_1_190' title='bbox 1010 2675 1071 2714; x_wconf 92' lang='lat' dir='ltr'>non</span> <span class='ocrx_word' id='word_1_191' title='bbox 1093 2655 1198 2714; x_wconf 87' lang='lat' dir='ltr'>suerint</span> 
     </span>
     <span class='ocr_line' id='line_1_24' title="bbox 146 2753 1196 2824; baseline 0 -13"><span class='ocrx_word' id='word_1_192' title='bbox 146 2753 371 2824; x_wconf 90' lang='lat' dir='ltr'>dominati,tunc</span> <span class='ocrx_word' id='word_1_193' title='bbox 380 2754 582 2813; x_wconf 91' lang='lat' dir='ltr'>immaculatus</span> <span class='ocrx_word' id='word_1_194' title='bbox 591 2772 641 2812; x_wconf 89' lang='lat' dir='ltr'>ero</span> <span class='ocrx_word' id='word_1_195' title='bbox 651 2765 678 2813; x_wconf 94' lang='lat' dir='ltr'>et</span> <span class='ocrx_word' id='word_1_196' title='bbox 688 2756 897 2814; x_wconf 85' lang='lat' dir='ltr'>emundabora</span> <span class='ocrx_word' id='word_1_197' title='bbox 907 2756 1012 2814; x_wconf 90' lang='lat' dir='ltr'>delicto</span> <span class='ocrx_word' id='word_1_198' title='bbox 1024 2754 1196 2824; x_wconf 81' lang='lat' dir='ltr'>maximo¹⁰,’</span> 
     </span>
     <span class='ocr_line' id='line_1_25' title="bbox 147 2851 1197 2930; baseline 0 -21"><span class='ocrx_word' id='word_1_199' title='bbox 147 2851 228 2928; x_wconf 93' lang='lat' dir='ltr'>quod</span> <span class='ocrx_word' id='word_1_200' title='bbox 249 2869 287 2909; x_wconf 83' lang='lat' dir='ltr'>ex</span> <span class='ocrx_word' id='word_1_201' title='bbox 308 2870 396 2910; x_wconf 88' lang='lat' dir='ltr'>sensu</span> <span class='ocrx_word' id='word_1_202' title='bbox 411 2851 533 2929; x_wconf 92' lang='lat' dir='ltr'>Spiritus</span> <span class='ocrx_word' id='word_1_203' title='bbox 547 2851 646 2911; x_wconf 89' lang='lat' dir='ltr'>Sancti</span> <span class='ocrx_word' id='word_1_204' title='bbox 664 2854 842 2928; x_wconf 90' lang='lat' dir='ltr'>pertinenter</span> <span class='ocrx_word' id='word_1_205' title='bbox 862 2864 959 2929; x_wconf 91' lang='lat' dir='ltr'>potest</span> <span class='ocrx_word' id='word_1_206' title='bbox 980 2853 1099 2930; x_wconf 81' lang='lat' dir='ltr'>intelligi</span> <span class='ocrx_word' id='word_1_207' title='bbox 1120 2872 1154 2911; x_wconf 89' lang='lat' dir='ltr'>ac</span> <span class='ocrx_word' id='word_1_208' title='bbox 1174 2853 1197 2911; x_wconf 91' lang='lat' dir='ltr'>si</span> 
     </span>
     <span class='ocr_line' id='line_1_26' title="bbox 146 2949 1197 3027; baseline 0.001 -20"><span class='ocrx_word' id='word_1_209' title='bbox 146 2968 199 3009; x_wconf 86' lang='lat' dir='ltr'>rex</span> <span class='ocrx_word' id='word_1_210' title='bbox 223 2951 389 3027; x_wconf 91' lang='lat' dir='ltr'>quicunque</span> <span class='ocrx_word' id='word_1_211' title='bbox 413 2950 470 3009; x_wconf 92' lang='lat' dir='ltr'>hoc</span> <span class='ocrx_word' id='word_1_212' title='bbox 493 2949 608 3020; x_wconf 90' lang='lat' dir='ltr'>diceret,</span> <span class='ocrx_word' id='word_1_213' title='bbox 630 2952 680 3026; x_wconf 92' lang='lat' dir='ltr'>qui</span> <span class='ocrx_word' id='word_1_214' title='bbox 705 2951 813 3009; x_wconf 92' lang='lat' dir='ltr'>multos</span> <span class='ocrx_word' id='word_1_215' title='bbox 835 2951 955 3010; x_wconf 89' lang='lat' dir='ltr'>clericos</span> <span class='ocrx_word' id='word_1_216' title='bbox 976 2951 1007 3009; x_wconf 91' lang='lat' dir='ltr'>in</span> <span class='ocrx_word' id='word_1_217' title='bbox 1028 2968 1121 3026; x_wconf 84' lang='lat' dir='ltr'>regno</span> <span class='ocrx_word' id='word_1_218' title='bbox 1143 2967 1197 3008; x_wconf 92' lang='lat' dir='ltr'>suo</span> 
     </span>
     <span class='ocr_line' id='line_1_27' title="bbox 145 3047 1197 3120; baseline -0.002 -14"><span class='ocrx_word' id='word_1_219' title='bbox 145 3048 266 3106; x_wconf 88' lang='lat' dir='ltr'>haberet</span> <span class='ocrx_word' id='word_1_220' title='bbox 287 3059 316 3107; x_wconf 94' lang='lat' dir='ltr'>et</span> <span class='ocrx_word' id='word_1_221' title='bbox 337 3049 457 3106; x_wconf 90' lang='lat' dir='ltr'>clericos</span> <span class='ocrx_word' id='word_1_222' title='bbox 471 3048 535 3106; x_wconf 91' lang='lat' dir='ltr'>illos</span> <span class='ocrx_word' id='word_1_223' title='bbox 549 3047 648 3107; x_wconf 86' lang='lat' dir='ltr'>‘suos&#39;</span> <span class='ocrx_word' id='word_1_224' title='bbox 663 3059 778 3106; x_wconf 86' lang='lat' dir='ltr'>vocaret</span> <span class='ocrx_word' id='word_1_225' title='bbox 786 3066 795 3120; x_wconf 89' lang='lat'>;</span> <span class='ocrx_word' id='word_1_226' title='bbox 822 3051 864 3106; x_wconf 87' lang='lat' dir='ltr'>‘si</span> <span class='ocrx_word' id='word_1_227' title='bbox 878 3047 955 3119; x_wconf 88' lang='lat' dir='ltr'>mei,&#39;</span> <span class='ocrx_word' id='word_1_228' title='bbox 971 3048 1028 3106; x_wconf 89' lang='lat' dir='ltr'>hoc</span> <span class='ocrx_word' id='word_1_229' title='bbox 1042 3058 1087 3105; x_wconf 91' lang='lat' dir='ltr'>est</span> <span class='ocrx_word' id='word_1_230' title='bbox 1102 3064 1197 3105; x_wconf 89' lang='lat' dir='ltr'>sacer-</span> 
     </span>
     <span class='ocr_line' id='line_1_28' title="bbox 146 3145 1199 3222; baseline -0.002 -17"><span class='ocrx_word' id='word_1_231' title='bbox 146 3146 232 3206; x_wconf 90' lang='lat' dir='ltr'>dotes</span> <span class='ocrx_word' id='word_1_232' title='bbox 256 3156 286 3204; x_wconf 88' lang='lat' dir='ltr'>et</span> <span class='ocrx_word' id='word_1_233' title='bbox 310 3145 414 3215; x_wconf 88' lang='lat' dir='ltr'>clerici,</span> <span class='ocrx_word' id='word_1_234' title='bbox 442 3145 602 3204; x_wconf 91' lang='lat' dir='ltr'>secundum</span> <span class='ocrx_word' id='word_1_235' title='bbox 627 3145 706 3222; x_wconf 93' lang='lat' dir='ltr'>quod</span> <span class='ocrx_word' id='word_1_236' title='bbox 733 3145 815 3203; x_wconf 89' lang='lat' dir='ltr'>Deus</span> <span class='ocrx_word' id='word_1_237' title='bbox 840 3146 968 3215; x_wconf 91' lang='lat' dir='ltr'>instituit,</span> <span class='ocrx_word' id='word_1_238' title='bbox 993 3151 1070 3203; x_wconf 90' lang='lat' dir='ltr'>‘non</span> <span class='ocrx_word' id='word_1_239' title='bbox 1095 3145 1199 3204; x_wconf 87' lang='lat' dir='ltr'>fuerint</span> 
     </span>
     <span class='ocr_line' id='line_1_29' title="bbox 147 3240 1197 3317; baseline -0.003 -15"><span class='ocrx_word' id='word_1_240' title='bbox 147 3243 298 3315; x_wconf 91' lang='lat' dir='ltr'>dominati,</span> <span class='ocrx_word' id='word_1_241' title='bbox 313 3251 382 3300; x_wconf 91' lang='lat' dir='ltr'>tunc</span> <span class='ocrx_word' id='word_1_242' title='bbox 403 3242 604 3301; x_wconf 89' lang='lat' dir='ltr'>immaculatus</span> <span class='ocrx_word' id='word_1_243' title='bbox 626 3240 685 3301; x_wconf 88' lang='lat' dir='ltr'>ero’</span> <span class='ocrx_word' id='word_1_244' title='bbox 707 3260 725 3298; x_wconf 90' lang='lat' dir='ltr'>a</span> <span class='ocrx_word' id='word_1_245' title='bbox 746 3260 892 3300; x_wconf 89' lang='lat' dir='ltr'>consensu</span> <span class='ocrx_word' id='word_1_246' title='bbox 909 3242 1022 3317; x_wconf 90' lang='lat' dir='ltr'>peccati</span> <span class='ocrx_word' id='word_1_247' title='bbox 1036 3242 1197 3312; x_wconf 84' lang='lat' dir='ltr'>extrinseci,</span> 
     </span>
     <span class='ocr_line' id='line_1_30' title="bbox 147 3339 1199 3414; baseline -0.002 -16"><span class='ocrx_word' id='word_1_248' title='bbox 147 3345 195 3398; x_wconf 88' lang='lat' dir='ltr'>‘et</span> <span class='ocrx_word' id='word_1_249' title='bbox 215 3341 398 3399; x_wconf 89' lang='lat' dir='ltr'>emundabor</span> <span class='ocrx_word' id='word_1_250' title='bbox 418 3358 436 3398; x_wconf 91' lang='lat' dir='ltr'>a</span> <span class='ocrx_word' id='word_1_251' title='bbox 457 3340 562 3399; x_wconf 90' lang='lat' dir='ltr'>delicto</span> <span class='ocrx_word' id='word_1_252' title='bbox 584 3339 759 3410; x_wconf 84' lang='lat' dir='ltr'>maxim0¹¹‚&#39;</span> <span class='ocrx_word' id='word_1_253' title='bbox 784 3356 844 3414; x_wconf 93' lang='lat' dir='ltr'>quo</span> <span class='ocrx_word' id='word_1_254' title='bbox 870 3339 1073 3397; x_wconf 86' lang='lat' dir='ltr'>contrariando</span> <span class='ocrx_word' id='word_1_255' title='bbox 1097 3349 1199 3397; x_wconf 89' lang='lat' dir='ltr'>contra</span> 
     </span>
     <span class='ocr_line' id='line_1_31' title="bbox 145 3437 1199 3513; baseline -0.001 -16"><span class='ocrx_word' id='word_1_256' title='bbox 145 3438 362 3497; x_wconf 87' lang='lat' dir='ltr'>ordinationem</span> <span class='ocrx_word' id='word_1_257' title='bbox 383 3437 489 3497; x_wconf 87' lang='lat' dir='ltr'>Christi</span> <span class='ocrx_word' id='word_1_258' title='bbox 510 3438 604 3496; x_wconf 92' lang='lat' dir='ltr'>clerus</span> <span class='ocrx_word' id='word_1_259' title='bbox 626 3456 662 3496; x_wconf 86' lang='lat' dir='ltr'>ex</span> <span class='ocrx_word' id='word_1_260' title='bbox 685 3439 865 3513; x_wconf 91' lang='lat' dir='ltr'>protectione</span> <span class='ocrx_word' id='word_1_261' title='bbox 887 3437 1058 3495; x_wconf 89' lang='lat' dir='ltr'>secularium</span> <span class='ocrx_word' id='word_1_262' title='bbox 1078 3438 1199 3513; x_wconf 79' lang='lat' dir='ltr'>insurgit</span> 
     </span>
     <span class='ocr_line' id='line_1_32' title="bbox 149 3534 1199 3595; baseline -0.001 0"><span class='ocrx_word' id='word_1_263' title='bbox 149 3538 343 3595; x_wconf 88' lang='lat' dir='ltr'>communiter</span> <span class='ocrx_word' id='word_1_264' title='bbox 368 3547 469 3595; x_wconf 90' lang='lat' dir='ltr'>contra</span> <span class='ocrx_word' id='word_1_265' title='bbox 491 3534 647 3594; x_wconf 90' lang='lat' dir='ltr'>Christum.</span> <span class='ocrx_word' id='word_1_266' title='bbox 697 3534 761 3594; x_wconf 93' lang='lat' dir='ltr'>Nec</span> <span class='ocrx_word' id='word_1_267' title='bbox 786 3535 923 3592; x_wconf 89' lang='lat' dir='ltr'>audiendi</span> <span class='ocrx_word' id='word_1_268' title='bbox 947 3545 1014 3593; x_wconf 91' lang='lat' dir='ltr'>sunt</span> <span class='ocrx_word' id='word_1_269' title='bbox 1038 3535 1132 3594; x_wconf 88' lang='lat' dir='ltr'>clerici</span> <span class='ocrx_word' id='word_1_270' title='bbox 1154 3535 1199 3594; x_wconf 92' lang='lat' dir='ltr'>vel</span> 
     </span>
     <span class='ocr_line' id='line_1_33' title="bbox 148 3632 1199 3711; baseline 0 -18"><span class='ocrx_word' id='word_1_271' title='bbox 148 3634 214 3693; x_wconf 85' lang='lat' dir='ltr'>laici</span> <span class='ocrx_word' id='word_1_272' title='bbox 239 3635 301 3711; x_wconf 84' lang='lat' dir='ltr'>regi</span> <span class='ocrx_word' id='word_1_273' title='bbox 322 3643 351 3693; x_wconf 91' lang='lat' dir='ltr'>et</span> <span class='ocrx_word' id='word_1_274' title='bbox 374 3653 428 3693; x_wconf 94' lang='lat' dir='ltr'>suo</span> <span class='ocrx_word' id='word_1_275' title='bbox 451 3635 573 3694; x_wconf 90' lang='lat' dir='ltr'>consilio</span> <span class='ocrx_word' id='word_1_276' title='bbox 595 3633 711 3705; x_wconf 89' lang='lat' dir='ltr'>inimici,</span> <span class='ocrx_word' id='word_1_277' title='bbox 733 3633 782 3709; x_wconf 91' lang='lat' dir='ltr'>qui</span> <span class='ocrx_word' id='word_1_278' title='bbox 805 3632 943 3707; x_wconf 82' lang='lat' dir='ltr'>detegunt</span> <span class='ocrx_word' id='word_1_279' title='bbox 964 3643 992 3691; x_wconf 92' lang='lat' dir='ltr'>et</span> <span class='ocrx_word' id='word_1_280' title='bbox 1013 3632 1199 3709; x_wconf 85' lang='lat' dir='ltr'>promulgant</span> 
     </span>
    </p>
   </div>
   <div class='ocr_carea' id='block_1_5' title="bbox 148 3803 1200 4261">
    <p class='ocr_par' dir='ltr' id='par_1_5' title="bbox 148 3803 1200 4261">
     <span class='ocr_line' id='line_1_34' title="bbox 182 3803 1199 3871; baseline -0.004 -15"><span class='ocrx_word' id='word_1_281' title='bbox 182 3807 191 3836; x_wconf 91' lang='lat'>¹</span> <span class='ocrx_word' id='word_1_282' title='bbox 208 3806 369 3871; x_wconf 81' lang='lat' dir='ltr'>cognoscere]</span> <span class='ocrx_word' id='word_1_283' title='bbox 381 3807 533 3863; x_wconf 88' lang='lat' dir='ltr'>convincere,</span> <span class='ocrx_word' id='word_1_284' title='bbox 545 3805 638 3855; x_wconf 62' lang='grc' dir='ltr'>ΑΒΕ.</span> <span class='ocrx_word' id='word_1_285' title='bbox 733 3805 743 3834; x_wconf 83' lang='lat'>¹</span> <span class='ocrx_word' id='word_1_286' title='bbox 759 3805 926 3870; x_wconf 84' lang='lat' dir='ltr'>habebuntur]</span> <span class='ocrx_word' id='word_1_287' title='bbox 939 3805 977 3855; x_wconf 89' lang='lat' dir='ltr'>ed.</span> <span class='ocrx_word' id='word_1_288' title='bbox 989 3820 1041 3869; x_wconf 86' lang='lat' dir='ltr'>pr.;</span> <span class='ocrx_word' id='word_1_289' title='bbox 1058 3804 1114 3852; x_wconf 90' lang='lat' dir='ltr'>libri</span> <span class='ocrx_word' id='word_1_290' title='bbox 1127 3803 1199 3853; x_wconf 89' lang='lat' dir='ltr'>MSS.</span> 
     </span>
     <span class='ocr_line' id='line_1_35' title="bbox 148 3869 1198 3936; baseline -0.005 -15"><span class='ocrx_word' id='word_1_291' title='bbox 148 3871 284 3921; x_wconf 85' lang='lat' dir='ltr'>habebunt.</span> <span class='ocrx_word' id='word_1_292' title='bbox 360 3873 370 3901; x_wconf 85' lang='lat'>¹</span> <span class='ocrx_word' id='word_1_293' title='bbox 386 3872 481 3936; x_wconf 87' lang='lat' dir='ltr'>delicti]</span> <span class='ocrx_word' id='word_1_294' title='bbox 494 3871 610 3928; x_wconf 85' lang='lat' dir='ltr'>derelicti,</span> <span class='ocrx_word' id='word_1_295' title='bbox 621 3872 659 3920; x_wconf 86' lang='lat' dir='ltr'>ed.</span> <span class='ocrx_word' id='word_1_296' title='bbox 671 3888 709 3936; x_wconf 85' lang='lat' dir='ltr'>pr.</span> <span class='ocrx_word' id='word_1_297' title='bbox 787 3872 795 3899; x_wconf 88' lang='lat'>¹</span> <span class='ocrx_word' id='word_1_298' title='bbox 812 3871 943 3934; x_wconf 84' lang='lat' dir='ltr'>brevitate]</span> <span class='ocrx_word' id='word_1_299' title='bbox 955 3870 1022 3918; x_wconf 91' lang='lat' dir='ltr'>brevi</span> <span class='ocrx_word' id='word_1_300' title='bbox 1035 3877 1153 3933; x_wconf 86' lang='lat' dir='ltr'>tempore,</span> <span class='ocrx_word' id='word_1_301' title='bbox 1165 3869 1198 3916; x_wconf 89' lang='lat' dir='ltr'>D.</span> 
     </span>
     <span class='ocr_line' id='line_1_36' title="bbox 148 3934 1198 4030; baseline -0.004 -44"><span class='ocrx_word' id='word_1_302' title='bbox 148 3936 159 3967; x_wconf 81' lang='lat'>¹</span> <span class='ocrx_word' id='word_1_303' title='bbox 174 3952 265 4000; x_wconf 81' lang='lat' dir='ltr'>magna</span> <span class='ocrx_word' id='word_1_304' title='bbox 277 3935 406 4030; x_wconf 45' lang='lat' dir='ltr'>injustitia&#39;]</span> <span class='ocrx_word' id='word_1_305' title='bbox 419 3937 522 3987; x_wconf 80' lang='lat' dir='ltr'>materia</span> <span class='ocrx_word' id='word_1_306' title='bbox 533 3937 559 3985; x_wconf 93' lang='lat' dir='ltr'>in</span> <span class='ocrx_word' id='word_1_307' title='bbox 568 3935 669 3999; x_wconf 80' lang='lat' dir='ltr'>justitia,</span> <span class='ocrx_word' id='word_1_308' title='bbox 681 3937 718 3986; x_wconf 87' lang='lat' dir='ltr'>ed.</span> <span class='ocrx_word' id='word_1_309' title='bbox 731 3953 769 4000; x_wconf 90' lang='lat' dir='ltr'>pr.</span> <span class='ocrx_word' id='word_1_310' title='bbox 884 3936 894 3965; x_wconf 81' lang='lat'>¹</span> <span class='ocrx_word' id='word_1_311' title='bbox 909 3934 1060 3996; x_wconf 86' lang='lat' dir='ltr'>inordinate]</span> <span class='ocrx_word' id='word_1_312' title='bbox 1073 3941 1097 3982; x_wconf 92' lang='lat' dir='ltr'>et</span> <span class='ocrx_word' id='word_1_313' title='bbox 1109 3934 1198 3982; x_wconf 92' lang='lat' dir='ltr'>inordi-</span> 
     </span>
     <span class='ocr_line' id='line_1_37' title="bbox 148 3998 1199 4067; baseline -0.005 -16"><span class='ocrx_word' id='word_1_314' title='bbox 148 4009 215 4057; x_wconf 85' lang='lat' dir='ltr'>nate,</span> <span class='ocrx_word' id='word_1_315' title='bbox 227 4003 265 4052; x_wconf 91' lang='lat' dir='ltr'>ed.</span> <span class='ocrx_word' id='word_1_316' title='bbox 277 4017 314 4067; x_wconf 88' lang='lat' dir='ltr'>pr.</span> <span class='ocrx_word' id='word_1_317' title='bbox 417 4002 596 4066; x_wconf 84' lang='lat' dir='ltr'>quantumlibet</span> <span class='ocrx_word' id='word_1_318' title='bbox 607 4005 692 4066; x_wconf 78' lang='lat' dir='ltr'>parva]</span> <span class='ocrx_word' id='word_1_319' title='bbox 705 4008 823 4066; x_wconf 82' lang='lat' dir='ltr'>quantum</span> <span class='ocrx_word' id='word_1_320' title='bbox 835 4000 866 4049; x_wconf 87' lang='lat' dir='ltr'>ad</span> <span class='ocrx_word' id='word_1_321' title='bbox 878 4016 928 4050; x_wconf 93' lang='lat' dir='ltr'>non</span> <span class='ocrx_word' id='word_1_322' title='bbox 940 4008 964 4049; x_wconf 90' lang='lat' dir='ltr'>et</span> <span class='ocrx_word' id='word_1_323' title='bbox 977 3998 1104 4063; x_wconf 81' lang='lat' dir='ltr'>regulante</span> <span class='ocrx_word' id='word_1_324' title='bbox 1116 4014 1199 4062; x_wconf 85' lang='lat' dir='ltr'>parva,</span> 
     </span>
     <span class='ocr_line' id='line_1_38' title="bbox 148 4063 1199 4138; baseline -0.006 -21"><span class='ocrx_word' id='word_1_325' title='bbox 148 4068 188 4118; x_wconf 86' lang='lat' dir='ltr'>ed.</span> <span class='ocrx_word' id='word_1_326' title='bbox 197 4083 234 4133; x_wconf 88' lang='lat' dir='ltr'>pr.</span> <span class='ocrx_word' id='word_1_327' title='bbox 300 4067 310 4096; x_wconf 82' lang='lat'>⁸</span> <span class='ocrx_word' id='word_1_328' title='bbox 326 4067 390 4133; x_wconf 82' lang='lat' dir='ltr'>regi]</span> <span class='ocrx_word' id='word_1_329' title='bbox 399 4068 475 4131; x_wconf 81' lang='lat' dir='ltr'>regni,</span> <span class='ocrx_word' id='word_1_330' title='bbox 486 4068 528 4121; x_wconf 85' lang='lat' dir='ltr'>B.;</span> <span class='ocrx_word' id='word_1_331' title='bbox 547 4083 631 4131; x_wconf 83' lang='lat' dir='ltr'>regno,</span> <span class='ocrx_word' id='word_1_332' title='bbox 641 4067 703 4116; x_wconf 72' lang='grc' dir='ltr'>ΜΣ.</span> <span class='ocrx_word' id='word_1_333' title='bbox 769 4068 778 4096; x_wconf 83' lang='lat'>¹</span> <span class='ocrx_word' id='word_1_334' title='bbox 795 4063 1199 4138; x_wconf 86' lang='lat' dir='ltr'>quantumlibet-nocumentum]</span> 
     </span>
     <span class='ocr_line' id='line_1_39' title="bbox 149 4129 1200 4196; baseline -0.004 -15"><span class='ocrx_word' id='word_1_335' title='bbox 149 4148 200 4182; x_wconf 73' lang='lat' dir='ltr'>om,</span> <span class='ocrx_word' id='word_1_336' title='bbox 213 4133 245 4181; x_wconf 93' lang='lat' dir='ltr'>D.</span> <span class='ocrx_word' id='word_1_337' title='bbox 377 4134 396 4163; x_wconf 83' lang='lat'>¹⁰</span> <span class='ocrx_word' id='word_1_338' title='bbox 412 4132 623 4196; x_wconf 79' lang='lat' dir='ltr'>tunc-maximo]</span> <span class='ocrx_word' id='word_1_339' title='bbox 636 4147 685 4181; x_wconf 86' lang='lat' dir='ltr'>om.</span> <span class='ocrx_word' id='word_1_340' title='bbox 698 4132 792 4182; x_wconf 61' lang='grc' dir='ltr'>ΑΒΕ.</span> <span class='ocrx_word' id='word_1_341' title='bbox 804 4132 843 4181; x_wconf 90' lang='lat' dir='ltr'>ed.</span> <span class='ocrx_word' id='word_1_342' title='bbox 855 4147 893 4195; x_wconf 84' lang='lat' dir='ltr'>pr.</span> <span class='ocrx_word' id='word_1_343' title='bbox 1020 4130 1039 4160; x_wconf 88' lang='lat'>¹¹</span> <span class='ocrx_word' id='word_1_344' title='bbox 1056 4129 1088 4178; x_wconf 87' lang='lat' dir='ltr'>ci.</span> <span class='ocrx_word' id='word_1_345' title='bbox 1101 4130 1140 4178; x_wconf 89' lang='lat' dir='ltr'>Ps.</span> <span class='ocrx_word' id='word_1_346' title='bbox 1152 4145 1200 4177; x_wconf 73' lang='lat' dir='ltr'>xix.</span> 
     </span>
     <span class='ocr_line' id='line_1_40' title="bbox 148 4198 323 4261; baseline -0.006 -14"><span class='ocrx_word' id='word_1_347' title='bbox 148 4198 237 4260; x_wconf 85' lang='lat' dir='ltr'>(xviii.)</span> <span class='ocrx_word' id='word_1_348' title='bbox 249 4214 271 4247; x_wconf 87' lang='lat' dir='ltr'>v.</span> <span class='ocrx_word' id='word_1_349' title='bbox 286 4211 323 4261; x_wconf 86' lang='lat'>14.</span> 
     </span>
    </p>
   </div>
   <div class='ocr_carea' id='block_1_6' title="bbox 0 0 1446 4836">
    <p class='ocr_par' dir='ltr' id='par_1_6' title="bbox 0 0 1446 4836">
     <span class='ocr_line' id='line_1_41' title="bbox 0 0 1446 4836; baseline 0 0"><span class='ocrx_word' id='word_1_350' title='bbox 0 0 1446 4836; x_wconf 95' lang='lat' dir='ltr'> </span> 
     </span>
    </p>
   </div>
  </div>
 </body>
</html>
