2864 4836
142 449 226 493 cara
267 425 755 490 SUPPLEMENTUM
784 431 1079 495 TRIALOGI.

144 587 262 650 denaus
285 591 465 668 sequeretur¹
490 592 668 668 oppositum.
711 591 770 652 Sed
793 605 909 670 oportet
933 614 1037 672 capere
1058 598 1096 656 ad
1121 597 1193 656 inie-

144 688 278 758 rendum,
290 689 370 765 quod
385 689 422 748 de
437 689 500 765 lege
511 689 567 748 Dei
582 700 612 748 et
622 690 761 749 ecclesiae
776 692 978 768 triumphantis
989 694 1033 752 vel
1047 695 1194 755 militantis

143 785 285 845 ecclesiae
299 785 436 846 fundatae
451 787 482 845 in
495 788 543 846 illa
556 787 620 864 lege
632 789 784 865 judicatur,
800 791 880 868 quod
894 809 1021 867 persona
1038 794 1194 870 conjuncta

144 884 232 943 debet
248 902 279 944 se
293 884 385 944 taliter
400 885 514 944 habere.

584 1285 678 1346 CAP.
701 1287 753 1345 1v.

245 1441 357 1519 Papam
371 1444 538 1523 essesnnlem
552 1447 687 1520 nequtltiu
699 1446 787 1502 omnis
801 1444 831 1501 t‘n
845 1444 953 1502 ecclesiia
968 1444 1092 1521 vagentis.

183 1598 230 1658 Ex
257 1599 319 1659 istis
346 1601 506 1659 rationibus
534 1611 630 1678 potest
655 1601 751 1677 colligi
780 1601 840 1661 vel¹
867 1601 1080 1672 Avinionicus³,
1105 1620 1194 1678 quem

144 1695 232 1774 aliqui
245 1707 352 1757 vocant
370 1716 478 1775 papam
499 1710 547 1757 aut
567 1717 715 1758 summurn
734 1709 763 1758 et
783 1699 982 1758 immediatum
997 1698 1104 1769 Christi
1118 1701 1193 1759 vica-

141 1795 217 1854 rium
241 1796 272 1853 in
296 1797 387 1867 terris,
412 1797 447 1855 sit
470 1796 536 1855 lons
559 1807 587 1855 et
611 1797 694 1872 origo
720 1798 806 1856 totius
829 1799 975 1874 nequitiae
1000 1798 1031 1855 in
1054 1796 1193 1856 militante

141 1893 273 1964 ecclesia,
303 1911 337 1952 ac
365 1895 389 1953 si
416 1892 491 1953 foret
524 1895 699 1971 praecipuus
732 1895 923 1954 antichristus.
979 1894 1059 1953 Nam
1089 1912 1194 1954 omnes

140 1990 221 2068 leges
240 1991 404 2069 praedictae
423 1991 539 2068 iniquae
554 1994 626 2051 sicut
642 2002 670 2051 et
685 1993 873 2051 executiones
892 2010 992 2052 earum
1007 1993 1045 2051 ab
1059 1991 1107 2051 illo
1122 1992 1192 2051 nido

140 2088 258 2148 trahunt
272 2090 424 2166 originem.
466 2088 554 2149 Unde
573 2092 636 2167 ipse
655 2092 685 2149 in
705 2108 833 2167 persona
851 2102 947 2151 suaet
966 2109 1085 2150 auorum
1100 2092 1192 2150 cardi·

1274 452 1338 518 423

1226 2102 1383 2178 anasum

140 2187 250 2246 nalium
265 2187 448 2265 blasphemat
458 2188 610 2248 manifeste
621 2190 651 2247 in
663 2189 820 2260 Christum,
832 2207 899 2248 cum
914 2209 965 2267 per
976 2190 1064 2249 vitam
1076 2188 1191 2249 Christo
1288 2194 1299 2217 ¹¹
1307 2193 1356 2250 Ψ)

140 2287 236 2363 magis
258 2288 432 2345 contrariam
453 2287 587 2347 vendicat
611 2287 691 2345 illum
716 2298 837 2346 statum:
870 2287 1003 2348 Christus
1023 2290 1102 2347 enim
1123 2290 1191 2347 vixit

139 2384 229 2442 vitam
237 2387 450 2460 pauperrimam
471 2386 559 2443 vitam
573 2385 763 2445 humillimam
778 2396 806 2444 et
820 2387 908 2444 vitam
922 2386 1190 2445 obedientissimam

140 2480 222 2540 Deo⁴
247 2484 321 2559 patri
328 2502 336 2555 ;
369 2485 422 2541 iste
448 2494 543 2542 autern
568 2484 634 2542 vivit
658 2485 780 2542 omnino
806 2485 957 2554 contrarie,
978 2502 1046 2542 cum
1067 2485 1096 2542 in
1118 2483 1190 2543 lacie

140 2579 280 2639 ecclesiae
305 2590 445 2657 tanquam
470 2582 605 2657 princeps
634 2580 735 2640 mundi
763 2583 891 2640 maxime
914 2592 958 2640 est
987 2582 1111 2640 dotatus.
1153 2581 1191 2641 Et

141 2688 284 2756 quantum
303 2679 341 2737 ad
359 2679 539 2738 kaminatam
557 2681 641 2750 vitae,
661 2679 707 2738 hic
728 2680 910 2739 antichristus
924 2681 1057 2739 vendicat
1077 2699 1108 2739 se
1128 2699 1191 2740 esse

141 2775 255 2835 Deum⁶
269 2777 299 2834 in
314 2777 405 2847 terris,
420 2785 449 2836 et
466 2776 610 2835 infinitum
631 2796 718 2854 super
737 2779 809 2837 alios
829 2789 920 2838 status
938 2778 1078 2841 ecclesiae
1097 2779 1191 2838 domi·

141 2875 213 2934 nari.
254 2874 292 2933 Et
315 2885 457 2952 quantum
483 2875 716 2941 adobedienttiam
738 2877 827 2952 legum
848 2876 913 2947 Dei,
935 2877 982 2937 hic
1007 2878 1191 2937 antichristus

139 2974 293 3051 postponit
313 2984 342 3032 et
363 2974 523 3032 contemnit
544 2974 648 3049 partim
669 2991 807 3050 expresse
828 2986 855 3033 et
877 2977 981 3051 partim
1002 2978 1086 3035 tacite
1106 2977 1190 3034 istam

139 3070 245 3147 legem,
264 3081 294 3130 et
311 3090 392 3130 suam
412 3071 507 3146 legem
526 3071 583 3147 legi
603 3070 709 3130 Christi
729 3073 902 3131 contrariam
922 3075 1081 3149 anteponit,
1099 3084 1128 3132 et
1149 3074 1189 3132 sic

140 3186 202 3228 non
223 3170 358 3229 obstante
380 3169 460 3246 quod
482 3170 535 3228 ista
556 3169 677 3228 Christi⁸
698 3170 827 3229 conditio
850 3171 883 3229 sit
904 3189 987 3230 versa
1007 3173 1037 3229 in
1058 3171 1190 3230 domina-

139 3267 251 3326 tionem
265 3267 454 3338 mundanam,
474 3269 505 3326 in
526 3280 730 3327 contumacem
751 3279 780 3327 et
799 3267 1002 3345 blasphemam
1023 3272 1189 3346 superbiam

139 3374 168 3423 et
182 3366 214 3424 in
225 3366 411 3425 rebellionem
425 3365 671 3425 abhominabilem
686 3365 851 3436 antichristi,
863 3377 961 3424 tamen
973 3386 1040 3425 cum
1052 3369 1188 3428 omnibus

139 3463 200 3523 istis
215 3463 297 3540 fingit
311 3465 496 3535 mendaciter,
512 3464 592 3539 quod
607 3465 642 3522 sit
662 3481 792 3522 summus
806 3465 928 3522 vicarius
946 3463 1017 3541 Jesu
1031 3465 1145 3535 Christi,
1161 3477 1190 3525 et

140 3559 192 3620 adr
206 3570 318 3620 tantum
333 3561 477 3638 praevalet
488 3579 555 3619 cum
570 3562 629 3620 suis
641 3561 819 3620 scholaribus
832 3571 892 3619 tam
907 3561 1083 3622 secularibus
1095 3564 1187 3622 domi-

138 3659 185 3719 nis
205 3677 295 3735 quam
316 3661 404 3718 etiam
425 3660 534 3719 vocatis
553 3660 664 3718 clericis
682 3659 762 3735 quod
782 3660 828 3717 iix
849 3678 927 3717 unus
947 3671 991 3718 est
1008 3661 1118 3720 bonus⁸
1140 3662 1189 3737 qui

139 3756 225 3816 audet
236 3774 290 3834 pro
298 3768 380 3834 parte
389 3756 525 3816 Domini⁹
535 3758 700 3827 reclamare,
711 3775 777 3816 cum
787 3756 970 3817 antichristus
981 3757 1040 3816 fere
1051 3759 1189 3836 subjuga-

173 3938 181 3968 ¹
199 3936 350 4000 sequeretur]
363 3936 478 4000 sequitur,
490 3936 569 3986 a.b.C.
694 3937 703 3966 ¹
719 3937 770 4001 vel]
779 3954 829 4031 pro
839 3939 882 3994 nel,
895 3938 961 4002 quod
973 3939 1078 3989 Codices
1089 3939 1189 3997 habent,

140 4001 319 4065 conjiciendum
331 4017 384 4052 esse
396 4002 491 4051 videtur
501 4019 506 4049 ι
524 4003 592 4065 quod.
806 4004 980 4068 Avinionicus]
993 4005 1154 4062 Asinonicus,
1165 4022 1188 4054 a.

138 4067 148 4097 ⁴
165 4067 234 4131 Deo]
248 4067 305 4122 Dei,
317 4067 346 4117 C.
478 4068 488 4095 ⁵
505 4066 599 4131 Deum]
614 4068 694 4116 Deum
706 4067 754 4122 hic.
768 4068 858 4118 hnc.
998 4070 1008 4098 ⁸
1025 4070 1071 4119 ista
1083 4071 1188 4135 Christi]

138 4134 249 4186 istamm,
261 4133 290 4183 C.
389 4131 398 4158 ⁷
415 4131 459 4195 ad]
472 4133 505 4187 in,
518 4133 549 4180 Α.
658 4133 667 4160 ⁸
683 4148 746 4181 unus
757 4141 794 4182 est
805 4133 898 4197 bonus]
911 4135 991 4184 bonus
1003 4151 1052 4184 om.
1064 4136 1108 4192 C.;
1126 4152 1189 4186 unus

138 4213 188 4248 om.
200 4199 249 4248 ab.
348 4196 357 4226 ⁹
374 4214 419 4261 pro
431 4206 500 4261 parte
514 4197 628 4261 Domini]
641 4206 741 4262 propter
754 4199 843 4255 Deum,
856 4201 885 4248 C.

1225 2266 1271 2299 rium
1279 2276 1299 2299 sc
1305 2274 1347 2299 sae

1225 2307 1325 2348 perhibens
1332 2305 1381 2339 blas·

1225 2347 1327 2423 albeli
