2864 4836
136 467 230 511 car-rr
498 448 836 510 TRIALOGUS.

136 615 195 667 etc
236 607 274 667 Et
288 609 361 669 haec
381 612 462 681 ratic,
484 628 573 687 quare
593 619 711 670 sanctus
730 610 888 687 apostolus,
908 621 940 670 ut
958 619 1037 687 patet
1055 628 1066 668 r
1086 608 1154 669 Cor.
1169 610 1187 668 i.

137 712 171 766 ct
183 706 230 777 iil,
245 723 307 765 non
325 708 450 767 audebat
464 708 647 768 introducere
666 709 738 768 tales
756 717 859 769 sectas.
902 707 990 768 Unde
1008 708 1075 767 licet
1088 707 1190 767 fratres

138 801 234 863 ferant
247 807 369 881 graviter
383 806 463 883 quod
484 815 585 865 nostra
604 806 705 883 religio
727 807 769 866 sic
789 806 903 866 excedit
924 824 1017 878 suam,
1032 807 1100 884 quia
1121 817 1190 866 tunc

138 898 215 959 foret
238 902 444 961 rationabiliter
465 902 647 974 destruenda,
672 903 925 980 circumpalpitant
949 903 1059 963 circum
1084 904 1190 962 confir·

138 1000 299 1060 mationem
310 1002 354 1060 sui
365 1002 474 1061 ordinis
485 1019 503 1059 a
515 1000 652 1060 Romana
666 1003 753 1072 curia,
765 1013 795 1061 et
808 1003 946 1079 pictacias
960 1019 1029 1061 suae
1040 1001 1191 1077 religionis

138 1097 179 1157 de
198 1115 276 1176 papa
296 1098 432 1158 simulant
452 1099 643 1160 multifonnes
663 1100 835 1176 probantes¹
851 1118 888 1159 ex
904 1099 972 1169 hoc,
986 1099 1067 1176 quod
1087 1099 1154 1159 licet
1173 1116 1192 1156 a

137 1193 280 1272 religione
300 1196 439 1257 saecrrlari
460 1197 580 1256 transire
600 1195 639 1256 ad
659 1197 809 1274 religiosos
829 1198 1066 1274 possessionatos
1087 1213 1191 1256 secun·

140 1291 212 1352 dum
234 1295 341 1370 gradus
365 1311 467 1354 eorum
489 1294 672 1371 multiplices,
692 1303 721 1353 et
743 1296 781 1354 ab
800 1294 846 1354 his
866 1293 905 1354 ad
924 1293 1044 1353 fratrum
1065 1294 1190 1364 ordines,

138 1392 278 1468 sequitur,
292 1393 374 1469 quod
394 1391 512 1451 ordines
532 1392 650 1451 istarum
672 1402 816 1451 sectarum
837 1401 905 1452 sunt
925 1391 1053 1451 infinitae
1068 1391 1191 1450 auctori·

138 1489 207 1549 tatis
220 1489 330 1549 ordinis
345 1488 525 1561 Christiani²,
540 1499 570 1549 et
584 1490 626 1549 sic
641 1492 671 1548 in
685 1491 907 1568 quibuscunque
922 1490 1026 1549 ceteris
1040 1489 1191 1548 ordinibus

139 1586 323 1666 spiritualiter
344 1588 478 1659 altiores3
507 1597 536 1646 et
557 1587 582 1647 si
603 1587 669 1664 quis
689 1587 815 1658 auderet,
831 1587 947 1664 possct³
968 1586 1063 1646 dicere
1084 1603 1191 1646 conce·

139 1683 250 1756 dendo,
264 1684 345 1761 quod
359 1686 430 1744 istae
445 1693 543 1744 sectae
557 1683 677 1744 fratrum
694 1695 762 1745 sunt
775 1686 904 1744 infinitae
924 1683 1109 1754 auctoritatis,
1123 1684 1192 1759 quia

139 1781 197 1841 sub
217 1783 294 1841 non⁴
314 1782 407 1860 gradu
428 1783 606 1842 auctoritatis
627 1781 658 1841 in
678 1782 803 1841 termino
823 1781 989 1852 inclusivol,
1009 1789 1039 1839 et
1059 1781 1128 1839 hinc
1149 1781 1191 1839 sic

139 1889 280 1956 expetunt
299 1898 317 1938 a
336 1897 415 1957 papa
433 1881 687 1939 confirmationem
708 1880 752 1938 sui
771 1879 881 1938 ordinis
902 1889 931 1938 et
949 1877 1055 1937 multas
1068 1878 1189 1936 innova·

140 1974 252 2038 tiones⁸
272 1995 389 2038 suarum
410 1979 544 2054 partium,
566 1978 608 2036 sic
629 1977 711 2053 quod
731 1978 755 2037 si
775 1976 908 2036 mutans'
928 1976 983 2035 hos
1007 1974 1125 2034 ordines
1145 1974 1190 2033 vel

140 2075 216 2135 dans
229 2075 271 2134 eis
284 2076 427 2153 majorem
446 2085 560 2152 partem
581 2091 651 2134 suae
670 2073 760 2134 vitae⁸
780 2075 867 2134 debet
889 2074 947 2133 dici
968 2089 1070 2131 eorum
1091 2080 1192 2148 patro·

140 2189 197 2232 nus
216 2174 351 2250 proprius
371 2173 416 2231 vel
440 2172 586 2244 fundator,
608 2183 677 2231 tunc
703 2174 774 2232 istae
797 2183 894 2232 sectae
919 2180 1055 2249 quattuor
1078 2169 1190 2228 mendi-

140 2279 241 2330 cantes
262 2271 371 2329 debent
392 2271 449 2330 dici
470 2270 571 2330 fratres
592 2270 720 2348 papales,
742 2272 898 2348 plusquam
920 2269 1022 2329 fratres
1042 2267 1191 2327 Dominici

140 2368 186 2428 vel
209 2367 373 2440 Francisci;
406 2387 483 2440 curn,
508 2379 540 2428 ut
561 2368 687 2439 dicitur⁰,
708 2368 883 2428 Dominicus
904 2367 1077 2445 apostatavit
1097 2384 1115 2425 a
1136 2383 1191 2425 suo

141 2465 252 2538 ordine,
266 2467 311 2526 vel
325 2476 404 2525 tenet
418 2484 488 2543 pure
500 2484 537 2525 ex
551 2466 665 2544 integro
679 2467 811 2543 regulam
824 2465 996 2543 Augustini;
1019 2463 1191 2522 Franciscus

140 2573 239 2623 autem
266 2564 366 2624 dicitru
399 2564 574 2641 compilasse
603 2581 755 2623 sermones
791 2556 869 2622 tante
895 2564 1081 2638 incongruos,
1110 2561 1191 2636 quod

141 2661 241 2720 fratres
256 2663 301 2720 sui
311 2663 487 2720 crubescunt
498 2661 627 2737 regulam
642 2678 726 2720 suam
740 2661 910 2731 ostendere;
932 2660 985 2719 sed
999 2659 1190 2736 particulatim

141 2758 307 2835 colligendo
329 2758 366 2818 de
387 2760 471 2835 papis
491 2759 606 2835 regulas
626 2759 670 2817 sui
691 2758 811 2829 ordinis,
826 2770 964 2835 tanquam
979 2776 1093 2817 scurrae
1108 2775 1190 2816 man·

141 2857 266 2916 tellum¹⁰
281 2874 366 2915 suum
380 2875 416 2915 en
431 2857 555 2934 pictatiis
568 2855 679 2915 variis¹¹
698 2857 899 2917 mendicantes
913 2857 1091 2933 collegerunt
1105 2873 1190 2915 suum

141 2954 276 3013 ordinem
297 2953 465 3013 multotiens
485 2955 665 3012 innovatum.
707 2954 753 3013 De
775 2955 889 3014 duabus
910 2965 1008 3014 autem
1029 2955 1115 3013 sectis
1128 2953 1190 3012 aliis

140 3051 252 3110 videtur
272 3051 441 3123 evidentius,
463 3051 544 3129 quod
567 3070 655 3128 saepe
679 3053 822 3111 mutando
846 3069 917 3111 suos
938 3052 1052 3111 habitus
1072 3068 1190 3127 proces·

139 3160 241 3209 serunt
261 3150 431 3209 instabiliter
449 3160 589 3226 tanquam
610 3150 758 3209 naviculae
779 3149 953 3208 fluctuantes
973 3150 1003 3207 in
1022 3148 1095 3206 mari
1108 3148 1190 3206 vacui

139 3247 251 3306 infiniti
293 3248 356 3307 Ista
374 3265 445 3325 ergo
459 3257 503 3307 est
523 3246 655 3307 fundatio
675 3247 790 3307 illorum
811 3247 964 3319 ordinum;
993 3256 1024 3304 et
1044 3246 1067 3305 si
1088 3245 1191 3303 debilis

137 3343 299 3404 fundatio¹²
322 3343 393 3403 fallit
417 3361 500 3421 opus,
526 3361 588 3403 non
612 3345 726 3414 mirum,
751 3345 775 3403 si
804 3345 850 3402 isti
877 3343 994 3402 ordines
1019 3341 1191 3401 defraudant

139 3442 303 3502 ecclesiam.
344 3440 433 3501 Unde
447 3441 549 3502 fratres
562 3443 609 3501 isti
622 3442 752 3502 videntes
770 3441 915 3501 defectum
930 3458 999 3499 suae
1014 3437 1191 3498 fundationis

139 3539 249 3609 dicunt,
275 3540 357 3616 quod
382 3558 443 3599 non
468 3539 576 3599 habent
600 3540 656 3598 nisi
682 3539 853 3616 religionem
873 3539 918 3598 vel
939 3537 1072 3597 ordinem
1094 3536 1191 3596 Chris·

174 3703 334 3769 ¹probantes
358 3703 633 3769 procedentes,A.B.C.
750 3702 930 3753 ¹auctoritatis
940 3702 1034 3752 ordinis
1045 3700 1191 3766 Christiani]

140 3769 336 3820 auctoritatisC
368 3770 477 3826 'tianae
498 3768 536 3818 ed.
557 3785 610 3833 pr.;
638 3769 793 3818 auctoritatis
812 3768 912 3824 ordinis,
935 3769 964 3818 B.
984 3768 1077 3833 primae
1097 3782 1190 3816 manus.

140 3833 503 3948 '‘possetqetnpossecedpr.
610 3833 682 3928 :sub
693 3834 756 3912 non]
767 3850 819 3884 non
830 3836 884 3910 sub,
896 3834 934 3885 ed.
946 3850 983 3899 pr.
1028 3897 1034 3908 ⁸
1090 3831 1192 3908 {inclu-

140 3897 244 3963 srvoJrn
268 3915 346 3957 ustae,
357 3901 390 3949 A.
402 3900 440 3949 ed.
453 3915 490 3964 pr.
639 3898 730 3950 multas
741 3898 924 3963 innovationes]
936 3899 1080 3948 multotiens
1090 3912 1191 3946 innova-

140 3964 336 4030 tioncm,edpr.
401 3963 411 3994 ¹
427 3963 538 4028 mutans]
549 3964 655 4021 imitans,
666 3964 704 4014 ed.
714 3981 767 4030 pr.;
784 3971 889 4022 mutant,
898 3964 991 4014 A.B.C.
1058 3964 1068 3990 ⁸
1084 3961 1192 4011 veldans

140 4026 305 4143 pisdlmqjorem
314 4036 409 4144 paqtelrp
422 4045 480 4080 suae
488 4029 566 4125 vigae]
576 4029 668 4144 opium
675 4029 883 4144 primaeffllmanuslq
893 4029 959 4144 ἐξ.
968 4026 1089 4122 secundqq
1095 4041 1190 4103 mantis.

140 4093 450 4225 astillian„
541 4094 1058 4224 ltndtittflrmmaa.
1071 4090 1192 4208 affl}

141 4237 240 4274 manus.

1256 343 1392 354 ..ὴ-..ῃ

1269 453 1332 536 3⁶3

1223 618 1358 702 bilibit.

1224 701 1299 735 ordines
1306 701 1362 735 infini-

1224 746 1263 777 turn
1270 747 1352 784 mpetu.
