2864 4836
499 427 756 508 soannrs
796 428 1015 492 wrctrr’
1203 456 1282 494 ω.

230 605 292 646 non
306 587 384 664 capit
399 585 549 665 auiirgium
562 607 615 666 per
628 586 756 650 cautelas
769 589 932 663 bominum,
947 590 1005 652 aed
1017 610 1062 652 eo
1076 593 1148 671 ipso
1162 592 1283 670 infligi!

229 703 289 764 quo
311 695 407 744 reatus
428 686 589 757 incurritur,
610 697 639 745 et
658 686 736 746 istud
754 697 801 746 est
820 688 935 766 gravius
957 706 1054 766 qmm
1076 689 1230 752 damnatio
1245 685 1282 749 ni

230 783 423 853 haereticatio,
438 801 527 860 quam
541 783 661 859 praelati
675 782 804 844 Caesarii
818 785 913 844 sciunt
926 784 1078 864 infligere.

269 884 308 943 Et
321 885 359 944 ad
366 886 493 960 primam
507 885 673 944 instantiam
689 885 784 945 tuam¹
797 886 965 963 respondeo
984 886 1201 956 concedendo,
1213 880 1282 962 qul

229 1000 316 1059 saepe
337 992 439 1041 contra
459 994 548 1058 caput
568 1000 667 1042 meum
687 993 716 1042 et
740 983 961 1060 prosperitatem
982 1001 1089 1044 meam
1111 983 1282 1045 mundam

228 1080 333 1156 protuli
352 1080 438 1140 istam
457 1080 646 1153 εεηῐεηῑίεω;
675 1081 730 1140 sed
748 1099 817 1140 cum
832 1080 964 1141 desnre
977 1091 1009 1141 et
1025 1082 1096 1160 ejus
1110 1079 1282 1161 apotoliri:

227 1175 358 1237 fecerunt
375 1188 404 1237 et
423 1194 460 1237 ex
481 1176 549 1237 hinc
570 1176 716 1237 credimus
728 1178 810 1255 quod
828 1177 890 1256 jam
910 1177 1026 1237 suntin
1047 1181 1151 1255 patria
1163 1173 1282 1256 gladon]

228 1275 293 1353 quis
320 1273 412 1335 fidelis
440 1273 571 1334 dubitare
599 1274 705 1334 debeat
730 1274 915 1351 promulgare
946 1283 977 1334 et
1010 1272 1178 1336 defendere
1204 1272 1283 1334 veta

228 1372 356 1434 Christi?
384 1371 544 1450 specialiter
564 1389 633 1432 cum
653 1371 731 1432 dicat
751 1373 831 1448 ipse:
860 1372 927 1449 ‘qui
947 1389 996 1431 me
1017 1373 1173 1433 erubuerit
1188 1382 1284 1432 etaer-

228 1488 332 1530 mones
347 1488 431 1530 meos
445 1487 545 1530 coram
559 1469 735 1540 hominibus,
748 1469 827 1530 hunc
840 1478 870 1528 et
884 1468 973 1528 Filius
984 1469 1121 1531 hominis
1135 1471 1281 1531 erubem

227 1586 328 1629 coram
352 1568 462 1646 angelis
486 1567 560 1627 Dei'
611 1567 676 1628 Nec
700 1566 802 1627 dubito
826 1567 898 1644 quin
921 1583 977 1626 nec
999 1568 1077 1627 ratio
1103 1565 1182 1628 nec¹
1202 1562 1281 1626 ναι*

228 1666 409 1726 canonisatio
430 1665 630 1726 contradicent
650 1665 806 1742 praedictis
818 1664 913 1724 verbis
926 1661 1051 1723 Domini
1072 1673 1104 1724 et
1126 1663 1283 1733 doetrinae,

228 1782 296 1823 cum
316 1764 420 1823 veritas
440 1781 501 1822 non
522 1772 620 1840 potest
640 1762 838 1822 contradicere
859 1760 978 1821 veritati.
1018 1759 1060 1820 Et
1081 1772 1229 1839 quantum
1247 1756 1283 1819 sd
1326 1770 1328 1783 '

117 1835 185 1953 ,ω’
228 1861 479 1921 canonisationem
504 1860 645 1933 Silvestrt',
669 1859 808 1940 Gregorei'
827 1870 856 1920 et
876 1860 1007 1931 aliomm,
1029 1860 1081 1938 qui
1101 1860 1283 1922 dotatiom

228 1959 367 2019 ecclesiae
382 1969 575 2038 acceptarunt,
592 1959 693 2019 dicitur
707 1977 769 2019 non
787 1957 1012 2020 scandalisando
1025 1958 1073 2018 vel
1093 1957 1283 2036 depravando

227 2057 282 2117 hos
303 2067 430 2128 sanctos,
451 2055 547 2135 quod⁴
568 2066 736 2135 reputamus
756 2055 810 2116 sed
831 2072 893 2116 non
914 2074 951 2115 ex
971 2055 1029 2114 fide
1050 2054 1202 2116 credimus
1220 2056 1283 2116 illos

227 2154 316 2214 fuisse
338 2156 370 2214 in
391 2155 438 2214 via
461 2174 498 2215 ex
519 2155 575 2215 Dei
598 2156 691 2233 gratia
711 2172 730 2213 a
751 2154 867 2214 macula
888 2153 1095 2230 temporalium
1114 2153 1282 2232 depmatoa

229 2252 287 2312 Sea
301 2253 367 2328 quis
381 2236 483 2312 antus
497 2253 652 2313 dimitteret
667 2252 773 2313 censs
792 2252 905 2312 monta
923 2262 1011 2329 atque
1028 2251 1153 2312 mama
1166 2263 1283 2330 propter

227 2351 283 2409 hoc
297 2350 378 2427 quod
390 2369 467 2410 unus
480 2352 682 2428 praevaricans
695 2368 732 2408 ex
747 2348 803 2408 Dei
816 2350 908 2426 gratia
921 2350 957 2409 sit
969 2347 1116 2409 salvatus?
1160 2348 1193 2409 Si
1206 2350 1281 2409 enim

226 2466 302 2507 unus
315 2466 352 2506 ex
366 2449 535 2527 praecipitio
545 2449 590 2508 vel
604 2447 772 2524 supposito⁸
782 2446 911 2524 periculo
926 2464 964 2506 ex
978 2464 1067 2506 causa
1080 2446 1168 2506 nobis
1182 2448 1282 2523 incog-

228 2546 287 2604 nita
297 2546 441 2617 liberatur,
452 2547 518 2623 quis
532 2555 693 2623 exponeret
707 2564 738 2604 se
749 2545 896 2604 frontose⁸
906 2544 1010 2622 majori
1021 2544 1153 2621 periculo
1165 2555 1282 2621 propter

227 2643 323 2702 istud?
344 2653 374 2702 et
388 2644 455 2703 dico
469 2643 572 2721 majori
587 2643 740 2720 pericmm,
755 2644 823 2720 quia
842 2644 933 2702 nostri
952 2641 1071 2719 praelati
1084 2642 1176 2719 longe
1190 2643 1281 2718 magis

227 2741 321 2800 illicite
344 2751 372 2800 et
393 2741 519 2801 nefande
539 2741 612 2801 hacc
634 2741 806 2819 temporalia
827 2739 1058 2816 amplectuntur?
1094 2739 1133 2799 Et
1151 2741 1195 2799 sic
1212 2757 1281 2799 con·

228 2839 301 2898 cedo
316 2841 377 2910 tibi,
392 2839 472 2915 quod
493 2850 552 2898 tarn
567 2840 640 2898 ratio
661 2856 752 2915 quam
772 2838 818 2896 lex
833 2837 889 2897 Dei
910 2838 1008 2913 exigit,
1023 2837 1105 2914 quod
1122 2839 1281 2915 praecipuo

227 2935 283 2994 Dei
308 2954 391 2994 servo
417 2936 512 2995 debite
537 2937 567 2994 in
589 2936 797 3013 temporalibus
821 2936 1005 3005 ministretur,
1027 2952 1095 2993 cum
1117 2934 1201 2994 Deus
1222 2953 1281 2994 non

227 3044 323 3108 potest
345 3036 374 3092 in
395 3035 452 3094 isto
472 3034 604 3104 deficere,
626 3032 678 3093 sed
699 3043 759 3091 tam
780 3033 853 3091 ratio
875 3032 932 3092 Dei
956 3050 1045 3109 quam
1065 3033 1173 3092 utilitas
1195 3031 1282 3092 servi⁸

227 3132 353 3208 requirit,
368 3131 448 3208 quod
463 3149 524 3189 non
539 3131 625 3189 nimis
644 3132 706 3189 istis
726 3131 933 3207 temporalibus
952 3140 1095 3189 oneretur.
1113 3136 1117 3145 ‘
1141 3130 1202 3192 Sed
1216 3149 1282 3190 cum

226 3229 299 3288 haec
314 3230 485 3305 temporalia
495 3247 556 3287 non
570 3230 683 3305 prosint
694 3229 875 3299 habentibus,
887 3228 942 3287 nisi
957 3228 994 3287 de
1004 3238 1114 3306 quanto
1129 3228 1281 3289 habilitant

227 3344 329 3385 eorum
350 3327 478 3386 officium
498 3344 558 3404 quo
580 3326 618 3385 ad
639 3325 745 3397 Deum,
766 3337 845 3402 patet
866 3327 947 3402 quod
968 3327 1010 3384 vir
1033 3326 1222 3402 evangelicus
1247 3327 1282 3386 de

227 3435 336 3501 quanto
358 3427 513 3501 pauperius
534 3425 648 3501 supplet
669 3442 754 3484 suum
774 3423 911 3494 officium,
932 3422 969 3484 de
990 3433 1072 3482 tanto
1093 3424 1159 3500 plus
1180 3427 1283 3485 ceteris

228 3524 346 3599 paribus
372 3523 468 3599 placet
493 3523 618 3582 Christo.
660 3521 734 3581 Ideo
764 3522 837 3580 sicut
865 3539 926 3580 non
955 3521 1070 3598 proficit
1094 3523 1178 3598 quod
1202 3524 1283 3583 navis

228 3630 356 3696 portetur
377 3622 414 3679 ab
435 3621 634 3679 itinerantibus
654 3629 811 3696 postquam
832 3637 939 3695 aquam
960 3618 1079 3677 fluidam
1100 3622 1283 3698 navigarunt,

228 3717 285 3776 sic'
306 3735 367 3775 non
388 3719 507 3795 prodest
522 3719 607 3778 nobis
621 3717 702 3795 quod
716 3717 843 3776 anlm0¹⁰
859 3727 1011 3794 portemus
1031 3719 1205 3795 temporalia
1217 3719 1283 3796 plus

261 3885 269 3913 ¹
287 3883 367 3950 tuam]
379 3900 429 3935 om.
441 3885 480 3934 ed.

228 3950 266 3999 ed.
278 3966 315 4015 pr.
412 3949 422 3979 ⁸
439 3900 509 4014 νοτες
520 3957 593 4006 recta,
606 3949 636 3999 C.
647 3965 704 4007 una,
717 3949 779 4044 ΑΕΒ.
792 3951 886 4026 primae
898 3964 992 4025 manus,
1004 3949 1043 3999 ed.
1086 3985 1092 3996 .
1175 3949 1282 4063 ⁴·de

228 4015 628 4145 iiii'ilciffl⁰m²¹¹⁰⁵'
658 4015 1283 4155 2,satuti-ittae,sisaasti:

228 4146 237 4172 ⁸
254 4153 305 4221 tarn
317 4145 379 4221 ratio
387 4146 439 4221 'Dei
450 4160 524 4210 quam
536 4145 629 4196 utilitas
640 4144 716 4222 servi]
727 4153 778 4194 tam
787 4146 938 4222 ¹ratioquum
950 4144 1044 4194 utilitas
1052 4143 1100 4194 Det
1112 4159 1183 4200 sem,
1193 4145 1232 4194 ed.
1245 4161 1283 4210 pr.

227 4211 236 4240 ⁹
254 4210 301 4274 stc]
314 4227 349 4261 sic
361 4219 443 4268 etiam,
454 4211 492 4261 ed.
505 4227 541 4275 pr.
642 4212 661 4244 ¹⁰
677 4210 773 4274 animo]
786 4226 811 4260 ιη
822 4225 914 4266 animo.
925 4210 964 4261 ed.
975 4225 1013 4275 pr.

511 3901 529 3934 r.
680 3884 690 3913 ¹
706 3899 752 3934 nec
764 3884 827 3934 ratio
838 3882 896 3949 uec]
908 3883 971 3933 ratio
981 3883 1028 3939 vel,
1040 3882 1068 3931 B.
1080 3884 1176 3948 primae
1186 3900 1283 3940 manne

1126 4309 1239 4352 chlal!
