2864 4836
499 398 757 480 Jonnurs
797 398 1032 461 mem
1226 421 1297 456 m.

234 574 381 625 creaturae
406 562 462 622 Dei
490 564 566 623 sicut
592 573 622 622 et
649 561 761 633 fratres,
784 570 815 620 et
841 560 958 622 babent
988 564 1205 622 communiter
1226 559 1296 618 veh·

234 661 443 722 exhortationis
464 661 530 738 plus
550 660 688 731 efficacis,
702 677 792 737 quare
811 676 874 719 non
895 670 1035 736 possunt
1050 661 1113 739 ipsi
1135 668 1296 736 ooopem

234 761 291 820 Dei
312 761 405 837 gratia
423 760 569 837 corripere
587 767 617 818 et
635 760 781 836 corrigere
801 758 944 818 dominos
966 759 1185 836 temporales?
1218 755 1295 816 Num·

235 860 305 936 quid
319 859 421 918 fratres
434 858 523 918 velint
536 868 648 917 tantam
662 857 877 917 indurationem
890 856 923 915 in
942 858 1088 918 dominis
1102 859 1180 935 ipsis
1193 871 1294 936 power

236 957 317 1034 quod
331 958 403 1016 sieut
417 957 473 1033 ipsi
486 956 683 1033 impediuntur
697 973 716 1015 a
728 964 811 1032 patre
824 971 879 1014 suo
897 954 1052 1016 dominos
1073 957 1145 1016 illos
1165 955 1293 1029 oorrigut

236 1057 307 1131 quin
328 1055 425 1132 potius
445 1054 484 1114 ad
504 1055 631 1114 deterius
651 1054 769 1130 agitare,
784 1053 827 1112 sic
846 1054 1073 1113 necessitentur
1092 1055 1194 1113 cuncti
1215 1068 1294 1129 popu·

237 1154 311 1213 lares
329 1153 547 1212 communicare
561 1170 708 1211 venenum
723 1150 828 1211 diaboli
845 1150 917 1228 ipsis
939 1151 1081 1212 dominis
1100 1155 1180 1212 sicut
1198 1150 1294 1210 trans

156 1285 191 1342 ὦ.
239 1250 327 1310 Unde
342 1250 413 1309 alias
428 1250 496 1321 diri,
507 1267 568 1326 quo
582 1250 621 1308 ad
635 1250 759 1325 primam
773 1258 886 1325 partem
899 1251 1084 1321 sententiae,
1096 1249 1183 1328 quod
1196 1245 1294 1307 domiui

48 1358 75 1385 ¹²¹
97 1400 144 1424 m,
190 1358 201 1381 ¹
239 1348 415 1425 temporales
436 1348 546 1407 habent
566 1357 741 1424 potestatem
762 1367 781 1407 a
800 1346 867 1406 Deo
891 1363 1088 1417 concessam,
1110 1358 1145 1406 ut
1167 1355 1246 1424 patet
1262 1342 1294 1402 sd

106 1481 197 1546 2⁰2⁶*-
239 1446 394 1506 Romanos
417 1446 487 1518 xiii,
508 1445 546 1504 ad
567 1447 644 1506 viros
668 1445 879 1504 ecclesiasticos
900 1445 1128 1520 castigandum,
1172 1440 1294 1504 Mirabile

74 1562 133 1589 Μ
239 1544 358 1621 quidem
378 1543 453 1603 loret
473 1543 555 1621 quod
576 1544 688 1603 domini
708 1542 884 1620 temporales
904 1542 1036 1601 habeant
1058 1553 1243 1621 potestatem
1260 1538 1294 1599 ad

239 1642 501 1702 ecclesiasticorum
515 1643 603 1700 vitam
617 1642 648 1700 in
663 1640 769 1701 Christi
783 1640 921 1718 pauperie
935 1640 1185 1713 subvertendum,
1199 1650 1295 1699 etum

239 1741 366 1800 babeant
389 1749 565 1817 potestatem
590 1738 628 1797 ad
653 1739 810 1809 stultitiam,
835 1739 865 1797 in
889 1755 949 1815 qua
972 1749 1083 1798 contra
1109 1739 1213 1799 Deum
1233 1734 1295 1795 deli·

239 1849 370 1915 querant,
392 1838 605 1915 corrigendum.
647 1837 762 1897 Fratres
784 1838 863 1896 enim
884 1836 1018 1896 videntur
1038 1838 1072 1896 in
1095 1838 1157 1897 boc
1178 1836 1296 1896 similm

240 1937 294 1994 sibi
319 1934 478 1994 seculares¹
504 1935 651 2006 dominos,
680 1934 762 2010 quod
785 1935 843 1994 sint
868 1929 917 1993 ut¹
943 1933 983 1992 illi
1012 1933 1131 1994 diaboli
1161 1932 1295 2002 indtuati;

239 2033 305 2094 licet
324 2043 422 2092 autem
440 2032 585 2093 seculares
599 2032 712 2092 domini
726 2032 765 2091 ad
779 2042 895 2110 tempus
908 2032 947 2090 ab
962 2032 1026 2091 istis
1046 2032 1297 2109 pseudofratribus

241 2133 298 2190 sint
312 2131 432 2202 seducti,
443 2133 484 2191 sic
498 2130 579 2208 quod
592 2131 711 2209 quilibet
725 2149 827 2190 eorum
837 2131 883 2190 vel
897 2129 978 2190 multi
997 2149 1068 2190 cum
1082 2132 1149 2191 suis
1162 2130 1296 2191 uxoribus

240 2229 382 2288 habeant⁸
399 2247 492 2288 unum
511 2228 674 2288 Ischarioth
694 2228 934 2305 pseudofratrem,
947 2229 1065 2288 tamen⁴
1078 2246 1121 2288 ex
1136 2228 1196 2288 Dei
1209 2227 1297 2305 gatis

241 2337 338 2404 potest
365 2344 430 2386 esse
458 2327 538 2403 quod
566 2337 747 2404 cognoscant
775 2327 957 2386 diabolorum
983 2326 1128 2386 istorum⁶
1153 2326 1296 2391 versutias

241 2443 344 2483 eorum
364 2423 482 2484 fraudes
502 2425 640 2484 subdolas
661 2426 838 2486 deserentes.
880 2425 1037 2502 Supposita
1057 2434 1163 2485 autem
1184 2426 1297 2484 veritate

242 2524 353 2598 primae
374 2523 465 2599 partis
486 2522 683 2582 conclusionis
704 2523 859 2582 damnatae
880 2542 932 2599 per
945 2522 1056 2593 fratres
1073 2532 1102 2581 et
1124 2522 1227 2582 relicta
1247 2522 1297 2580 iilis

241 2621 384 2678 solutione
399 2621 519 2679 rationis
533 2621 659 2696 triplicis
674 2638 763 2697 quam
777 2622 887 2679 veritati
901 2622 988 2698 priori
1003 2620 1082 2679 fatue
1103 2620 1297 2687 cumularunt,

241 2719 391 2777 videamus
406 2719 522 2777 ulterius
537 2718 688 2794 quomodo
709 2719 860 2791 diffiniunt,
876 2719 956 2795 quod
975 2719 1028 2777 iste
1049 2737 1134 2777 error
1153 2731 1200 2777 est
1214 2718 1298 2775 nimis

241 2816 438 2893 periculosus;
459 2816 678 2891 impertinenter
693 2827 790 2875 autem
805 2817 937 2876 videntur
951 2835 1037 2893 super
1051 2827 1116 2876 tota
1131 2816 1297 2893 copulativa

242 2914 333 2972 taliter
348 2910 485 2972 diffinire⁰
499 2914 553 2972 nisi
573 2931 661 2989 super
679 2923 801 2992 utraque
820 2925 901 2991 parte
920 2915 1063 2972 senserint
1083 2932 1151 2973 esse
1171 2930 1298 2972 errorem

242 3023 328 3089 atque
343 3012 512 3088 periculum,
527 3021 556 3070 et
575 3030 627 3087 per
641 3029 826 3087 consequens
845 3013 901 3070 nisi
918 3022 1072 3088 utramque
1093 3024 1212 3089 partem
1233 3030 1296 3071 sen·

243 3111 330 3170 serint
351 3128 415 3168 esse
438 3109 563 3168 falsam⁷.
606 3109 732 3168 Etcum
754 3111 865 3169 domini
887 3109 1061 3186 temporales
1083 3128 1115 3168 se
1137 3114 1297 3171 exercitant

242 3209 435 3266 communiter
448 3208 478 3264 in
498 3208 591 3283 prima
610 3217 691 3283 parte
711 3206 749 3265 ad
768 3207 889 3266 salutem
908 3225 977 3266 suae
997 3209 1122 3277 animae,
1136 3219 1171 3266 ut
1189 3225 1296 3286 suppo·

243 3315 316 3364 nunt
330 3305 431 3363 fratres
444 3305 629 3382 imponentes
644 3323 772 3363 errorem
786 3306 817 3362 in
832 3307 888 3365 isto
906 3305 1013 3375 labore,
1028 3304 1184 3380 implicant
1205 3306 1296 3365 domi·

244 3421 299 3462 nos
322 3404 352 3461 in
376 3402 449 3462 hoc⁸
474 3403 667 3462 communiter
689 3402 870 3473 malefacere,
892 3403 959 3479 quia
985 3404 1016 3460 iu
1039 3404 1204 3479 periculum
1229 3421 1296 3463 suae

244 3502 358 3559 animae
379 3509 408 3558 et
429 3501 569 3559 damnum
584 3502 625 3558 rei
640 3501 771 3576 publicae
791 3496 951 3571 oberrare⁰,
966 3510 995 3559 et
1016 3518 1084 3559 cum
1106 3502 1146 3561 ad
1162 3501 1297 3579 regalis¹⁰

244 3599 320 3673 regis
335 3597 391 3656 boc
406 3600 515 3669 attinet,
530 3607 609 3674 patet
630 3599 711 3676 quod
729 3598 830 3658 fratres
849 3599 1006 3675 imponunt
1025 3599 1087 3675 regi
1106 3609 1138 3658 et
1158 3602 1296 3659 omnibus

278 3776 285 3804 ¹
304 3775 411 3825 similare
427 3777 473 3826 sibi
491 3776 624 3841 seculares]
642 3776 757 3828 simulare
774 3777 809 3827 sic
826 3777 890 3833 illos,
903 3777 931 3826 B.
943 3779 1037 3842 primae
1053 3793 1158 3836 manum
1182 3780 1296 3830 simulare

245 3842 292 3890 sibi
303 3841 359 3890 illos
371 3842 499 3899 seculares,
511 3843 549 3891 ed.
581 3859 614 3899 r.;
632 3843 740 3893 similare
751 3844 795 3892 ie.
807 3843 898 3892 similes
907 3844 1014 3894 reddere.
1170 3845 1181 3874 ¹
1197 3846 1247 3895 sint
1260 3844 1296 3908 ut]

245 3908 316 3963 sicut,
328 3906 367 3956 cd.
379 3923 415 3971 pr.
583 3907 703 3973 habeant]
715 3909 813 3964 habeut,
826 3909 864 3957 ed
876 3925 913 3973 pr.
1051 3908 1060 3937 ⁴
1077 3910 1176 3975 tamen]
1189 3927 1255 3967 cum,
1267 3913 1298 3961 Α.

245 3973 284 4021 ed.
315 3989 333 4020 r.
448 3971 589 4036 ⁶istorum]
603 3973 708 4031 illorum,
720 3974 758 4023 ed.
770 3991 807 4038 pr.
933 3973 1075 4038 “diffinire]
1088 3975 1297 4042 diffiniriedpr.

245 3988 530 4101 'saKsmNttlsumed
560 4054 579 4087 r.
679 4039 801 4102 ⁸inboc]
813 4054 863 4088 orn.
876 4038 904 4087 B.
917 4040 1038 4091 secundae
1049 4055 1146 4090 manus.
1227 4042 1297 4091 'ob

245 4102 336 4166 errare]
350 4103 383 4152 ob
395 4118 509 4159 errorem,
521 4118 534 4152 e
554 4139 560 4151 .
572 4119 609 4166 pr.
728 4106 746 4135 ¹⁰
762 4104 866 4169 regalia]
879 4106 1004 4169 regalium,
1017 4106 1044 4154 B.
1057 4106 1182 4159 secundae
1193 4123 1297 4163 msuus;

246 4167 365 4231 regulum,
378 4168 416 4217 ed.
428 4183 465 4232 pr.
