2864 5242
395 854 734 921 TRJALOGUS.

141 1018 334 1097 indisponitur
354 1019 392 1079 ad
413 1022 619 1080 tentationibus
640 1020 842 1092 resistendum,
857 1030 887 1081 et
907 1022 938 1080 fit
959 1021 1080 1099 pronior

122 1120 223 1178 scottis
248 1119 392 1195 suggestis
415 1119 460 1177 vel
483 1120 641 1196 propositis
662 1119 865 1179 innuendum¹.
909 1119 975 1178 Fuit
999 1121 1079 1178 enim

133 1217 164 1275 in
178 1217 314 1294 paradiso
328 1217 441 1294 positus
459 1215 587 1275 habens¹
605 1217 827 1293 dispositionem
846 1219 977 1295 corporis
996 1229 1079 1276 natu-

121 1358 127 1384 ,
144 1315 306 1374 secundum
325 1333 415 1391 quam
433 1324 533 1391 posset
546 1324 688 1392 perpetuo
702 1316 765 1375 sine
779 1315 966 1376 intercidente
985 1326 1079 1375 morte

121 1429 140 1483 c,
161 1425 190 1472 et
210 1411 316 1471 viando
339 1413 369 1471 in
393 1412 529 1488 paradiso
550 1431 603 1489 per
623 1422 740 1490 tempus
764 1414 893 1473 notabile
915 1413 990 1473 foret
1015 1415 1080 1473 sine

140 1509 185 1568 vel
204 1527 302 1586 poena
320 1509 358 1570 ad
377 1509 514 1569 coelestia
532 1509 755 1586 quodammodo
773 1512 921 1582 exaltatus,
937 1523 1079 1588 perpetuo

121 1625 168 1667 ene
192 1607 402 1667 beatificandus
426 1609 457 1666 in
481 1608 583 1684 patria.
632 1607 669 1667 Et
693 1627 761 1668 cum
786 1619 875 1669 status
899 1609 1027 1669 hominis
1050 1610 1080 1666 in

121 1705 165 1765 iso
178 1707 266 1783 positi
280 1705 323 1777 sit,
335 1723 395 1782 quo
409 1705 447 1764 ad
461 1706 649 1764 substantiam
664 1725 756 1778 suam,
769 1717 859 1766 status
870 1708 900 1766 in
915 1725 974 1784 quo
988 1707 1079 1765 homo

127 1805 240 1880 poterit,
265 1814 295 1862 et
318 1803 417 1863 habito
442 1804 524 1862 bono
548 1804 689 1880 regimine
714 1806 846 1880 corporis
870 1823 907 1863 ex
932 1803 1081 1862 influentia

120 1919 152 1972 re,
167 1919 284 1978 semper
304 1911 404 1977 posset
425 1918 486 1959 non
501 1901 584 1972 mori,
600 1920 721 1960 necesse
741 1901 793 1960 fuit
807 1901 889 1979 quod
910 1902 1007 1960 anima
1028 1919 1080 1960 sua

120 1995 198 2058 ente⁸
218 2018 236 2058 a
256 1998 323 2058 Deo
345 2016 397 2075 per
418 2009 580 2075 peccatum,
603 2010 632 2057 et
652 2018 704 2075 per
722 2018 908 2076 consequens
928 1998 1080 2059 deficiente

120 2096 271 2156 ufluentia‘
284 2114 344 2174 quo
365 2095 403 2155 ad
424 2096 561 2166 animam,
576 2096 691 2156 deficiat
712 2097 775 2175 ejus
795 2097 944 2156 influentia
965 2097 1079 2173 quoad

120 2213 144 2254 s
185 2195 301 2254 Etcum
315 2194 407 2254 homo
421 2194 533 2270 positus
548 2194 598 2252 fuit
613 2195 643 2252 in
657 2194 794 2271 paradiso
806 2196 836 2253 in
851 2195 974 2253 minimo
987 2195 1080 2271 gradu

119 2293 227 2353 ›rtionis
247 2294 278 2351 in
297 2292 373 2369 quo⁶
385 2292 460 2351 vitae
480 2293 657 2368 perpetuitas
676 2304 776 2368 posset
793 2301 877 2362 stare,
893 2309 1014 2350 necesse
1028 2290 1081 2349 fuit

119 2412 125 2449 ι
145 2391 367 2468 proportionem
387 2390 465 2448 illam
486 2388 609 2448 deficere
631 2400 659 2448 et
682 2389 832 2448 hominem
854 2389 1018 2448 necessitati
1042 2389 1080 2448 ad

119 2507 153 2547 em
166 2498 195 2547 et
209 2475 324 2566 poenas'
340 2485 471 2562 corporis
489 2487 683 2547 subeundum.
726 2486 764 2546 Et
783 2488 874 2546 homo
895 2495 927 2545 ut
941 2487 992 2545 suit
1012 2504 1080 2563 pro-

119 2587 164 2645 ior
177 2604 248 2646 suae
269 2586 438 2663 perfectioni
460 2585 633 2662 primaevae,
651 2584 703 2644 fuit
722 2586 890 2662 longaevior
904 2586 933 2642 in
948 2602 1080 2661 corpore,

119 2684 205 2755 ›rtior,
230 2683 384 2760 pulchrior,
409 2695 438 2743 et
462 2683 626 2755 decentior;
659 2693 687 2740 ct
715 2683 745 2740 in
774 2700 913 2759 processu
941 2683 1080 2758 temporis

119 2781 253 2840 >linantur
279 2798 445 2852 aerumnae,
471 2799 545 2857 quas
577 2780 766 2838 necessitatus
798 2789 843 2838 est
869 2779 960 2838 homo
989 2780 1080 2838 modo

118 2898 133 2948 r,
148 2889 180 2936 ut
193 2888 371 2937 contestatur
384 2879 457 2938 fides
472 2879 636 2955 scripturae.
678 2875 833 2934 Pulchrum
850 2875 968 2951 quidem
982 2884 1034 2945 est,
1048 2885 1081 2934 ut

118 2975 253 3034 historiae
267 2976 441 3052 scripturae⁷
460 2977 614 3034 conveniat
633 2968 776 3048 undique⁸
791 2972 904 3042 rationi,
918 2982 947 3030 et
960 2972 1079 3031 homine

118 3092 124 3130 r
152 3071 268 3149 culpam
294 3073 451 3149 propriamg
480 3071 622 3131 ordinatio
647 3070 704 3128 Dei
731 3080 879 3128 remaneat
906 3071 1079 3129 omnimodo

118 3179 182 3229 rata.
224 3168 262 3227 Et
283 3181 362 3246 patet
383 3152 472 3229 causa
485 3159 723 3229 'necessitationis
743 3167 871 3227 hominis
892 3168 929 3226 ad
944 3177 1077 3240 mortem,

118 3267 222 3327 >modo
242 3284 329 3329 causa
348 3267 420 3327 illius
441 3268 543 3326 mortis
562 3276 591 3325 et
610 3265 740 3324 deiectus
759 3267 889 3343 corporis
908 3266 1027 3325 humani
1042 3285 1078 3325 ex

118 3376 150 3426 to
171 3366 305 3436 exoritur,
328 3383 389 3423 non
412 3384 449 3424 ex
470 3364 546 3424 Deo.
588 3365 625 3422 Et
648 3365 690 3424 sic
711 3363 784 3423 fides
805 3365 961 3441 scripturae
986 3365 1077 3442 quad-

117 3463 144 3522 r’
158 3474 256 3523 manet
274 3464 360 3540 piene
380 3463 569 3538 inculpabilis,
589 3472 618 3520 et
636 3463 734 3520 omnis
752 3480 851 3538 poena
869 3462 1023 3521 exoritur¹⁰
1040 3481 1077 3521 ex

118 3572 149 3621 to
169 3562 305 3639 primario
324 3571 403 3620 etex
424 3561 485 3619 aliis
504 3561 632 3637 peccatis
650 3561 857 3637 posterioribus
877 3578 990 3637 poenae
1005 3561 1076 3619 aliae

119 3669 250 3736 quentes.
286 3658 367 3717 Deus
381 3664 478 3717 autem
493 3675 644 3734 nunquam
658 3657 762 3734 infligit
776 3674 904 3733 poenam
918 3657 962 3717 vel
976 3668 1077 3734 posset

117 3775 166 3827 ere,
182 3756 237 3814 nisi
250 3764 371 3832 peccata
383 3754 585 3814 antecedentia
599 3755 700 3813 sintin
715 3771 811 3812 causa.

117 3855 202 3912 rastri.
243 3851 337 3911 Miror
356 3852 507 3928 quomodo
530 3869 591 3910 non
615 3851 761 3910 erubescis
786 3858 895 3908 tantam
920 3849 1076 3927 scripturae

116 3950 314 4012 residentiam
328 3950 475 4022 colorare3
497 3967 558 4008 non
572 3949 651 4007 enim
665 3956 710 4006 est
729 3965 817 4006 causa
836 3948 913 4023 prior
928 3949 1077 4024 signabilis

116 4051 196 4110 ritate
214 4047 380 4107 historiea¹¹
394 4064 468 4124 quae
482 4048 586 4116 evenit,
600 4056 632 4104 ut
650 4045 715 4121 quis
734 4056 830 4122 potest
848 4045 885 4106 de
904 4046 980 4117 bello
1000 4046 1076 4107 Tro-

116 4237 250 4302 unendrun]
263 4235 457 4292 immanendnm'.
469 4235 513 4292 B.;
531 4233 696 4290 annuendum.
708 4233 747 4284 ed
759 4249 796 4299 pr.
943 4234 953 4263 ¹
969 4234 1075 4299 habens]

116 4319 129 4360 :‚
140 4304 179 4354 ed.
190 4319 228 4368 pr.
302 4300 468 4366 'reoedente]
481 4300 604 4356 recedens.
616 4299 703 4364 edpr.
826 4299 990 4363 ⁴influentia]
1021 4299 1076 4348 lena

116 4369 163 4426 itia.
174 4367 377 4432 A.B.C.ed.pr.1
467 4365 698 4429 ‘inquo]inqua.
710 4364 740 4414 C.
752 4365 791 4413 ed.
803 4380 840 4429 pr.
950 4315 1075 4428 ‘etfom

221 4432 231 4461 ²
248 4432 310 4482 fides
320 4431 438 4482 historiae
448 4431 584 4495 scripturae
594 4429 737 4494 conveniat]
750 4428 810 4478 fides
820 4429 950 4478 conveniat
960 4429 1077 4479 historiae

115 4513 170 4554 uae,
190 4497 285 4549 A.B.C.
302 4497 341 4547 cd.
360 4512 397 4562 pr.
462 4496 472 4525 ¹
488 4494 607 4559 undique]
619 4510 759 4559 verumque,
772 4493 865 4543 A.B.C.
877 4493 971 4558 primae
981 4509 1076 4544 manus.

115 4561 176 4613 irul
206 4561 429 4639 ]quadrupliciter.
438 4562 469 4611 C.
480 4561 519 4610 ed.
531 4576 569 4624 pr.
635 4561 654 4590 ¹⁰
669 4559 788 4623 exoritur]
798 4559 883 4614 oritur,
895 4559 926 4608 Α.
993 4559 1010 4589 ¹¹
1027 4560 1077 4609 his·

115 4628 122 4694 l
134 4578 192 4679 hini
203 4643 279 4678 manu
291 4627 383 4692 scripti.
394 4627 527 4687 moriam
537 4626 667 4674 hienrimo.

1113 1126 1177 1162 Status
1185 1127 1264 1162 hominia

1113 1167 1132 1201 in
1141 1168 1227 1210 paradiso

1113 1210 1175 1250 positi.

1113 3858 1202 3901 hrmrriae
1222 3868 1250 3893 ro·

1110 3898 1193 3933 ierumur
1214 3909 1226 3933 e

1111 3940 1262 4015 midi
