2864 4836
542 431 796 509 JOANNIS
837 431 1047 492 WICLIF
1234 456 1323 491 araur.

254 605 257 627 ¹
273 594 402 670 quodam
421 605 487 653 actu
506 594 604 652 medio
624 595 697 653 inter
718 594 941 654 dubitationem¹
955 605 984 653 et
1003 595 1213 656 credulitatem.
1255 595 1322 654 Ideo

271 685 371 751 dicunt
395 693 482 768 logici
507 691 543 750 de
568 691 729 768 sperandis,
751 710 812 751 non
834 692 914 769 quod
935 694 999 768 ipsa
1020 694 1123 764 sciunt,
1146 704 1260 771 negant
1279 703 1322 752 aut

272 790 412 860 dubitant,
433 790 485 849 sed
506 800 682 866 supponunt
725 790 762 848 Et
783 790 846 849 talis
870 807 938 865 spes
959 789 1028 849 dicit
1048 791 1199 867 quandam
1222 791 1323 850 adhae-

271 889 385 945 sionem
409 887 609 946 delectabilem
634 887 729 946 circa²
753 887 850 947 tidem.
896 886 991 945 Tertio
1015 889 1045 946 in
1067 887 1133 959 hoc,
1156 889 1240 966 quod
1261 906 1324 965 spes

271 1002 332 1042 non
347 996 391 1043 est
405 985 460 1043 nisi
475 984 511 1043 de
525 984 592 1043 bono
605 985 714 1061 patriae
728 984 858 1061 possibili
873 986 914 1044 sic
929 987 1065 1063 speranti,
1080 985 1154 1046 fides
1171 998 1270 1046 autem
1283 997 1323 1046 est

270 1092 331 1140 tam
352 1081 389 1140 de
410 1083 491 1140 bono
512 1083 660 1158 quamde
681 1082 759 1142 malo
781 1083 909 1143 credenti
929 1085 1101 1161 pertinente,
1121 1095 1152 1143 et
1173 1085 1211 1144 de
1231 1085 1323 1144 multis

271 1199 346 1258 quae
371 1181 585 1257 impertinentia
610 1191 677 1240 sunt
702 1181 838 1240 credenti.
881 1180 919 1241 Et
943 1192 1022 1258 patet
1046 1182 1126 1260 quod
1148 1183 1241 1243 multa
1262 1194 1323 1244 sunt

271 1278 466 1357 proponenda
494 1278 635 1348 fidelibus,
663 1297 739 1357 quae
767 1278 953 1339 distinctione
981 1290 1095 1340 semota
1126 1298 1184 1340 nec
1216 1280 1324 1341 debent

273 1377 412 1448 dubitare,
427 1377 589 1436 concedere
611 1395 666 1436 nec
686 1394 802 1454 negare,
816 1387 848 1435 ut
861 1379 1013 1454 proposito
1024 1378 1164 1456 praelato,
1178 1390 1278 1439 umam
1291 1381 1323 1438 sit

271 1475 439 1546 haereticus,
455 1476 541 1535 debet
562 1492 677 1551 sperare
698 1493 734 1534 ac
755 1492 920 1551 supponere
940 1477 1003 1552 ejus
1024 1478 1203 1554 oppositum.
1245 1477 1284 1537 Et
1299 1478 1323 1537 si

270 1574 390 1644 dubitat,
405 1583 448 1632 est
462 1574 585 1631 omnino
605 1572 765 1650 culpabilia,
785 1590 853 1631 cum
872 1573 1018 1633 evidentia
1038 1592 1114 1651 quae
1134 1586 1235 1635 movet
1255 1593 1321 1635 eum

271 1671 309 1730 ad
322 1680 434 1748 partem
448 1669 656 1741 affirmativam,
668 1669 754 1728 debet
768 1669 939 1730 omnimode
950 1671 1101 1730 semoveri.
1146 1670 1177 1730 Si
1189 1673 1323 1732 conoedit

270 1787 307 1828 ex
322 1786 418 1841 causa,
433 1767 492 1828 est⁸
505 1769 599 1844 magis
613 1767 773 1844 culpabilis.
815 1766 854 1826 Et
868 1767 953 1826 tertio
967 1767 992 1827 si
1006 1769 1117 1846 negat⁴,
1132 1787 1202 1829 cum
1221 1788 1321 1830 neces·

270 1868 347 1927 sario
361 1868 458 1925 omnis
472 1866 630 1943 praescitus
645 1865 696 1924 sit⁵
708 1865 877 1938 haereticus,
893 1876 922 1924 et
935 1865 981 1925 ille
995 1884 1083 1944 quem
1098 1867 1247 1944 alloquor⁸
1260 1886 1321 1927 non

270 1967 357 2025 debet
376 1967 498 2025 omnino
518 1983 625 2041 negare
646 1965 812 2041 simpliciter
833 1967 914 2042 quod
933 1966 969 2025 sit
987 1967 1157 2042 praescitus,
1171 1967 1240 2026 ideo
1260 1985 1320 2027 non

270 2063 357 2122 debet
371 2082 478 2139 negare
493 2064 657 2140 simpliciter
671 2062 751 2140 quod
765 2064 801 2121 sit
819 2062 987 2123 haereticus.
1029 2062 1128 2123 Nemo
1141 2066 1222 2124 enim
1237 2066 1321 2125 debet

270 2162 332 2219 siue
352 2161 530 2237 obligatione
550 2179 657 2238 negare
676 2179 785 2232 vemm,
805 2162 886 2238 quod
905 2163 1018 2238 ajusto
1037 2161 1120 2221 Deo⁷
1141 2163 1322 2222 aeternaliter

269 2257 425 2327 ordinatur,
443 2275 511 2316 cum
531 2257 623 2317 beati⁸
643 2261 799 2318 examinati
820 2258 918 2318 aDeo
940 2259 1131 2318 concedendo
1152 2262 1321 2337 oppositum

269 2357 377 2432 negati,
393 2355 430 2414 ad
448 2357 577 2432 magistri
594 2357 696 2432 optimi
716 2356 932 2432 beneplacitum
953 2358 1181 2434 responderent;
1205 2360 1321 2418 exami-

269 2455 329 2513 nati
340 2455 452 2514 autem⁰
464 2455 499 2514 de
511 2454 614 2514 talibus
625 2455 748 2514 limitant
758 2455 796 2514 ad
810 2454 952 2513 haeresim
967 2455 1004 2512 de
1019 2457 1163 2531 praesenti
1175 2456 1319 2533 injustitia,

269 2573 327 2632 qua
342 2565 408 2613 sunt
423 2553 584 2613 secundum
598 2553 731 2612 notitiam
746 2571 815 2612 suae
830 2554 1025 2612 conscientiae
1037 2553 1123 2612 hodie
1135 2556 1242 2614 irretiti.
1283 2555 1321 2613 Et

269 2655 310 2712 sic
331 2653 413 2711 multi
437 2662 546 2727 negant
570 2669 600 2710 se
623 2670 688 2710 esse
712 2651 881 2722 haereticos,
904 2652 953 2729 qui
975 2652 1136 2712 secundum
1158 2654 1317 2724 veritatem,

270 2761 359 2826 quarn
373 2750 480 2809 debent
491 2767 680 2825 cognoscere,
692 2750 800 2809 debent
810 2751 972 2809 concedere
987 2750 1082 2810 illud¹⁰
1095 2750 1171 2821 Deo,
1186 2763 1216 2810 et
1229 2754 1318 2813 coni·

270 2848 368 2923 gendo
383 2866 414 2907 se
428 2848 509 2923 ipsos
523 2848 559 2906 de
574 2847 684 2906 haeresi
699 2847 743 2906 vel
757 2858 852 2907 tacere
867 2847 911 2906 vel
925 2847 1021 2907 dicere
1036 2850 1194 2907 veritatem.

313 2943 429 3005 Caritas
444 2955 540 3003 autem
555 2957 598 3004 est
609 2947 696 3006 virtus
710 2947 837 3005 maxime
852 2949 1015 3007 necessaria
1025 2947 1138 3016 viatori,
1149 2965 1218 3005 cum
1233 2965 1321 3007 nemo

270 3054 366 3120 potest
380 3045 475 3104 venire
497 3045 534 3103 ad
556 3045 679 3120 patriam
704 3045 765 3103 sine
787 3043 841 3116 illa,
856 3061 893 3102 eo
914 3046 995 3121 quod
1016 3055 1060 3104 est
1074 3046 1161 3104 vestis
1177 3046 1320 3124 nuptialis,

268 3152 387 3217 propter
407 3141 490 3218 cujus
510 3141 667 3201 carentiam
687 3141 869 3217 evangelium
890 3141 959 3200 dicit
979 3142 1108 3219 positum
1129 3143 1160 3200 in
1181 3142 1321 3202 militante

269 3238 391 3297 ecclesia
411 3237 625 3297 excludendum
646 3238 675 3295 in
696 3238 774 3297 finali
791 3239 900 3316 judicio
914 3250 943 3299 et
962 3239 1197 3299 damnandumfl.
1241 3239 1321 3300 Con·

268 3338 340 3396 sistit
355 3348 452 3396 autem
472 3339 576 3396 caritas
597 3337 627 3394 in
648 3354 756 3407 amore,
771 3353 831 3413 quo
846 3335 928 3397 Deus
948 3336 1044 3396 debite
1065 3337 1192 3415 diligitur
1211 3347 1241 3397 et
1261 3348 1321 3398 tota

268 3455 321 3495 sua
342 3434 457 3510 fabrica,
479 3446 507 3494 et
528 3435 570 3493 sic
593 3444 649 3494 stat
669 3435 699 3493 in
720 3435 881 3495 delectabili
902 3437 1086 3497 observantia
1106 3435 1319 3497 mandatorum.

268 3533 366 3590 Primo
380 3534 461 3609 quod
472 3533 553 3590 Deus
563 3532 696 3608 diligatur
705 3552 742 3592 ex
754 3544 816 3593 toto
827 3533 924 3606 corde,
935 3535 966 3593 in
971 3534 994 3568 ¹²
1003 3545 1066 3594 tota
1076 3535 1182 3607 anima,
1193 3546 1223 3595 et
1233 3537 1319 3597 etiam

268 3641 329 3688 tota
343 3640 457 3701 mente;
487 3649 523 3688 ex
537 3640 599 3690 toto
613 3631 699 3700 corde,
714 3641 746 3690 ut
760 3633 1021 3708 correspondenter
1036 3633 1074 3694 ad
1088 3633 1186 3694 Deum
1200 3635 1320 3695 Patrem

268 3729 358 3787 bomo
374 3729 474 3805 diligat
488 3729 593 3799 debite,
605 3740 747 3807 quantum
762 3729 873 3800 sufficit,
889 3748 976 3807 super
989 3733 1090 3791 omnia
1103 3731 1201 3792 Deum
1216 3751 1317 3804 suum;

301 3888 307 3917 ¹
326 3884 516 3949 dubitationem]
524 3884 682 3940 dubietatem.
691 3884 783 3935 ΑΒΕ.
793 3886 831 3935 ed.
840 3902 876 3951 pr.
942 3885 952 3914 ¹
969 3886 1318 3954 cirea1citran.13.c.ed.pr.

267 3953 276 3982 ³
292 3951 341 4015 est]
354 3967 384 4001 eo
396 3959 441 4006 est.
454 3951 515 3999 ΑΒ.
528 3951 649 3999 secundae
660 3966 756 3999 manus.
906 3950 915 3979 ⁴
931 3951 1018 4016 negat]
1031 3961 1112 4017 neget,
1124 3952 1219 4004 ΑΒΕ.
1230 3953 1269 4004 ed
1280 3970 1317 4019 pr.

267 4017 335 4081 lsit]
348 4025 393 4072 est,
406 4016 438 4064 D.
450 4016 489 4065 ed.
520 4032 538 4071 r.
636 4015 787 4079 ‘alloquod
799 4016 939 4080 alloquitur.
952 4016 985 4065 D.
1051 4017 1147 4082 τΠεο]
1161 4018 1218 4074 Dei.
1229 4019 1268 4069 ed.
1279 4034 1316 4083 pr.

267 4085 276 4111 ⁸
294 4082 371 4145 boati]
384 4083 453 4136 bene,
466 4032 558 4130 ΑΒΕ.
640 4081 650 4109 ⁰
665 4080 760 4145 autem]
773 4090 863 4137 tamen.
877 4080 970 4132 ΒΜ).
982 4082 1020 4131 ed.
1033 4098 1069 4147 pr.
1150 4084 1169 4114 ¹⁰
1185 4085 1317 4134 oonoodere

269 4147 341 4210 illud]
354 4146 503 4258 conpaedere
514 4145 587 4200 istud,
599 4146 636 4195 ed.
645 4162 681 4211 pr.
781 4148 799 4178 ¹¹
816 4145 846 4196 ci.
860 4147 951 4197 Matth.
963 4148 1018 4196 xxii.
1034 4161 1061 4198 ιι
1075 4163 1111 4213 sq.
1194 4149 1213 4178 ¹¹
1230 4149 1315 4215 in]ex.

268 4215 304 4262 ed.
318 4228 368 4277 pr.;
387 4227 453 4275 c.p.
469 4223 523 4272 132.
