2864 4836
81 421 142 487 268

490 425 746 503 JOANNIS
788 424 999 488 WICLIF
1192 449 1274 484 man.

204 585 390 662 'figurativa¹
419 586 536 657 locutio,
561 606 629 645 cum
654 585 748 645 Marci
771 587 827 645 xiv.
853 587 931 646 dicat
956 585 1113 646 Christus:
1147 587 1215 647 ‘hic
1239 596 1276 645 est

221 684 344 760 sanguis
358 702 441 742 meus
456 683 533 743 Novi
548 685 739 755 Testamenti,
754 685 805 762 qui
819 702 874 761 pro
893 683 992 743 miultis
1012 683 1206 747 effundetur?
1245 682 1277 742 Et

224 782 303 840 idem
317 791 396 857 patet
409 801 446 840 ex
461 781 553 852 dictis,
571 800 638 840 cum
653 801 737 841 mens
752 781 902 842 catholici¹
915 800 977 841 nou
992 782 1081 858 capit,
1096 785 1185 859 quod
1198 783 1276 860 pauit

224 880 259 938 sit
280 897 387 955 corpus
401 878 517 949 Christi,
540 880 595 939 nisi
616 879 805 955 intelligendo
826 880 984 955 figurative,
1000 897 1072 938 curn
1093 879 1278 940 identitatis

225 994 286 1035 non
310 978 348 1035 sit
371 977 526 1052 possibilis.
578 977 652 1036 Ideo
677 978 787 1054 absque
813 979 894 1036 omni
920 978 1114 1055 ambiguitate
1139 977 1219 1038 haec
1240 988 1279 1036 es

224 1075 389 1151 figurativa:
411 1074 486 1134 ‘hoc
500 1086 544 1134 est
563 1093 670 1151 corpus
686 1075 803 1144 meum,'
818 1086 850 1134 ut
869 1085 937 1135 sunt
955 1075 1123 1134 locutiones
1143 1076 1184 1135 de
1198 1093 1280 1135 evau-

223 1172 300 1247 gelio
319 1172 480 1249 Johannis;
510 1174 582 1231 ‘nisi
601 1174 845 1233 manducaveritis
865 1191 983 1232 carnem
997 1172 1047 1230 filii
1063 1171 1208 1244 bominis,
1223 1191 1279 1232 nou

223 1270 366 1329 habebitis
380 1273 467 1329 vitam
482 1272 513 1329 in
527 1270 642 1341 vobis³,'
659 1289 727 1330 cum
746 1271 843 1330 multis
858 1271 998 1341 similibus
1012 1288 1091 1346 quae
1106 1271 1279 1330 adsensum

223 1368 311 1427 alium
326 1369 397 1427 dixit
412 1368 552 1428 Christus.
594 1358 806 1428 Verumtamen
820 1369 934 1445 aliquae
949 1379 1017 1427 suot
1031 1367 1203 1428 locutiones
1216 1367 1280 1427 fidei

223 1468 379 1544 scripturae
394 1485 467 1543 quas
481 1476 598 1543 oportet
612 1466 699 1543 plane
714 1468 776 1526 sine
796 1466 891 1544 figura
909 1467 1050 1542 accipere,
1065 1476 1099 1524 ut
1114 1467 1146 1524 in
1160 1466 1279 1525 materia

223 1565 260 1623 de
281 1566 480 1623 incarnatione
502 1566 625 1624 concedi
646 1564 741 1635 debet,
764 1563 845 1640 quod
865 1563 952 1641 Jesus
973 1573 1072 1622 noster
1095 1564 1133 1622 sit
1147 1563 1234 1624 Deus
1252 1573 1279 1622 et

222 1662 322 1733 homo,
338 1673 369 1720 ut
384 1673 462 1738 patet
483 1680 519 1721 ex
541 1663 689 1738 scripturis
711 1662 823 1720 collatis
843 1662 882 1720 ad
896 1661 1029 1732 invicem,
1044 1670 1075 1718 ut
1098 1659 1278 1738 Johannisl.

222 1773 251 1820 et
274 1761 383 1837 Ephes.
405 1762 422 1819 i.
444 1772 472 1818 et
497 1760 624 1819 Hebrae.
651 1760 690 1817 ii.⁴
742 1758 830 1818 Unde
856 1769 1002 1836 reputatur
1027 1759 1109 1834 quod
1137 1759 1278 1818 calliditas

223 1860 330 1919 diaboli
353 1861 401 1918 diu
423 1859 530 1918 studuit
553 1859 631 1917 circa
651 1859 735 1916 istam
756 1857 908 1928 fallaciam,
922 1866 954 1915 ut
974 1857 1130 1916 ecclesiam
1148 1858 1180 1915 in
1202 1857 1279 1916 hanc

223 1956 366 2015 haeresim
391 1957 565 2025 introducat,
588 1956 671 2032 cujus
697 1974 785 2014 causa
810 1966 854 2014 est
879 1953 975 2031 quod³
995 1953 1116 2030 praelati
1138 1954 1278 2015 eeclesiae

225 2073 286 2113 non
314 2055 476 2112 secundum
504 2053 719 2112 ordinationem
749 2051 855 2113 Christi
882 2051 1106 2129 praeferuntur⁶,
1136 2070 1195 2111 nec
1223 2055 1278 2112 sint

225 2163 343 2229 propter
357 2151 453 2226 legem
468 2150 625 2210 antichristi
639 2153 669 2209 in
683 2151 748 2227 lege
762 2150 884 2210 Domini
904 2150 1034 2219 studiosi,
1049 2167 1084 2208 ac
1098 2150 1124 2208 si
1143 2149 1278 2208 diabolus

225 2250 438 2309 machinaretur
452 2252 537 2310 istam
552 2253 742 2321 sententiam
768 2251 809 2309 ‘si
820 2267 942 2325 possum
957 2267 1009 2324 per
1023 2266 1122 2307 meum
1137 2250 1276 2308 vicarium

226 2348 424 2407 antichristum
439 2348 476 2405 ad
491 2358 604 2407 tantum
619 2348 757 2408 seducere
771 2348 871 2407 fideles
885 2346 1035 2416 ecclesiae,
1048 2357 1081 2405 ut
1095 2357 1205 2423 negent
1221 2346 1277 2405 hoc

225 2456 440 2505 sacramentum
464 2464 529 2504 esse
557 2465 674 2523 panem,
699 2446 752 2505 sed
776 2446 895 2504 credant
920 2445 1016 2520 ipsum
1045 2460 1110 2502 esse
1140 2445 1278 2503 accidens

225 2545 352 2603 maxime
373 2544 597 2614 abhominabile,
613 2562 665 2618 per
684 2544 762 2602 idem
782 2543 919 2602 inducam
938 2542 985 2600 ut'
999 2541 1117 2601 credant
1132 2544 1278 2617 posterius

225 2643 365 2718 quidquid
390 2642 539 2713 voluero⁸,'
565 2661 632 2700 cum
655 2642 726 2700 rides
750 2643 906 2717 scripturae
927 2653 955 2698 et
977 2659 1079 2699 sensus
1101 2640 1275 2699 manifestus

225 2741 353 2797 hominis
374 2740 444 2798 illud
465 2741 579 2798 docent.
624 2739 687 2799 Nec
708 2739 834 2798 videtur⁹
856 2741 927 2814 quin
951 2758 1003 2815 per
1027 2738 1125 2797 locum
1151 2758 1169 2796 a
1194 2739 1277 2797 simili

227 2838 404 2912 simplicibus
433 2838 565 2896 fidelibus
594 2849 694 2913 posset
724 2838 788 2907 dici,
811 2838 892 2912 quod
916 2837 1186 2913 quomodocunque
1212 2838 1278 2894 vim

227 2934 370 3009 praelatus
399 2935 562 2994 luxuriosus
587 2935 735 2993 homicida
763 2936 940 2993 simoniacus
967 2934 1011 2993 vel
1039 2934 1119 2992 aliter
1146 2936 1277 3005 vitiosus,

227 3051 377 3109 nunquam
402 3033 470 3092 illud
496 3052 513 3092 a
538 3034 669 3109 subjecto
694 3033 804 3109 populo
828 3034 914 3090 debet
936 3032 1022 3090 credi.
1065 3031 1277 3090 Verumtamen

227 3132 295 3189 illud
311 3150 328 3189 a
343 3133 480 3208 subjectis
495 3132 605 3189 clericis
624 3143 739 3206 oportet
759 3142 876 3207 propter
896 3130 1008 3188 lucrum
1025 3130 1124 3205 judicii
1139 3133 1277 3200 amoveri,

227 3231 279 3287 sed
300 3230 337 3288 de
358 3248 435 3306 papa
456 3239 571 3305 oportet
591 3229 667 3287 istud
690 3246 856 3305 supponere
877 3239 1016 3304 tanquam
1030 3228 1127 3297 iidem,
1142 3229 1279 3287 scilicet¹⁰

228 3329 307 3403 quod
322 3346 384 3385 non
398 3337 480 3398 errat,
497 3338 525 3385 et
541 3327 700 3402 specialiter
715 3328 744 3383 in
760 3327 816 3384 fide
836 3326 983 3396 ecelesiae,
999 3326 1133 3385 scilicet¹⁰
1152 3345 1222 3385 cum
1243 3330 1278 3385 sit

227 3436 309 3501 pater
323 3426 513 3494 beatissimus,
529 3426 609 3500 quod
629 3443 690 3482 non
710 3435 820 3500 peccat,
840 3424 940 3482 sicut¹¹
959 3424 1070 3482 videtur
1089 3422 1158 3482 illud
1177 3426 1277 3501 expla-

227 3536 328 3582 natum
351 3524 481 3599 superius
510 3522 614 3582 Matth.
637 3523 723 3590 xxiv„
746 3527 831 3580 ‘cum
857 3522 982 3580 videritis
1007 3522 1277 3582 abhominationem

207 3622 415 3723 [desolationis
434 3621 534 3680 sedere
555 3623 586 3678 in
604 3621 670 3679 loco
693 3619 813 3689 sanct0,'
833 3621 862 3677 in
884 3620 1027 3678 haeresim
1049 3620 1085 3678 de
1107 3621 1160 3678 ista
1182 3621 1279 3680 hostia

207 3726 210 3863 Ι
228 3721 398 3779 redundare.
434 3719 514 3791 Quid
529 3737 639 3795 quaeso
654 3719 748 3795 maj0r
763 3718 963 3776 abhominatio
976 3718 1173 3797 desolationis
1185 3737 1277 3795 quam

207 3870 209 3924 l
260 3874 426 3938 ¹figurativa]
440 3872 551 3938 figurata,
562 3874 600 3923 ed.
613 3890 650 3937 pr,
723 3872 877 3937 'catholici]
890 3872 1125 3929 attolimus,
1200 3874 1277 3924 ’uon

226 3941 409 3989 habebitis-in
420 3939 503 4003 vobis]
516 3955 566 3988 om.
580 3940 611 3987 Α.
623 3939 662 3988 ed.
674 3956 726 4004 pn:
744 3938 775 3988 ci.
787 3939 844 4004 Joh.
857 3939 889 3987 vi.
903 3952 942 4000 53.
1118 3938 1128 3967 ⁴
1146 3939 1226 3989 Hebr.
1239 3941 1277 4004 ii]

229 4007 305 4056 Hebr.
318 4007 343 4060 i..
355 4006 386 4054 ed
405 4022 442 4070 pr.
508 4006 517 4033 ⁵
533 4005 611 4069 quod]
624 4013 651 4054 ut
660 4004 786 4069 quod‚C.;
803 4013 838 4059 ut,
850 4003 878 4052 B.
888 4005 1009 4054 secundae
1017 4020 1112 4052 manus.
1178 4005 1190 4033 ⁴
1206 4022 1276 4069 prae·

226 4071 347 4134 semntur]
360 4071 534 4135 praeferantur,
548 4070 576 4118 B.
641 4070 651 4097 ⁷
668 4069 707 4133 ut]
720 4070 794 4133 quod,
806 4070 835 4117 B.
847 4070 885 4118 ed.
898 4086 934 4134 pr.
1009 4070 1018 4099 ⁸
1035 4070 1149 4134 voluero]
1162 4070 1230 4124 volo.
1244 4071 1276 4120 D.

226 4137 235 4165 ⁹
252 4137 359 4199 videtur]
373 4152 464 4189 verum,
477 4134 504 4183 B.
517 4136 612 4200 primae
623 4151 717 4190 manus.
729 4135 767 4184 ed.
780 4152 816 4199 pr.
969 4136 988 4164 ¹⁰
1005 4134 1110 4199 scilicet]
1123 4136 1175 4191 sed,
1187 4136 1227 4186 ed.
1240 4150 1277 4201 pr.

226 4203 242 4231 ¹¹
261 4202 336 4265 sicut]
349 4209 373 4250 et
387 4202 430 4256 sic.
443 4201 481 4250 ed.
495 4217 532 4265 pr.
