2864 5242
530 426 786 506 JOANNIS
826 429 1038 491 WICLIF
1235 453 1336 490 uarrr.

179 647 185 655 .
276 591 405 651 misereri
420 598 448 650 et
461 599 629 649 convertere
643 608 695 650 eos
709 592 747 648 ab
761 590 874 650 insania
887 608 946 666 qua
960 606 1039 648 nunc
1053 598 1187 666 turgent;
1208 600 1241 648 et
1255 608 1334 649 sem·

276 708 330 767 per
347 689 517 758 recolamus,
534 688 685 765 quomodo
706 687 866 765 prophetae
886 688 917 746 in
936 688 1001 764 lege
1020 688 1109 747 veteri
1128 697 1158 745 et
1176 688 1333 764 quomodo

278 785 411 846 Christus
431 787 462 844 in
482 787 547 862 lege
568 788 686 862 gratiae,
701 797 729 844 et
750 787 877 845 cariores
897 786 961 863 ejus
975 785 1106 861 discipuli
1127 785 1158 843 in
1173 804 1264 844 causa
1278 788 1333 845 ista

278 883 440 960 specialiter
450 894 518 942 sunt
528 883 629 956 occisi;
652 894 680 942 et
696 883 829 960 nunquid
842 901 898 942 nos
913 884 1047 943 meliores
1063 901 1164 942 sumus
1174 884 1331 960 praedictis

277 981 426 1058 patribus?
458 992 508 1040 aut
528 980 670 1057 numquid
691 991 785 1040 totum
804 980 860 1040 Dei
884 982 1047 1058 praemium
1068 994 1114 1041 est
1133 982 1332 1040 exhaustum?

278 1078 365 1138 Fides
378 1089 478 1138 nostra
491 1078 578 1137 docet
592 1080 769 1155 oppositum.
809 1078 848 1136 Et
861 1079 984 1137 breviter
997 1097 1060 1137 non
1075 1079 1240 1150 considero,
1257 1097 1330 1156 quo

278 1175 368 1235 modo
383 1178 449 1252 quis
463 1176 659 1236 delectabilius
676 1188 725 1236 aut
742 1177 899 1254 jocundius
918 1185 1017 1252 posset
1031 1177 1115 1235 mori.
1157 1176 1237 1236 Cum
1259 1194 1329 1254 ergo

279 1290 381 1333 sumus
396 1275 464 1333 certi
479 1274 624 1333 demone
638 1284 667 1333 et
681 1275 732 1334 de¹
750 1292 847 1350 poena
857 1274 1019 1344 vecordiae,
1031 1275 1221 1333 observemus
1231 1275 1329 1344 fidem,

278 1390 369 1449 spem,
386 1384 415 1432 et
430 1373 587 1444 caritatem,
602 1382 631 1431 et
645 1391 801 1449 operemur
815 1374 929 1432 bonum
943 1371 1013 1430 dum
1027 1382 1144 1449 tempus
1162 1371 1329 1444 habemuse

278 1488 349 1530 cum
374 1470 446 1529 fides
474 1472 631 1547 scripturae
658 1470 763 1529 doceat
786 1469 904 1529 Ezechi.
924 1470 1031 1539 xxxiii,
1056 1469 1138 1546 quod
1164 1471 1331 1546 speculator

279 1579 323 1627 est
337 1568 504 1645 quicunque
522 1569 569 1627 cui
582 1567 664 1627 Deus
683 1568 732 1627 dat
747 1568 880 1627 notitiam
894 1567 967 1643 legis
981 1585 1059 1638 suae,
1073 1577 1103 1626 et
1117 1586 1136 1626 a
1153 1585 1331 1652 quocunque

278 1665 326 1726 tali
340 1666 399 1724 vult
413 1676 497 1725 acute
511 1666 671 1743 requirere³
686 1666 828 1725 rationem
844 1675 873 1724 et
886 1675 1066 1741 computrun,
1078 1664 1231 1741 quomodo
1245 1683 1331 1724 usum

279 1764 376 1823 talenti
397 1764 462 1822 talis
483 1763 521 1822 ad
541 1764 691 1822 utilitatem
712 1763 851 1822 ecclesiae
871 1763 1065 1839 expenderit⁴.
1105 1763 1145 1821 Et
1165 1763 1278 1822 desidia
1297 1781 1331 1822 ac

280 1861 457 1937 negligentia
480 1861 510 1919 in
535 1861 591 1920 isto
613 1861 733 1920 articulo
754 1860 822 1919 facit
843 1860 950 1919 multos
974 1859 1118 1937 praelatos
1142 1861 1284 1920 ecelesiae
1304 1871 1332 1921 et

279 1959 468 2018 scholasticos
487 1959 685 2018 condemnari.
732 1958 805 2018 Ideo
827 1976 965 2034 rogemus
978 1957 1076 2017 Deum
1090 1958 1236 2030 obnixius,
1250 1959 1333 2036 quod

280 2059 334 2117 ista
361 2057 503 2115 sententia
530 2057 666 2116 stabiliter
694 2057 904 2115 conservetur⁶.
955 2055 1070 2115 Scimus
1098 2056 1226 2133 quidem,
1251 2057 1333 2133 quod

280 2153 367 2212 nimis
391 2153 473 2212 multi
498 2155 616 2230 praelati
638 2153 766 2214 Caesarii
787 2165 911 2230 peccant
935 2155 965 2212 in
987 2155 1151 2232 ignorantia
1173 2155 1246 2231 legis
1267 2154 1332 2226 Dei,

280 2253 366 2312 nimis
390 2253 473 2312 multi
498 2253 664 2313 scholastici
688 2264 812 2330 peccant
836 2256 867 2312 in
891 2254 1035 2324 vecordia,
1060 2272 1122 2312 non
1149 2261 1186 2313 ex
1215 2255 1332 2314 caritate

281 2351 378 2410 debita
405 2362 621 2426 perseveranter
648 2352 694 2411 isti
721 2352 847 2410 malitiae
876 2351 1054 2424 resistendo;
1087 2361 1117 2411 et
1140 2353 1227 2411 nimis
1251 2353 1333 2410 multi

280 2459 404 2525 peccant
417 2448 540 2509 invidia⁶
553 2450 594 2510 ob
615 2448 760 2509 deiectum
774 2450 894 2527 benigni
915 2459 944 2509 et
958 2452 1052 2510 suavis
1073 2449 1154 2510 modi
1173 2460 1203 2509 et
1223 2449 1333 2510 ordinis

281 2547 414 2607 caritatis.

710 2819 804 2881 CAP.
826 2821 908 2881 XIV.

774 2951 840 3011 Ira.

322 3079 444 3138 Alzlhr’a.
488 3079 583 3140 Video
603 3092 632 3141 et
651 3084 815 3154 considero,
830 3083 910 3161 quod
924 3085 979 3143 ista
993 3083 1136 3144 sententia
1151 3083 1186 3144 sit
1201 3083 1335 3144 devotius

282 3188 310 3236 et
325 3177 459 3237 humilius
474 3190 644 3255 prosecuta;
673 3181 726 3239 sed
745 3183 868 3240 observa
887 3183 1020 3241 ordinem
1040 3182 1222 3242 consimilem
1242 3182 1336 3242 deira

283 3286 312 3334 et
326 3276 388 3353 ejus
403 3277 547 3353 opposito,
563 3295 651 3354 quem
665 3279 695 3336 in
710 3278 782 3338 vitiis
797 3289 826 3337 et
840 3279 989 3339 virtutibus
1007 3279 1153 3358 superius⁷
1166 3280 1335 3339 observasti.

285 3373 343 3433 Sed
364 3376 454 3433 miror
473 3375 629 3452 inprimis,
652 3376 803 3452 quomodo
820 3377 862 3435 ira
878 3377 1023 3454 quaedam
1045 3377 1147 3437 dicitur
1161 3396 1226 3437 esse
1247 3378 1332 3450 licita,

283 3490 351 3530 cum
365 3490 522 3549 rogamus:
545 3472 700 3545 ‘Domine
715 3493 752 3532 ne
766 3475 796 3532 in
816 3473 913 3534 furore
932 3486 983 3534 tuo
997 3494 1103 3552 arguas
1117 3475 1180 3535 me⁸
1195 3495 1291 3553 neque
1305 3478 1335 3535 in

284 3570 325 3628 ira
352 3580 402 3628 tua
429 3571 567 3646 corripias
591 3570 672 3630 me⁹.'
725 3571 764 3630 Et
788 3573 828 3631 ita
853 3572 991 3632 videtur¹⁰
1015 3572 1190 3652 quandoque
1212 3577 1278 3651 capi
1305 3576 1335 3633 in

284 3668 404 3738 bonum,
420 3667 471 3726 sed
486 3666 523 3726 de
537 3668 644 3728 invidia
657 3668 714 3728 hoc
729 3687 790 3728 non
806 3670 882 3746 lego,

316 3796 325 3826 ¹
342 3795 384 3859 de]
398 3811 447 3845 om.
459 3796 552 3847 ΑΒΕ.
633 3797 643 3826 ⁸
660 3796 691 3846 ci.
701 3798 757 3848 Gal.
769 3799 801 3848 vi.
816 3813 854 3849 ro.
931 3799 941 3830 ⁸
957 3800 1090 3865 requirere]
1103 3800 1236 3865 acquirere,
1247 3801 1287 3850 ed.
1299 3819 1337 3866 pr.

283 3859 292 3888 ⁴
308 3861 462 3926 experuierit]
475 3863 636 3926 expendebat,
649 3863 712 3914 C.D.
726 3864 764 3913 ed.
777 3880 815 3928 pr.
928 3866 938 3895 ⁸
954 3866 1122 3930 conservetur]
1135 3867 1286 3922 observetur.
1298 3870 1337 3923 C„

284 3925 311 3974 B.
324 3927 418 3991 primae
429 3943 524 3983 manus,
533 3928 571 3977 ed.
583 3943 620 3992 pr.
719 3929 729 3958 ⁸
745 3929 848 3994 invidia]
856 3931 882 3980 in
892 3931 990 3985 invidia.
1000 3932 1028 3980 B.
1038 3933 1132 3996 primae
1142 3947 1237 3987 manus,
1250 3932 1288 3981 ed.
1300 3949 1337 3997 pr.

282 3991 291 4019 ²
308 3992 430 4056 superius]
444 3994 617 4057 superioribus.
629 3993 692 4042 C.D.
704 3994 743 4044 ed.
755 4010 792 4058 pr.
952 3999 961 4026 ⁸
979 3997 1210 4060 Domine-arguas
1221 3997 1272 4060 me]
1286 4014 1337 4046 om.

283 4057 377 4107 ΑΜ.
389 4057 428 4106 ed.
440 4073 477 4121 pr.
607 4057 618 4087 l
634 4058 665 4107 cf.
678 4060 717 4108 Ps.
728 4061 761 4109 vi.
776 4073 798 4109 2.
907 4062 926 4093 ¹⁰
942 4061 1049 4126 videtur]
1062 4061 1113 4111 scil.
1125 4063 1175 4116 ira;
1193 4061 1249 4110 libri
1262 4079 1337 4112 manu

283 4122 367 4186 scripti
380 4122 472 4172 habent
488 4124 578 4171 videtur
588 4125 707 4188 nemias
727 4125 828 4190 idquod
844 4141 983 4191 perversum
996 4134 1047 4177 est:
1068 4127 1107 4176 ed.
1115 4143 1153 4192 pr.
1165 4135 1231 4177 recte
1243 4129 1337 4177 omittit

264 4218 266 4265 t
283 4187 430 4236 vocabulum
444 4188 589 4252 ‘superbia’
