2864 5242
581 412 836 493 Josnvrs
877 413 1087 475 νήσω
1279 435 1370 472 nan.

311 576 365 635 sibi
387 577 432 635 vel
457 577 516 635 suis
540 576 723 651 proceribus¹
750 577 927 636 contrarium
952 575 1039 652 hujus
1064 577 1239 649 sententiae,
1265 578 1369 654 quibus

310 674 448 752 applicari
462 684 558 751 potest
572 675 641 732 illud
655 673 763 734 Psalmi
777 675 860 733 xvii:
883 674 949 733 ‘filii
963 673 1066 734 alieni'
1079 675 1193 734 mentiti
1207 686 1278 734 sunt
1291 675 1370 744 mibi,

311 772 359 830 filii
373 772 457 830 alieni
479 772 628 832 inveterati
649 784 765 833 suntet
786 773 1021 831 claudicaverunt
1042 792 1060 833 a
1080 774 1192 833 semitis
1213 775 1291 833 tuis!
1334 773 1370 831 Et

310 889 346 928 ex
367 871 429 928 istis
450 869 601 946 colligitur,
616 871 697 947 quod
719 890 770 929 rex
790 880 820 929 et
840 889 965 947 regnum
986 888 1072 929 suum
1093 870 1205 930 debent
1222 888 1369 948 pauperes

309 968 493 1044 presbyteros
512 968 731 1044 promulgantes
750 969 836 1027 istam
855 969 1030 1028 sententiam
1049 967 1208 1028 defendere
1222 979 1254 1027 et
1268 980 1371 1028 contra

309 1085 500 1144 quoscunque
524 1078 554 1126 et
578 1079 681 1127 contra
705 1067 806 1127 fratres
831 1085 901 1127 suos
924 1079 1088 1144 protegere,
1112 1067 1182 1144 quia
1205 1068 1292 1129 aliter
1316 1074 1369 1127 ‘ex

309 1165 500 1240 sanguinibus
520 1165 566 1223 vel
587 1184 624 1224 ex
646 1165 794 1225 voluntate
817 1166 912 1224 carnis
932 1164 977 1223 vel
1001 1183 1039 1223 ex
1059 1165 1210 1225 voluntate
1230 1167 1286 1224 viri
1311 1166 1369 1224 nati

309 1271 419 1320 suntet
432 1279 494 1319 non
508 1280 546 1320 ex
559 1261 652 1322 Deo⁸'
667 1274 698 1321 et
716 1281 768 1340 per
789 1279 974 1338 consequens
994 1279 1056 1320 non
1075 1263 1136 1320 nati
1155 1271 1226 1321 sunt
1247 1262 1300 1321 lilii
1313 1262 1369 1321 Dei

309 1359 353 1417 vel
364 1359 446 1434 regni
461 1359 612 1418 coelorum
622 1360 674 1418 sed
685 1361 762 1436 regis
774 1359 899 1430 Tartari,
911 1377 980 1418 cum
992 1359 1060 1436 plus
1071 1368 1171 1418 amant
1186 1359 1265 1419 filios
1279 1360 1369 1437 patris

309 1457 462 1529 mendacii,
476 1458 526 1535 qui
540 1458 744 1517 machinantur
757 1461 801 1518 sui
815 1457 1026 1534 dispendium⁴,
1036 1474 1127 1533 quam
1140 1456 1217 1516 filios
1229 1459 1369 1518 veritaris

310 1555 409 1614 Potest
433 1555 513 1614 enim
535 1572 601 1615 esse
624 1556 705 1632 quod
733 1554 949 1633 pseudofratres
976 1565 1005 1613 et
1033 1555 1079 1613 alii
1106 1564 1243 1631 potentes
1272 1554 1370 1616 clerici

310 1670 467 1728 regnorum
481 1663 583 1712 contra
599 1653 818 1730 promulgantes
835 1653 1009 1712 sententiam
1029 1653 1116 1711 istam
1135 1652 1327 1729 conspirent⁶
1339 1663 1368 1712 et

309 1746 406 1828 quod⁰
429 1759 554 1808 mortem
578 1767 681 1808 eorum
705 1767 757 1826 per
782 1759 950 1810 commenta
974 1748 1130 1808 falsissima
1151 1749 1369 1811 machinentur.

311 1848 369 1908 Sed
394 1848 459 1924 quis
483 1846 574 1907 fidelis
595 1847 672 1906 nonl
694 1848 823 1906 horreret
843 1846 1075 1924 corruptionem⁸
1096 1849 1258 1907 sententiae
1281 1849 1369 1925 hujus

311 1946 472 2006 veridicae?
517 1945 605 2005 Unde
632 1947 742 2006 sinon
771 1955 919 2022 sperarent
946 1947 977 2005 in
1005 1945 1176 2006 defensione
1201 1945 1314 2007 Christi
1341 1958 1370 2007 et

311 2044 492 2120 protectione
507 2042 572 2114 Dei,
592 2044 776 2119 promulgare
793 2045 879 2104 istam
898 2043 1072 2104 sententiam
1085 2043 1290 2120 evangelicum
1307 2062 1369 2104 non

312 2141 459 2200 auderent
502 2140 679 2217 Quicunque
692 2141 772 2200 enim
785 2142 977 2201 contrariatur
990 2141 1058 2200 huic
1077 2143 1247 2214 sententiae,
1261 2161 1369 2221 accep-

313 2239 416 2298 tandus
431 2249 476 2298 est
489 2238 607 2297 indubie
622 2249 762 2317 tanquam
775 2238 959 2299 autichristus
968 2238 1062 2298 verbis
1073 2238 1180 2300 Christi
1194 2243 1368 2301 contrarius

312 2336 399 2396 Unde
409 2355 462 2395 vae
474 2336 536 2407 illis,
547 2338 597 2412 qui
610 2337 784 2413 impugnant
795 2337 880 2395 istam
890 2339 1065 2397 sententiam
1075 2336 1252 2397 catholicam
1265 2350 1298 2398 et
1307 2352 1367 2399 tam

313 2435 424 2494 cunctis
432 2433 565 2493 fidelibus
573 2433 744 2494 salutarem!
770 2433 929 2493 Nonenim
938 2445 981 2494 est
992 2434 1084 2495 fidelis
1093 2435 1196 2512 aliquis
1205 2439 1368 2512 praescitus

313 2534 372 2592 sive
394 2531 535 2603 diabolus,
557 2532 628 2607 quin
653 2531 796 2591 sententia
819 2533 874 2590 ista
897 2533 951 2590 sibi
972 2532 1132 2608 proficeret,
1155 2534 1225 2609 quia
1249 2535 1367 2594 cuilibet

315 2631 528 2706 praedestinato
556 2630 709 2706 proficeret
736 2647 798 2688 non
827 2629 921 2688 solum
949 2629 987 2688 ad
1015 2631 1127 2688 bonum
1155 2632 1218 2689 viae
1247 2633 1303 2693 sed
1330 2632 1367 2690 ad

314 2731 426 2786 bonum
448 2729 556 2804 patriae
571 2726 794 2802 impetrandum,
810 2728 878 2802 quia
892 2729 1059 2786 timentibus
1073 2727 1172 2786 Deum
1191 2731 1296 2788 omnia
1317 2748 1366 2790 co·

314 2836 471 2902 operantur
490 2827 521 2882 in
542 2824 677 2894 bonum⁹‚
693 2834 723 2882 et
737 2824 853 2883 cuilibet
873 2826 1027 2901 praescito,
1042 2827 1130 2884 etiam
1151 2827 1281 2897 diabolo
1297 2847 1367 2905 pro·

313 2924 410 2983 desset
430 2924 461 2981 in
481 2922 538 2994 illo,
559 2921 640 2999 quod
661 2923 833 2993 demeritum
858 2941 961 2981 eorum
985 2924 1164 2984 abbreviaret
1186 2936 1216 2984 et
1238 2944 1368 3002 poenam

313 3023 416 3082 inferni
431 3020 651 3098 quodammodo
665 3021 817 3095 mitigaret.

347 3196 355 3224 ¹
372 3192 526 3259 proceribus]
539 3191 658 3256 partibus,
670 3191 703 3239 A.
867 3189 877 3218 ¹
893 3191 979 3255 alieni]
991 3192 1129 3257 alienigeni,
1141 3193 1185 3250 C.;
1203 3195 1235 3244 ci
1249 3196 1290 3245 Ps.
1303 3198 1368 3249 xviii.

315 3261 394 3323 (xvii.)
402 3271 434 3322 45
444 3271 481 3320 sq.
545 3257 555 3286 ⁸
572 3257 602 3306 cl.
613 3256 670 3319 Joh.
679 3256 694 3304 i.
707 3269 744 3318 13.
809 3254 819 3282 ⁴
836 3255 1004 3321 dispendium]
1013 3259 1169 3321 stipendium,
1179 3259 1239 3308 ΟΒ.
1245 3264 1369 3313 secundae

314 3341 409 3375 manus.
475 3323 485 3353 ⁸
501 3320 654 3387 conspirent]
667 3321 844 3385 conspicerent,
856 3323 894 3370 ed.
906 3336 943 3385 pr.
1009 3324 1018 3351 ⁶
1035 3324 1114 3388 quod]
1126 3327 1262 3388 quomodo,
1272 3327 1368 3379 ΑΜ.

314 3392 434 3441 secundae
445 3404 539 3445 manus,
551 3388 589 3436 ed.
601 3403 653 3451 pr.;
671 3386 745 3450 quod,
757 3387 786 3435 C.
798 3387 892 3450 primae
904 3403 998 3437 uranus.
1111 3389 1121 3418 ¹
1138 3390 1201 3455 non]
1214 3407 1266 3441 om.
1278 3394 1320 3444 ed.
1333 3410 1369 3459 pr.

314 3460 323 3486 ⁸
340 3454 534 3522 corruptionem]
547 3467 639 3509 casum,
651 3451 684 3500 D.
696 3451 816 3502 secundae
827 3467 922 3501 manus.
1025 3454 1035 3482 ⁰
1051 3453 1083 3503 cl.
1095 3455 1168 3505 Rom.
1181 3456 1231 3505 viii.
1247 3460 1284 3508 28.
