2864 4836
482 413 738 492 JOANNIS
780 413 990 476 WICLIF
1183 434 1266 469 unm

218 568 296 638 mihi,
311 569 392 644 quod
408 568 499 627 fidelis
518 569 679 627 secundum
698 570 892 645 integritatem
911 568 979 627 fidei
998 566 1090 624 hahet
1111 564 1267 625 necessario

199 668 375 756 pcaritatem,
397 684 464 724 eum
486 666 655 737 daemones,
677 678 706 724 et
724 669 891 743 quicunque
913 668 943 724 in
963 662 1014 724 ea¹
1037 664 1190 735 deficiunt,
1211 670 1268 720 sum

199 804 202 835 ,
218 764 380 822 secundum
395 764 503 840 aliquid
516 764 656 822 infideles.
698 764 805 822 Prona
819 783 891 841 ergo
905 764 1078 840 proprietas,
1094 781 1175 839 quae
1189 761 1269 819 fidem

200 842 414 937 ¹consequitur,
437 872 481 921 est
505 862 586 936 quod
610 864 647 920 sit
669 864 765 921 solum
788 863 824 921 de
848 863 975 931 veritate,
997 861 1125 920 falsitate
1151 859 1268 925 exclusa

219 979 308 1037 quam
322 961 470 1019 veritatem
482 960 568 1018 debet
582 960 674 1019 fidelis
685 962 826 1037 usquead
840 971 965 1019 mortem
977 958 1146 1018 defendere.
1190 954 1269 1016 Unde

220 1076 307 1134 super
321 1059 485 1117 veritatibus
500 1059 744 1135 contingentibus,
760 1069 842 1118 actus
859 1059 1005 1117 humanos
1019 1055 1270 1122 concernentibus

202 1196 204 1206 .
221 1171 281 1211 non
296 1156 462 1214 immediate
477 1166 505 1213 et
520 1156 627 1215 directe
642 1156 714 1215 fides
729 1168 829 1215 nostra
842 1157 966 1232 erigitur,
979 1153 1032 1214 sed
1045 1172 1136 1230 super
1147 1152 1271 1231 qualem·

220 1250 353 1327 cunque²
380 1254 528 1311 veritatem
557 1253 756 1312 affirmativam
783 1254 828 1312 vel
861 1254 1027 1329 negativam
1061 1251 1100 1310 de
1133 1250 1271 1327 praesenti

222 1351 375 1427 praeterito
388 1351 433 1412 vel
447 1350 552 1421 futuro,
567 1351 604 1410 de
624 1352 755 1427 possibili
769 1362 798 1411 et
819 1351 924 1412 etiam⁸
944 1351 981 1410 de
1001 1351 1119 1422 inesse;
1148 1358 1182 1407 ut
1199 1359 1272 1427 patet

223 1449 260 1506 de
280 1449 349 1518 istis,
364 1447 447 1507 Deus
461 1462 513 1519 est,
525 1449 607 1508 Deus
621 1468 683 1508 non
697 1460 741 1508 est
755 1451 886 1527 inJ'ustus,
897 1449 980 1509 Deus
993 1452 1103 1508 creavit
1121 1451 1271 1517 mundum,

222 1545 304 1604 Deus
318 1551 412 1605 veniet
423 1547 460 1605 ad
472 1547 555 1606 finale
568 1548 718 1624 judicium,
729 1548 810 1607 Deus
824 1567 885 1607 non
900 1559 994 1624 potest
1005 1566 1037 1606 se
1049 1549 1148 1625 ipsum
1160 1565 1272 1626 negare,

222 1643 305 1702 Deus
322 1646 460 1720 praemiat
480 1645 611 1704 beatifice
630 1663 700 1705 suos
719 1656 844 1705 sanctos.
887 1644 1013 1705 Secunda
1031 1650 1198 1723 proprietas
1212 1645 1273 1704 fidei

223 1754 275 1814 est,
291 1743 371 1818 quod
386 1744 456 1802 citra
469 1743 747 1803 demonstrationem
762 1755 790 1802 et
810 1744 975 1803 sensibilem
995 1745 1130 1803 notitiam
1145 1744 1274 1804 fidelibus

205 1820 274 1903 lsit⁴
289 1841 423 1910 obscura,
439 1860 506 1899 cum
528 1842 597 1900 illud
617 1842 698 1918 quod
712 1843 843 1901 videmus
865 1842 902 1902 ad
922 1842 1049 1912 oculum,
1071 1844 1197 1902 dicimur
1218 1860 1274 1901 non

225 1940 351 2009 credere,
366 1950 395 1997 et
416 1942 507 1998 sancti
529 1941 579 2017 qui
600 1940 677 1998 clare
697 1940 795 1999 vident
815 1940 959 2010 articulos,
977 1959 1053 2017 quos
1074 1960 1133 2000 nos
1155 1944 1275 2000 obscure

226 2038 443 2112 cognoscimus,
458 2055 520 2095 non
537 2038 671 2096 dicuntur
684 2039 753 2096 eos⁵
766 2038 884 2097 credere
904 2039 957 2098 sed
976 2039 1082 2097 videre.
1125 2039 1216 2099 Unde
1233 2058 1275 2098 se·

226 2136 354 2193 cundum
369 2136 550 2212 apostolum⁸
567 2137 670 2196 caritas
689 2147 788 2195 manet
807 2148 866 2196 tam
886 2139 916 2195 in
931 2138 976 2195 via
989 2155 1079 2213 quarn
1093 2140 1197 2214 patria,
1211 2155 1276 2197 cum

227 2238 233 2263 ‘
244 2250 395 2307 nunquam
406 2233 531 2305 excidit,’
544 2235 595 2293 sed
606 2235 673 2293 loco
685 2235 751 2294 fidei
763 2235 872 2294 habent
883 2236 959 2293 beati
970 2234 1078 2293 claram
1088 2237 1241 2306 visionem,
1250 2246 1277 2293 et

226 2330 378 2406 locoispei
388 2343 558 2408 perpetuam
568 2333 741 2392 fruitionem.
779 2331 876 2390 Tertio
886 2332 953 2391 fidei
963 2333 1125 2408 proprietas
1137 2345 1189 2404 est,
1199 2333 1277 2410 quod

227 2441 271 2489 est
292 2432 370 2489 basis
384 2432 428 2489 vel
450 2432 610 2490 substantia
623 2433 723 2490 viatori
742 2432 875 2490 veniendi
897 2432 935 2490 ad
952 2432 1079 2507 quietam
1098 2430 1277 2490 habitionem

228 2529 447 2588 credendorum.
490 2530 563 2588 Ideo
579 2531 646 2588 dicit
660 2526 825 2606 apostolus⁸
847 2530 927 2606 quod
943 2530 1033 2588 ‘fides
1053 2541 1098 2587 est
1119 2531 1278 2588 substantia

228 2646 323 2686 rerum
338 2628 555 2703 sperandarum,
571 2638 774 2703 argumentum
795 2645 856 2686 non
875 2626 1095 2703 apparentium!
1137 2627 1279 2699 Quamn's

230 2737 325 2783 autem
351 2726 442 2785 fidefis
467 2739 568 2785 noscat
593 2727 715 2786 confuse
739 2745 843 2785 omnes
866 2727 1000 2786 articulos
1022 2727 1098 2796 fidei,
1121 2736 1150 2786 et
1175 2727 1278 2785 habeat

230 2825 418 2881 evidentiam⁹
433 2826 488 2883 et¹⁰
502 2826 780 2884 demonstrationem
795 2826 833 2884 ad
847 2825 960 2900 aliquos
976 2825 1112 2883 articulos
1127 2825 1195 2885 fidei
1210 2844 1278 2900 cog·

231 2921 421 2992 noscendum,
443 2941 504 2980 non
526 2934 624 2982 tamen
645 2933 761 2998 oportet
782 2923 903 2998 ipsum¹¹
928 2923 1034 2981 exhinc
1054 2941 1073 2981 a
1097 2925 1202 2982 merito
1226 2941 1279 2981 suo

231 3018 372 3088 excidere,
388 3020 453 3078 licet
467 3021 557 3078 viator
572 3040 632 3080 non
654 3033 685 3079 ut
706 3022 747 3079 sic
768 3022 872 3080 habeat
894 3021 1035 3079 rationem
1057 3022 1159 3091 meriti,
1175 3020 1280 3098 quod¹¹

232 3117 383 3176 crediderit
403 3120 550 3176 veritatem
573 3119 746 3178 sensibilem.
790 3119 827 3177 Et
850 3121 891 3178 sic
912 3120 1031 3195 intelligi
1052 3129 1149 3196 potest
1173 3120 1280 3196 Grego-

232 3216 329 3285 rz'us¹³‚
344 3217 425 3292 quod
439 3217 511 3275 fides
525 3234 585 3275 non
600 3216 685 3276 habet
704 3219 847 3288 meritum,
863 3219 909 3275 cui
928 3218 1056 3276 humana
1076 3220 1149 3277 ratio
1164 3220 1281 3295 praebet

233 3315 499 3390 experimentum¹⁴.
542 3314 606 3373 Nec
628 3316 722 3384 video,
744 3316 896 3390 quomodo
917 3317 1008 3375 viator
1029 3326 1130 3391 posset
1155 3318 1186 3375 in
1208 3328 1280 3376 statu

235 3414 290 3472 isto
307 3414 520 3489 peregrinando
535 3413 675 3488 proficere
690 3412 727 3471 ad
748 3414 957 3471 beatitudinem
978 3415 1213 3490 promerendam,
1229 3416 1280 3474 nisi

235 3515 329 3589 primo
351 3514 482 3571 omnium
498 3515 532 3572 sit
553 3514 653 3572 fidelis.
695 3513 801 3572 Fidelis
822 3524 919 3572 autem
941 3524 992 3584 est,
1014 3515 1064 3589 qui
1084 3514 1173 3574 habet
1195 3516 1281 3574 fidem

218 3760 220 3812 l

269 3669 275 3695 ¹
294 3667 334 3730 on]
348 3668 456 3724 caritate,
469 3669 501 3717 D.
515 3669 553 3718 ed.
564 3685 600 3732 pr.
765 3668 774 3696 ²
790 3668 995 3733 qualemcunque]
1008 3683 1185 3734 quamcunque,
1197 3670 1235 3719 ed.
1246 3686 1281 3735 pr.

235 3733 244 3761 ⁸
261 3733 347 3796 etiam]
361 3748 410 3781 om.
423 3734 515 3784 ΑΜ.
528 3734 649 3783 secundae
660 3749 754 3782 manus.
844 3733 854 3762 ⁴
870 3734 913 3798 sit]
926 3741 971 3788 est,
984 3734 1016 3782 Α,
1115 3735 1124 3762 ⁵
1141 3735 1195 3798 eos]
1209 3736 1283 3799 ipsos,

218 3824 221 3851 ς
238 3798 331 3848 B.C.D.
345 3798 382 3847 ed.
396 3814 433 3862 pr.
592 3799 602 3826 ⁸
617 3799 771 3863 apostolum]
784 3799 933 3864 apostolum,
948 3799 1080 3850 1Corinth.
1092 3800 1142 3849 xiii.
1155 3800 1193 3849 ed.
1204 3816 1241 3865 pr.
1254 3801 1282 3850 C.

219 3863 221 3911 l
237 3871 296 3913 nota
308 3863 457 3928 marginalis.
579 3863 588 3892 ⁷
605 3864 673 3928 loco]
686 3865 711 3912 in
724 3865 787 3919 loco.
800 3865 892 3913 A.B.C.
905 3865 944 3914 ed.
957 3880 994 3929 pr.
1118 3865 1128 3893 ⁸
1144 3865 1283 3930 apostolus]

219 3944 221 4033 p
236 3930 371 3994 apostolus,
385 3929 464 4024 lipbr.
476 3930 612 4004 nnuc.
625 3931 662 3979 ed.
675 3946 712 3994 pr.
764 3997 779 4025 u
799 3931 809 3959 ⁹
825 3930 983 4005 evidentiam]
996 3929 1118 3985 notitiam.
1130 3931 1284 4025 ενὶάυρυῑὶιω,

219 4038 221 4077 ¹
237 3996 321 4116 dahti.
333 4078 370 4125 pr.
381 4078 387 4117 ;
405 3996 615 4116 uteddediiffnlllfd'
627 4011 664 4060 pr.
683 4060 700 4091 ¹³
717 3995 1145 4136 Gregddidtslinfiifiddldfidhnidhdrilia
1155 4062 1188 4111 de
1198 3995 1285 4110 dcutdhid

238 4125 351 4188 paschae,
363 4127 401 4177 ed.
414 4141 465 4200 pr.;
489 4142 544 4175 cum
558 4133 617 4175 nota
635 4125 763 4190 marginali
779 4126 879 4182 codicis.
892 4127 921 4176 C.
942 4126 1036 4176 liomil.
1051 4125 1089 4175 2⁶.
1102 4128 1171 4192 App.
1183 4127 1199 4175 i.
1214 4139 1283 4189 1¹⁵²·

238 4193 254 4223 ¹⁴
271 4193 546 4259 cui-expenmentum]
559 4208 608 4242 om.
620 4193 658 4241 ed.
670 4208 706 4255 pr.
719 4207 774 4241 cum
787 4192 816 4240 C.
