2864 4836
502 436 758 516 Jonawrs
797 438 1011 502 ursan*
1200 462 1275 502 uam

214 596 364 669 'fatuarum
389 600 461 676 quin
486 601 555 660 satis
580 602 684 672 noscit,
707 601 789 679 quod
812 610 895 662 actus
917 601 965 660 vel
987 618 1069 680 opus
1091 601 1153 663 tale
1172 619 1233 661 nou
1251 599 1283 659 rit

231 696 421 756 essentialiter
436 699 524 758 virtus
538 708 589 758 aut
602 700 711 770 vitium,
726 699 779 760 sed
799 699 898 776 potius
916 698 1173 761 habitudinaliter²
1185 699 1283 759 [παπ

231 793 304 870 ejus.
346 794 419 854 Ideo
444 807 561 874 oportet
584 797 684 858 fideles
711 815 767 875 pro
791 797 938 858 intellectu
964 797 1129 874 scripturae
1158 798 1284 875 aequim-

231 891 362 952 cationes
384 894 454 953 istas
474 912 663 971 cognoscere.
706 896 744 956 Et
764 897 807 957 sic
827 913 894 956 vere
916 894 1080 967 concludis,
1101 896 1189 974 quod
1211 903 1285 955 acus
1326 914 1328 977 ζ

230 989 316 1066 gulae
336 1001 366 1050 et
380 992 490 1051 virtutis
506 993 560 1051 sibi
580 994 736 1070 oppositae
757 994 891 1054 consistit
912 995 943 1053 in
961 994 1165 1066 successione,
1178 992 1232 1054 sed
1245 1002 1285 1052 est

231 1087 300 1147 dare
320 1089 409 1166 longe
430 1090 546 1150 alterius
567 1102 686 1151 naturae
706 1092 838 1151 habitum
861 1091 1065 1163 donnientem,
1086 1102 1118 1152 et
1142 1092 1188 1152 sic
1207 1091 1284 1151 nimis

153 1209 192 1273 eg·
231 1189 416 1264 aequivocas.
458 1188 507 1246 Ad
527 1191 673 1248 secundant
693 1200 773 1248 tuam
794 1190 971 1260 instantiam,
985 1205 1063 1266 quae
1084 1200 1131 1249 est
1152 1189 1284 1259 subtilior,

39 1248 82 1313 ⁰¹
116 1291 135 1356 ἦ
230 1286 325 1361 primo
347 1285 482 1363 intellige,
496 1287 577 1363 quod
597 1305 750 1365 nunquam
770 1297 853 1348 actus
871 1287 973 1366 jejunii
992 1288 1207 1364 ΡΥὲῑθθῑΡῙῘῑῑῐα
1222 1302 1284 1364 1³¹⁰·

230 1382 317 1442 dente
338 1385 393 1442 nisi
414 1394 532 1461 propter
552 1385 684 1444 habitum
704 1395 734 1444 et
754 1385 880 1445 fructum
894 1384 984 1445 alium
1003 1385 1101 1461 magis
1120 1386 1285 1457 bonumut

229 1480 407 1557 quandoque
420 1499 475 1558 pro
486 1483 605 1542 crimine
616 1483 819 1561 praecavendo
829 1493 859 1543 et
869 1483 1047 1561 quandoque
1058 1500 1116 1560 pro
1126 1484 1284 1544 oomni-0

229 1578 350 1636 crimine
380 1580 584 1656 abstergendo,
609 1591 641 1641 ut
668 1582 750 1641 multi
774 1589 944 1659 spumarent
968 1581 999 1639 in
1022 1580 1179 1641 libidinem
1202 1591 1284 1659 atque

229 1675 381 1749 luxuriam,
395 1679 450 1738 nisi
464 1679 567 1738 ceteris
580 1681 699 1756 paribus
711 1681 884 1758 jejunarent,
899 1678 938 1740 ad
950 1678 1185 1756 abstergendum
1200 1678 1285 1739 multa

230 1774 340 1834 scelera
361 1786 534 1854 perpetrata,
548 1779 667 1854 expedit
686 1778 783 1838 multis
796 1787 829 1837 ut
848 1777 967 1838 doleant
984 1776 1167 1855 jejunaud03
1197 1777 1285 1837 etsie

225 1874 377 1952 jejunium,
403 1875 484 1951 quod
509 1886 553 1935 est
581 1877 755 1937 abstinentia
779 1896 797 1937 a
821 1886 953 1954 peccato,
975 1884 1021 1935 est
1048 1873 1284 1936 commendabile

228 1981 368 2049 tanquam
386 1972 460 2032 finis.
501 1972 590 2033 Unde
604 1973 709 2034 Esaiae
723 1975 788 2035 lviii
804 1974 952 2034 scribitur:
974 1972 1148 2050 ‘Numquid
1166 1972 1228 2033 hoc
1243 1979 1285 2032 est

226 2069 369 2147 jejunium
379 2071 460 2147 quod
471 2070 569 2148 elegi¹,
580 2071 648 2132 dicit
659 2071 815 2144 Dominus,
830 2090 883 2148 per
896 2072 974 2131 diem
988 2070 1142 2130 hominem
1157 2069 1284 2147 affligere

228 2168 356 2226 animam
377 2168 509 2228 suam⁸?'
537 2170 589 2231 sed
610 2171 707 2247 potius
720 2170 752 2229 in
773 2170 986 2229 abstinentias
1004 2176 1183 2245 peccaset
1204 2184 1284 2226 com·

228 2268 354 2344 pletione
377 2268 474 2344 operis
497 2268 624 2338 virtuosi,
648 2264 692 2328 et⁴
716 2278 813 2328 narrat
834 2267 925 2327 multa
946 2284 1047 2343 opera,
1073 2282 1152 2342 quae
1175 2267 1207 2324 in
1230 2282 1284 2324 suo

228 2364 339 2441 populo
359 2363 551 2425 deleeemntt
593 2366 632 2425 Et
656 2376 689 2426 ut
708 2366 881 2426 Pharisaeos
901 2375 1018 2425 nostros
1042 2363 1184 2440 alloquar,
1205 2362 1282 2423 oculi

226 2461 374 2538 religionis
388 2472 506 2522 nostrae
519 2465 646 2540 privatae
661 2465 814 2542 supercilio
828 2465 884 2523 isto
895 2461 1060 2523 Pharisaico
1078 2462 1204 2520 nimium
1213 2470 1280 2521 suut

227 2562 353 2632 caecati;
386 2561 452 2637 plus
476 2563 555 2620 enim
581 2563 777 2639 appretiantur
801 2561 952 2638 corporale
977 2560 1122 2637 jejunium
1147 2560 1193 2619 vel
1217 2561 1282 2638 ejus

226 2661 401 2736 ruptionem,
423 2677 498 2735 quae
520 2670 620 2735 patent
641 2660 679 2718 ad
701 2659 828 2731 oculum,
849 2677 939 2735 quam
960 2659 1105 2736 jejunium
1129 2658 1281 2735 spirituale,

226 2757 294 2816 ideo
308 2755 415 2815 ‘libera
429 2774 485 2814 nos
500 2755 629 2816 Domine
649 2775 666 2815 a
686 2757 808 2818 stultitiis
828 2757 950 2817 istomm
969 2753 1140 2814 ordinumt'
1184 2755 1222 2815 Et
1241 2757 1281 2814 sic

226 2853 349 2913 concedi
370 2854 456 2913 debet
477 2854 558 2930 quod
579 2855 669 2914 homo
691 2857 721 2914 in
742 2855 839 2915 multis
860 2854 976 2915 casibus
990 2854 1077 2913 debet
1097 2854 1181 2914 esse'
1196 2870 1281 2912 causa

226 2970 278 3028 per
298 2952 436 3011 accidens
450 2970 540 3028 quare
560 2954 748 3029 corporaliter
767 2951 925 3023 occidatur,
940 2964 972 3012 ut
993 2962 1072 3027 patet
1093 2949 1131 3011 de
1147 2952 1282 3028 jejunan-

225 3050 302 3109 tibus
327 3059 412 3127 atque
437 3051 608 3110 martiribus.
659 3050 724 3111 Nec
748 3051 855 3110 exinde
880 3051 998 3110 incurrit
1022 3049 1114 3109 homo
1139 3051 1282 3128 praevari-

226 3149 373 3207 cationem
395 3148 516 3207 secundi
537 3148 668 3208 mandati
692 3148 838 3208 secundae
859 3147 990 3207 tabulae:
1020 3145 1110 3206 ‘Non
1132 3144 1281 3207 occidesl’

226 3264 293 3306 cum
310 3246 396 3305 debet
413 3245 542 3323 intelligi,
558 3247 639 3322 quod
660 3263 749 3305 nemo
771 3246 858 3305 debet
878 3246 984 3322 injuste
1004 3245 1150 3304 occidere.
1191 3245 1283 3305 Aliter

226 3345 305 3403 enim
320 3342 401 3402 Deus
416 3342 531 3403 dicens⁸
546 3343 757 3402 Deuteronom.
772 3340 893 3403 xxxii.⁰:
924 3343 1007 3420 ‘Ego
1021 3342 1167 3414 occidam,
1181 3355 1212 3402 et
1225 3362 1283 3420 ego

226 3444 319 3501 vivere
335 3439 568 3501 saciam10'f0ret
581 3442 840 3501 communissimus
855 3440 1011 3500 homicida.
1047 3440 1120 3500 Ideo
1131 3441 1283 3501 videamus

226 3540 306 3615 quod
328 3558 390 3598 non
412 3541 517 3617 injuste
538 3540 584 3599 vel
606 3539 804 3616 imprudenter
826 3541 1029 3599 abbreviemus
1051 3539 1082 3598 in
1103 3538 1162 3598 hoc
1183 3539 1283 3599 seculo

224 3645 340 3712 ternpus
355 3649 496 3710 nostrum,
511 3638 564 3697 sed
579 3635 721 3698 debemus
735 3637 872 3697 audacter
890 3636 948 3697 hoc
966 3636 1070 3707 facere,
1084 3653 1154 3696 cum
1174 3638 1283 3697 scimus

259 3840 268 3871 ¹
285 3839 499 3935 habitudinaliter]
520 3840 686 3896 habitualiter,
704 3841 743 3892 ed.
765 3858 802 3906 pr.
977 3840 1081 3907 'elegfl
1099 3840 1166 3920 eligi,
1185 3843 1225 3893 ed.
1245 3860 1282 3922 pf.

224 3904 384 3956 'Iesalviii
415 3943 420 3954 .

226 3971 297 4035 num]
310 3919 440 4021 votum⁵ad
451 3970 557 4020 sormam
567 3970 668 4020 litaniae
678 3985 825 4036 expressum.
890 3971 901 4001 ’
917 3972 990 4022 debet
1000 3987 1055 4022 esse
1077 3971 1176 4028 dicitur,
1187 3974 1282 4025 ΑΒΕ.

224 4036 234 4064 ⁸
245 4036 341 4101 dicens]
349 4036 416 4101 quod
423 4036 492 4086 Deus
498 4036 566 4093 dicit,
576 4037 619 4093 C.;
632 4036 701 4086 Deus
708 4038 750 4101 qui
757 4037 825 4093 dicit,
834 4037 866 4085 D.
874 4037 911 4087 ed.
921 4053 958 4102 pr.
1023 4038 1034 4067 ⁹
1103 4044 1182 4088 teron.
1192 4040 1281 4104 xxxii]

226 4100 326 4151 Deuter.
349 4102 437 4158 xxxiii,
460 4101 536 4158 Α.Β.;
566 4100 641 4151 Deut.
663 4102 729 4158 xxii..
747 4102 785 4152 ed.
807 4118 845 4179 pr.
888 4103 970 4153 Iocus
992 4109 1030 4152 est
1049 4102 1124 4153 Dent
1145 4104 1219 4153 xxxii.
1238 4119 1281 4169 39.

227 4165 245 4195 ¹⁰
261 4166 361 4231 faciam]
375 4167 458 4280 23⁶4
470 4183 506 4231 pr.
524 4166 592 4216 addit
603 4167 677 4217 verba
689 4174 815 4218 contextm
832 4175 918 4218 nostro
934 4169 1016 4218 minus
1031 4176 1105 4232 apta:
1127 4170 1281 4232 ‘percutiam

226 4238 250 4281 et
261 4246 309 4295 ego
321 4247 380 4280 sana
416 4233 430 4280 .'

511 3905 548 3970 et]
560 3914 596 3962 ut,
608 3906 641 3955 D.
740 3906 750 3936 ⁵
766 3907 829 3956 lesa.
840 3905 899 3956 lviii.
912 3906 1002 3970 6-14.
1100 3907 1111 3937 l
1127 3907 1206 3958 libem
1216 3910 1282 3959 ordr-
