2864 4836
73 354 77 361 ·
144 346 184 391 10
487 328 940 392 PROLEGOMENA.

140 493 235 553 forma
258 495 321 552 libri
345 493 489 571 dialoglca
513 494 586 552 haec
611 491 702 551 latur:
739 491 954 551 ‘confabulatio
982 491 1069 550 trium
1096 509 1290 568 personarum

140 598 297 677 plurimum
321 602 447 660 obscura
472 610 525 672 est,
547 599 755 660 sententiarum
777 608 879 658 tenore
900 599 999 657 stricto
1021 607 1108 670 caret,
1130 616 1229 675 neque
1252 598 1290 658 ad

139 717 251 766 certum
272 707 440 783 perducitur
460 703 558 764 linem'
575 705 687 780 (Brun,
701 704 759 764 Die
779 704 938 764 christliche
955 702 1049 762 Lehre
1066 721 1120 762 von
1138 703 1188 762 der
1200 701 1290 762 Drei-

137 815 268 891 er'mgkeil
295 814 356 872 und
374 812 632 890 Mmschwerdung
654 815 685 871 in
710 813 791 871 ihrer
810 810 1041 889 geschichtlichen
1063 809 1289 887 Enlwt’ckclung,

138 924 179 984 11.
202 921 284 1000 899).
327 922 426 982 Nemo
448 930 545 981 autem
566 922 661 998 magis
682 921 780 997 inique
799 937 834 979 ac
853 919 1023 979 contemtim
1044 917 1081 978 de
1101 918 1200 995 operis
1220 918 1288 979 stilo

136 1030 276 1108 judicavit
296 1046 386 1106 quarn
407 1037 508 1088 auctor
526 1027 645 1105 quidam
659 1025 799 1086 ecclesiae
813 1025 968 1085 Romanae
984 1024 1147 1102 adscriptus
1165 1025 1288 1084 nomine

138 1133 258 1206 Kerker,
273 1133 346 1193 haec
361 1134 524 1194 disserens:
551 1133 691 1212 ‘Joannis
705 1132 809 1192 Wiclili
821 1149 918 1192 sermo
932 1129 1054 1191 Latinus
1068 1140 1155 1206 atque
1169 1140 1288 1190 senten·

139 1241 244 1301 tiarum
263 1258 357 1300 nexus
377 1239 453 1300 adeo
474 1241 616 1313 insolitus,
636 1239 800 1317 perplexus,
820 1239 989 1299 barbaricus
1009 1246 1121 1309 estut,
1141 1236 1223 1313 quod
1243 1247 1288 1297 est

140 1344 257 1425 aliquid,
278 1348 326 1406 vix
349 1347 439 1407 ullum
463 1348 611 1407 literarum
638 1357 862 1408 monumentum
889 1347 938 1406 illa
965 1355 1059 1408 aetate
1087 1346 1287 1422 compositum

141 1458 310 1528 inveniatur,
332 1457 413 1534 quod
434 1467 621 1516 monstruosa
641 1456 756 1516 dicendi
778 1457 889 1516 ratione
910 1473 979 1515 cum
999 1454 1141 1531 Trialogo
1165 1453 1288 1532 aliisque

142 1563 274 1641 ejusdem
293 1564 343 1622 viri
358 1564 471 1640 scriptis
486 1562 609 1623 conferri
624 1559 725 1639 possit'
742 1560 992 1635 (Kirchenlexicon
1010 1579 1063 1620 von
1077 1559 1214 1619 Wsrzns
1227 1561 1291 1618 und

144 1669 267 1740 Wunru,
283 1668 336 1728 XI.
351 1673 435 1745 940).

182 1776 269 1836 Plura
289 1776 456 1855 hujusmodi
476 1774 613 1854 suffragia
632 1768 813 1835 accumulare
833 1773 1011 1851 superfluum
1030 1772 1121 1832 luerit.
1162 1770 1209 1830 Ex
1229 1770 1285 1843 his,

140 1900 215 1960 quae
230 1883 384 1955 attulimus,
403 1883 473 1943 satis
491 1882 593 1953 elucet,
610 1881 742 1959 plurimis
761 1889 877 1940 nostrae
896 1880 997 1940 aetatis
1011 1879 1078 1938 viris
1092 1877 1163 1937 nihil
1176 1878 1286 1956 maJ'ori

139 1986 227 2048 luisse
244 1989 401 2050 offensioni
421 1998 507 2066 atque
528 1988 651 2059 fastidio,
671 2006 759 2066 quam
777 1987 903 2046 formam
923 1987 1038 2047 dicendi
1059 1985 1235 2063 peculiarem
1255 1984 1288 2058 in

138 2095 280 2174 Trialogo
309 2096 510 2173 conspicuam.
551 2095 627 2155 lllud
654 2096 742 2167 enim,
767 2094 849 2171 quod
872 2093 1003 2154 Boursics
1030 2093 1178 2169 vituperat,
1204 2090 1286 2151 baud

139 2218 206 2261 vere
221 2221 256 2260 ac
269 2203 345 2278 juste
360 2201 491 2280 proferri,
503 2219 591 2260 nemo
606 2202 778 2262 luculentius
792 2201 991 2278 comprobavit
1005 2218 1095 2276 quam
1111 2198 1284 2268 lavalddrs,

139 2307 248 2385 quippe
263 2308 313 2383 qui
327 2306 449 2384 Joannis
463 2306 568 2366 Wiclifi
583 2308 745 2367 doctrinam
759 2326 795 2366 er
810 2307 952 2385 Trialogo
966 2307 1158 2383 potissimum,
1173 2304 1286 2364 collatis

140 2413 202 2474 aliis
211 2413 385 2490 quibusdam
394 2411 525 2489 ejusdem
535 2413 709 2483 tractatibus,
715 2413 755 2472 ita
763 2412 994 2490 explicaverunt
1001 2420 1173 2488 argumenta
1180 2421 1209 2470 et
1218 2428 1286 2471 sen·

140 2521 244 2580 tentias
258 2519 384 2579 auctoris
394 2519 440 2578 via
454 2536 488 2578 ac
499 2519 609 2578 ratione
621 2529 768 2594 promeret
779 2517 848 2592 (Die
856 2518 933 2577 theol.
945 2517 1073 2577 Doctrr'n.
1081 2514 1114 2594 J.
1131 2516 1285 2594 Wyclt'ffls,

141 2627 478 2709 Zerlscltrsssllrluitor.
497 2627 586 2687 771εοὶ.
603 2630 689 2701 1846,
704 2641 854 2703 r7r‚503;
878 2632 964 2703 1847,
976 2643 1033 2702 597
1050 2629 1116 2704 sq).
1145 2626 1286 2686 Ceterum

142 2735 179 2794 de
195 2735 311 2795 dicendi
324 2734 425 2806 modo,
443 2753 533 2812 quem
547 2734 718 2812 perplexum
733 2745 760 2794 et
774 2736 958 2794 barbaricum
978 2753 1042 2794 esse
1056 2744 1284 2811 conqueruntur,

141 2841 239 2899 mitius
251 2841 403 2917 judicabis,
415 2841 440 2900 si
450 2840 579 2900 seculum
590 2850 618 2900 et
630 2840 751 2899 aliorum
766 2841 930 2918 aequalium
944 2841 1102 2901 dictionem
1112 2840 1286 2916 respexeris,

141 2946 172 3006 id
192 2945 273 3023 quod
287 2947 421 3006 editionis
434 2947 572 3024 principis
586 2946 727 3023 prologus
742 2948 807 3024 jure
826 2965 880 3006 suo
901 2947 1065 3025 postulavit
1107 2945 1286 3024 Quicunque

139 3053 244 3112 librum
259 3070 321 3112 non
340 3053 433 3113 obiter
453 3052 644 3129 degustaverit
663 3052 716 3112 sed
735 3055 834 3113 animo
852 3054 997 3113 constanti
1012 3063 1105 3112 totum
1119 3052 1284 3130 perlegerit,

138 3159 230 3219 multa
252 3159 427 3236 simpliciter,
453 3159 557 3231 lucide,
582 3161 704 3236 graviter
727 3161 805 3220 dicta
828 3161 963 3233 inveniet,
985 3160 1191 3220 obscuritatem
1214 3177 1284 3219 vero

138 3268 282 3328 sermonis
303 3264 467 3326 scholastici
492 3265 523 3323 in
545 3265 690 3341 prioribus
711 3265 880 3342 praesertim
900 3265 979 3325 libris
1005 3264 1211 3342 deprehendet,
1232 3265 1284 3324 ubi

137 3373 215 3432 haud
230 3390 295 3433 raro
310 3372 495 3450 quaestiones
506 3369 672 3430 dialecticae
688 3382 773 3449 atque
787 3371 1003 3450 metaphysicae
1015 3380 1181 3431 tractantur.
1224 3370 1285 3432 His

136 3496 205 3538 vero
220 3478 257 3537 de
270 3481 357 3537 rebus
376 3477 423 3537 alii
437 3487 572 3537 auctores
592 3476 766 3548 scholastici,
781 3479 831 3554 qui
850 3478 950 3538 seculo
964 3478 1039 3537 XIV
1052 3479 1220 3549 floruerunt,
1234 3478 1283 3537 vix

136 3572 297 3661 simplicius
308 3596 358 3644 aut
368 3585 490 3645 lucidius
501 3596 631 3662 cgemnt.
671 3585 777 3663 Neque
788 3588 910 3646 omnino
922 3586 1035 3658 desunt,
1046 3588 1096 3665 qui
1107 3587 1283 3647 sententiam

136 3711 262 3769 aequam
273 3711 308 3752 ac
320 3691 428 3768 justam
442 3691 566 3753 nrlerint.
602 3692 944 3770 Baumgarten-Crusius,
956 3695 998 3753 vir
1008 3694 1183 3755 clarissimus
1195 3704 1284 3772 atque

137 3802 168 3860 in
187 3801 267 3860 libris
286 3799 466 3860 scholasticis
485 3800 704 3872 versatissimus,
724 3800 798 3861 haec
816 3801 853 3862 de
872 3802 1016 3880 Trialogo
1034 3802 1170 3880 protulit:
1192 3802 1284 3862 ‘liber

136 3909 327 3970 scholasticus
342 3909 460 3986 quidem
474 3918 503 3968 et
516 3908 627 3968 tonnae
642 3910 816 3986 asperrimae
830 3928 865 3970 ac
879 3911 1071 3983 difficillimae,
1081 3928 1181 3970 vemm
1195 3911 1285 3987 copia

136 4028 168 4076 et
188 4017 325 4077 varietate
345 4018 553 4076 sententiarum
572 4015 697 4093 plurima
715 4016 789 4077 illius
808 4019 909 4078 aetatis
928 4029 1121 4080 monumenta
1139 4036 1285 4097 superans

137 4122 311 4196 (Handtuch
325 4125 374 4182 der
388 4123 669 4201 Dogmengeschichtl,
684 4123 708 4182 1.
725 4123 740 4200 l
759 4126 804 4183 16.
819 4130 933 4201 annot.)

145 4308 151 4328 δ
180 4228 331 4290 Praeterea
339 4230 479 4304 nonnulli,
490 4231 539 4308 qui
550 4231 624 4291 libro
635 4231 765 4295 subtilius
775 4232 985 4308 perscrutando
996 4249 1118 4310 operam
1129 4230 1282 4305 dederunt,
