<?xml version="1.0" encoding="UTF-8"?>
<!DOCTYPE html PUBLIC "-//W3C//DTD XHTML 1.0 Transitional//EN"
    "http://www.w3.org/TR/xhtml1/DTD/xhtml1-transitional.dtd">
<html xmlns="http://www.w3.org/1999/xhtml" xml:lang="en" lang="en">
 <head>
  <title>
</title>
<meta http-equiv="Content-Type" content="text/html;charset=utf-8" />
  <meta name='ocr-system' content='tesseract 3.04.00' />
  <meta name='ocr-capabilities' content='ocr_page ocr_carea ocr_par ocr_line ocrx_word'/>
</head>
<body>
  <div class='ocr_page' id='page_1' title='image "./trialoguscumsup00lechgoog_0393.png"; bbox 0 0 2864 4836; ppageno 0'>
   <div class='ocr_carea' id='block_1_1' title="bbox 545 412 1338 505">
    <p class='ocr_par' dir='ltr' id='par_1_1' title="bbox 545 412 1338 505">
     <span class='ocr_line' id='line_1_1' title="bbox 545 412 1338 505; baseline 0.003 -28"><span class='ocrx_word' id='word_1_1' title='bbox 545 412 800 495; x_wconf 71' lang='lat' dir='ltr'>fornum</span> <span class='ocrx_word' id='word_1_2' title='bbox 839 415 1073 505; x_wconf 55' lang='grc' dir='ltr'>ηοω</span> <span class='ocrx_word' id='word_1_3' title='bbox 1265 446 1338 482; x_wconf 67' lang='lat' dir='ltr'>m.</span> 
     </span>
    </p>
   </div>
   <div class='ocr_carea' id='block_1_2' title="bbox 276 576 1337 1732">
    <p class='ocr_par' dir='ltr' id='par_1_2' title="bbox 276 576 1337 1732">
     <span class='ocr_line' id='line_1_2' title="bbox 277 576 1337 660; baseline 0.005 -23"><span class='ocrx_word' id='word_1_4' title='bbox 277 578 386 638; x_wconf 89' lang='lat' dir='ltr'>scelere</span> <span class='ocrx_word' id='word_1_5' title='bbox 407 596 469 638; x_wconf 90' lang='lat' dir='ltr'>non</span> <span class='ocrx_word' id='word_1_6' title='bbox 489 579 628 655; x_wconf 84' lang='lat' dir='ltr'><strong>quiescet.</strong></span> <span class='ocrx_word' id='word_1_7' title='bbox 671 576 781 637; x_wconf 92' lang='lat' dir='ltr'>Dicunt</span> <span class='ocrx_word' id='word_1_8' title='bbox 801 577 881 636; x_wconf 90' lang='lat' dir='ltr'>enim</span> <span class='ocrx_word' id='word_1_9' title='bbox 901 579 993 652; x_wconf 91' lang='lat' dir='ltr'>quod</span> <span class='ocrx_word' id='word_1_10' title='bbox 1008 576 1179 641; x_wconf 77' lang='lat' dir='ltr'>Christum</span> <span class='ocrx_word' id='word_1_11' title='bbox 1200 592 1337 660; x_wconf 75' lang='lat' dir='ltr'>aequm</span> 
     </span>
     <span class='ocr_line' id='line_1_3' title="bbox 277 673 1335 757; baseline 0.002 -22"><span class='ocrx_word' id='word_1_12' title='bbox 277 678 307 735; x_wconf 88' lang='lat' dir='ltr'>in</span> <span class='ocrx_word' id='word_1_13' title='bbox 324 677 382 734; x_wconf 86' lang='lat' dir='ltr'>vita</span> <span class='ocrx_word' id='word_1_14' title='bbox 400 676 572 753; x_wconf 88' lang='lat' dir='ltr'>praecipue;</span> <span class='ocrx_word' id='word_1_15' title='bbox 597 675 651 735; x_wconf 89' lang='lat' dir='ltr'>sed</span> <span class='ocrx_word' id='word_1_16' title='bbox 669 674 823 752; x_wconf 91' lang='lat' dir='ltr'>quomodo</span> <span class='ocrx_word' id='word_1_17' title='bbox 842 683 942 750; x_wconf 88' lang='lat' dir='ltr'>potest</span> <span class='ocrx_word' id='word_1_18' title='bbox 957 673 1121 750; x_wconf 77' lang='lat' dir='ltr'>ChrIstus,</span> <span class='ocrx_word' id='word_1_19' title='bbox 1137 682 1191 757; x_wconf 92' lang='lat' dir='ltr'>qui</span> <span class='ocrx_word' id='word_1_20' title='bbox 1210 680 1301 739; x_wconf 83' lang='lat' dir='ltr'>dilexit</span> <span class='ocrx_word' id='word_1_21' title='bbox 1313 694 1335 737; x_wconf 81' lang='lat' dir='ltr'>et</span> 
     </span>
     <span class='ocr_line' id='line_1_4' title="bbox 277 770 1335 855; baseline 0.004 -24"><span class='ocrx_word' id='word_1_22' title='bbox 277 774 369 832; x_wconf 89' lang='lat' dir='ltr'>oravit</span> <span class='ocrx_word' id='word_1_23' title='bbox 382 790 437 850; x_wconf 92' lang='lat' dir='ltr'>pro</span> <span class='ocrx_word' id='word_1_24' title='bbox 457 774 517 833; x_wconf 83' lang='lat' dir='ltr'>suis</span> <span class='ocrx_word' id='word_1_25' title='bbox 535 773 668 844; x_wconf 77' lang='lat' dir='ltr'>inimIcis,</span> <span class='ocrx_word' id='word_1_26' title='bbox 682 771 783 832; x_wconf 90' lang='lat' dir='ltr'>fideles</span> <span class='ocrx_word' id='word_1_27' title='bbox 799 771 865 831; x_wconf 91' lang='lat' dir='ltr'>illos</span> <span class='ocrx_word' id='word_1_28' title='bbox 882 770 936 831; x_wconf 89' lang='lat' dir='ltr'>niti</span> <span class='ocrx_word' id='word_1_29' title='bbox 955 774 1150 852; x_wconf 80' lang='lat' dir='ltr'>extinguere</span> <span class='ocrx_word' id='word_1_30' title='bbox 1165 778 1335 855; x_wconf 85' lang='lat' dir='ltr'>propterhoe</span> 
     </span>
     <span class='ocr_line' id='line_1_5' title="bbox 277 869 1334 951; baseline 0.007 -22"><span class='ocrx_word' id='word_1_31' title='bbox 277 871 358 948; x_wconf 91' lang='lat' dir='ltr'>quod</span> <span class='ocrx_word' id='word_1_32' title='bbox 376 870 510 930; x_wconf 89' lang='lat' dir='ltr'>laborant</span> <span class='ocrx_word' id='word_1_33' title='bbox 528 871 673 930; x_wconf 78' lang='lat' dir='ltr'>cantative</span> <span class='ocrx_word' id='word_1_34' title='bbox 693 869 835 948; x_wconf 85' lang='lat' dir='ltr'>proficere</span> <span class='ocrx_word' id='word_1_35' title='bbox 853 870 999 930; x_wconf 82' lang='lat' dir='ltr'>membris</span> <span class='ocrx_word' id='word_1_36' title='bbox 1019 873 1113 933; x_wconf 83' lang='lat' dir='ltr'>suis?</span> <span class='ocrx_word' id='word_1_37' title='bbox 1150 875 1190 935; x_wconf 92' lang='lat' dir='ltr'>In</span> <span class='ocrx_word' id='word_1_38' title='bbox 1209 877 1265 935; x_wconf 90' lang='lat' dir='ltr'>hoc</span> <span class='ocrx_word' id='word_1_39' title='bbox 1279 891 1334 951; x_wconf 69' lang='lat' dir='ltr'>eigo</span> 
     </span>
     <span class='ocr_line' id='line_1_6' title="bbox 278 968 1333 1051; baseline 0.004 -24"><span class='ocrx_word' id='word_1_40' title='bbox 278 969 378 1027; x_wconf 83' lang='lat' dir='ltr'>fratres</span> <span class='ocrx_word' id='word_1_41' title='bbox 402 968 555 1028; x_wconf 81' lang='lat' dir='ltr'>manifeste</span> <span class='ocrx_word' id='word_1_42' title='bbox 583 968 752 1039; x_wconf 87' lang='lat' dir='ltr'>ostendunt,</span> <span class='ocrx_word' id='word_1_43' title='bbox 776 968 860 1044; x_wconf 86' lang='lat' dir='ltr'>cujus</span> <span class='ocrx_word' id='word_1_44' title='bbox 886 977 957 1027; x_wconf 89' lang='lat' dir='ltr'>sunt</span> <span class='ocrx_word' id='word_1_45' title='bbox 987 969 1043 1028; x_wconf 85' lang='lat' dir='ltr'>filii</span> <span class='ocrx_word' id='word_1_46' title='bbox 1074 982 1110 1031; x_wconf 88' lang='lat' dir='ltr'>et</span> <span class='ocrx_word' id='word_1_47' title='bbox 1139 974 1291 1051; x_wconf 88' lang='lat' dir='ltr'>quomodo</span> <span class='ocrx_word' id='word_1_48' title='bbox 1310 972 1333 1031; x_wconf 89' lang='lat' dir='ltr'>ir</span> 
     </span>
     <span class='ocr_line' id='line_1_7' title="bbox 277 1065 1332 1150; baseline 0.005 -26"><span class='ocrx_word' id='word_1_49' title='bbox 277 1065 427 1125; x_wconf 90' lang='lat' dir='ltr'>reddendo</span> <span class='ocrx_word' id='word_1_50' title='bbox 442 1066 552 1125; x_wconf 90' lang='lat' dir='ltr'>malum</span> <span class='ocrx_word' id='word_1_51' title='bbox 566 1083 621 1143; x_wconf 89' lang='lat' dir='ltr'>pro</span> <span class='ocrx_word' id='word_1_52' title='bbox 635 1067 717 1125; x_wconf 91' lang='lat' dir='ltr'>bono</span> <span class='ocrx_word' id='word_1_53' title='bbox 731 1066 859 1126; x_wconf 89' lang='lat' dir='ltr'>nituntur</span> <span class='ocrx_word' id='word_1_54' title='bbox 869 1065 1028 1142; x_wconf 86' lang='lat' dir='ltr'>complere</span> <span class='ocrx_word' id='word_1_55' title='bbox 1039 1071 1168 1130; x_wconf 82' lang='lat' dir='ltr'>monita</span> <span class='ocrx_word' id='word_1_56' title='bbox 1178 1073 1267 1150; x_wconf 82' lang='lat' dir='ltr'>patris</span> <span class='ocrx_word' id='word_1_57' title='bbox 1278 1068 1332 1130; x_wconf 69' lang='lat' dir='ltr'>mii</span> 
     </span>
     <span class='ocr_line' id='line_1_8' title="bbox 279 1163 1332 1242; baseline 0.006 -21"><span class='ocrx_word' id='word_1_58' title='bbox 279 1163 392 1223; x_wconf 82' lang='lat' dir='ltr'>Revera</span> <span class='ocrx_word' id='word_1_59' title='bbox 412 1164 487 1222; x_wconf 90' lang='lat' dir='ltr'>inter</span> <span class='ocrx_word' id='word_1_60' title='bbox 506 1165 608 1224; x_wconf 88' lang='lat' dir='ltr'>omnia</span> <span class='ocrx_word' id='word_1_61' title='bbox 627 1174 758 1242; x_wconf 76' lang='lat' dir='ltr'>peccata,</span> <span class='ocrx_word' id='word_1_62' title='bbox 771 1181 847 1242; x_wconf 87' lang='lat' dir='ltr'>quae</span> <span class='ocrx_word' id='word_1_63' title='bbox 864 1180 1001 1240; x_wconf 88' lang='lat' dir='ltr'>unquam</span> <span class='ocrx_word' id='word_1_64' title='bbox 1023 1169 1224 1229; x_wconf 80' lang='lat' dir='ltr'>consideravi</span> <span class='ocrx_word' id='word_1_65' title='bbox 1244 1170 1278 1229; x_wconf 85' lang='lat' dir='ltr'>de</span> <span class='ocrx_word' id='word_1_66' title='bbox 1289 1168 1332 1227; x_wconf 83' lang='lat' dir='ltr'>Irr-</span> 
     </span>
     <span class='ocr_line' id='line_1_9' title="bbox 277 1262 1331 1345; baseline 0.006 -26"><span class='ocrx_word' id='word_1_67' title='bbox 277 1262 376 1333; x_wconf 88' lang='lat' dir='ltr'>tribus,</span> <span class='ocrx_word' id='word_1_68' title='bbox 397 1262 455 1320; x_wconf 91' lang='lat' dir='ltr'>hoc</span> <span class='ocrx_word' id='word_1_69' title='bbox 478 1262 549 1321; x_wconf 88' lang='lat' dir='ltr'>nrihi</span> <span class='ocrx_word' id='word_1_70' title='bbox 569 1262 682 1323; x_wconf 84' lang='lat' dir='ltr'>videtur</span> <span class='ocrx_word' id='word_1_71' title='bbox 701 1262 782 1322; x_wconf 87' lang='lat' dir='ltr'>esse¹</span> <span class='ocrx_word' id='word_1_72' title='bbox 802 1262 1065 1323; x_wconf 87' lang='lat' dir='ltr'>sceleratissimum</span> <span class='ocrx_word' id='word_1_73' title='bbox 1089 1280 1223 1345; x_wconf 86' lang='lat' dir='ltr'>propter</span> <span class='ocrx_word' id='word_1_74' title='bbox 1242 1268 1331 1327; x_wconf 75' lang='lat' dir='ltr'>nuta:</span> 
     </span>
     <span class='ocr_line' id='line_1_10' title="bbox 277 1359 1330 1437; baseline 0.009 -20"><span class='ocrx_word' id='word_1_75' title='bbox 277 1361 420 1418; x_wconf 86' lang='lat' dir='ltr'>emanavit</span> <span class='ocrx_word' id='word_1_76' title='bbox 434 1361 514 1418; x_wconf 91' lang='lat' dir='ltr'>enim</span> <span class='ocrx_word' id='word_1_77' title='bbox 527 1360 639 1437; x_wconf 83' lang='lat' dir='ltr'>integre</span> <span class='ocrx_word' id='word_1_78' title='bbox 652 1379 689 1419; x_wconf 87' lang='lat' dir='ltr'>ex</span> <span class='ocrx_word' id='word_1_79' title='bbox 704 1360 837 1420; x_wconf 88' lang='lat' dir='ltr'>unicordi</span> <span class='ocrx_word' id='word_1_80' title='bbox 851 1359 975 1418; x_wconf 87' lang='lat' dir='ltr'>consilio</span> <span class='ocrx_word' id='word_1_81' title='bbox 991 1371 1024 1421; x_wconf 91' lang='lat' dir='ltr'>et</span> <span class='ocrx_word' id='word_1_82' title='bbox 1038 1380 1203 1426; x_wconf 89' lang='lat' dir='ltr'>consensu</span> <span class='ocrx_word' id='word_1_83' title='bbox 1216 1367 1330 1426; x_wconf 83' lang='lat' dir='ltr'>omniun</span> 
     </span>
     <span class='ocr_line' id='line_1_11' title="bbox 276 1456 1330 1541; baseline 0.009 -26"><span class='ocrx_word' id='word_1_84' title='bbox 276 1456 381 1516; x_wconf 89' lang='lat' dir='ltr'>horum</span> <span class='ocrx_word' id='word_1_85' title='bbox 391 1457 520 1517; x_wconf 84' lang='lat' dir='ltr'>fratrum.</span> <span class='ocrx_word' id='word_1_86' title='bbox 556 1457 627 1519; x_wconf 91' lang='lat' dir='ltr'>Hoc</span> <span class='ocrx_word' id='word_1_87' title='bbox 637 1459 717 1518; x_wconf 88' lang='lat' dir='ltr'>enim</span> <span class='ocrx_word' id='word_1_88' title='bbox 726 1456 953 1536; x_wconf 84' lang='lat' dir='ltr'>quod³quilibet</span> <span class='ocrx_word' id='word_1_89' title='bbox 962 1475 1107 1520; x_wconf 87' lang='lat' dir='ltr'>seorsum</span> <span class='ocrx_word' id='word_1_90' title='bbox 1116 1465 1330 1541; x_wconf 78' lang='lat' dir='ltr'>rapiatuxoren</span> 
     </span>
     <span class='ocr_line' id='line_1_12' title="bbox 277 1556 1331 1638; baseline 0.003 -23"><span class='ocrx_word' id='word_1_91' title='bbox 277 1556 401 1626; x_wconf 80' lang='lat' dir='ltr'>altedus,</span> <span class='ocrx_word' id='word_1_92' title='bbox 422 1567 451 1616; x_wconf 92' lang='lat' dir='ltr'>et</span> <span class='ocrx_word' id='word_1_93' title='bbox 475 1557 518 1616; x_wconf 90' lang='lat' dir='ltr'>sic</span> <span class='ocrx_word' id='word_1_94' title='bbox 543 1556 580 1616; x_wconf 92' lang='lat' dir='ltr'>de</span> <span class='ocrx_word' id='word_1_95' title='bbox 603 1557 666 1616; x_wconf 86' lang='lat' dir='ltr'>aliis</span> <span class='ocrx_word' id='word_1_96' title='bbox 687 1557 816 1635; x_wconf 86' lang='lat' dir='ltr'>peccatis</span> <span class='ocrx_word' id='word_1_97' title='bbox 839 1573 914 1632; x_wconf 84' lang='lat' dir='ltr'>quae</span> <span class='ocrx_word' id='word_1_98' title='bbox 937 1558 1141 1620; x_wconf 87' lang='lat' dir='ltr'>committunt</span> <span class='ocrx_word' id='word_1_99' title='bbox 1164 1562 1279 1638; x_wconf 82' lang='lat' dir='ltr'>pubhce</span> <span class='ocrx_word' id='word_1_100' title='bbox 1295 1559 1331 1618; x_wconf 80' lang='lat' dir='ltr'>vel</span> 
     </span>
     <span class='ocr_line' id='line_1_13' title="bbox 276 1652 1177 1732; baseline 0.009 -21"><span class='ocrx_word' id='word_1_101' title='bbox 276 1654 395 1731; x_wconf 87' lang='lat' dir='ltr'>private,</span> <span class='ocrx_word' id='word_1_102' title='bbox 410 1654 522 1715; x_wconf 88' lang='lat' dir='ltr'>videtur</span> <span class='ocrx_word' id='word_1_103' title='bbox 535 1673 600 1715; x_wconf 88' lang='lat' dir='ltr'>esse</span> <span class='ocrx_word' id='word_1_104' title='bbox 614 1664 769 1732; x_wconf 87' lang='lat' dir='ltr'>peccatum</span> <span class='ocrx_word' id='word_1_105' title='bbox 783 1652 931 1713; x_wconf 89' lang='lat' dir='ltr'>modicum</span> <span class='ocrx_word' id='word_1_106' title='bbox 946 1670 1008 1730; x_wconf 92' lang='lat' dir='ltr'>quo</span> <span class='ocrx_word' id='word_1_107' title='bbox 1024 1656 1067 1714; x_wconf 90' lang='lat' dir='ltr'>ad</span> <span class='ocrx_word' id='word_1_108' title='bbox 1081 1656 1177 1719; x_wconf 86' lang='lat' dir='ltr'>istud.</span> 
     </span>
    </p>
   </div>
   <div class='ocr_carea' id='block_1_3' title="bbox 336 2119 1283 2362">
    <p class='ocr_par' dir='ltr' id='par_1_3' title="bbox 336 2119 1283 2362">
     <span class='ocr_line' id='line_1_14' title="bbox 654 2119 947 2180; baseline 0.003 -1"><span class='ocrx_word' id='word_1_109' title='bbox 654 2119 749 2180; x_wconf 86' lang='lat' dir='ltr'>CAP.</span> <span class='ocrx_word' id='word_1_110' title='bbox 772 2120 947 2180; x_wconf 89' lang='lat' dir='ltr'>XXXVIII.</span> 
     </span>
     <span class='ocr_line' id='line_1_15' title="bbox 336 2275 1283 2362; baseline 0.01 -29"><span class='ocrx_word' id='word_1_111' title='bbox 336 2275 457 2334; x_wconf 82' lang='lat' dir='ltr'><em>Domini</em></span> <span class='ocrx_word' id='word_1_112' title='bbox 467 2278 625 2354; x_wconf 78' lang='lat' dir='ltr'>temporales</span> <span class='ocrx_word' id='word_1_113' title='bbox 638 2277 773 2355; x_wconf 61' lang='lat' dir='ltr'>adjacere</span> <span class='ocrx_word' id='word_1_114' title='bbox 785 2278 878 2337; x_wconf 76' lang='lat' dir='ltr'>debent</span> <span class='ocrx_word' id='word_1_115' title='bbox 883 2279 1034 2354; x_wconf 74' lang='lat' dir='ltr'>populares</span> <span class='ocrx_word' id='word_1_116' title='bbox 1047 2288 1152 2341; x_wconf 81' lang='lat' dir='ltr'>contra</span> <span class='ocrx_word' id='word_1_117' title='bbox 1152 2284 1283 2362; x_wconf 76' lang='lat' dir='ltr'>fratres.</span> 
     </span>
    </p>
   </div>
   <div class='ocr_carea' id='block_1_4' title="bbox 271 2450 1330 3801">
    <p class='ocr_par' dir='ltr' id='par_1_4' title="bbox 271 2450 1330 3801">
     <span class='ocr_line' id='line_1_16' title="bbox 317 2450 1330 2530; baseline 0.008 -21"><span class='ocrx_word' id='word_1_118' title='bbox 317 2450 439 2510; x_wconf 74' lang='lat' dir='ltr'>Alitltt&#39;a.</span> <span class='ocrx_word' id='word_1_119' title='bbox 481 2450 604 2510; x_wconf 87' lang='lat' dir='ltr'>Videtur</span> <span class='ocrx_word' id='word_1_120' title='bbox 627 2452 699 2511; x_wconf 89' lang='lat' dir='ltr'>mihi</span> <span class='ocrx_word' id='word_1_121' title='bbox 726 2453 808 2529; x_wconf 91' lang='lat' dir='ltr'>quod</span> <span class='ocrx_word' id='word_1_122' title='bbox 835 2453 904 2512; x_wconf 89' lang='lat' dir='ltr'>satis</span> <span class='ocrx_word' id='word_1_123' title='bbox 930 2452 1016 2530; x_wconf 89' lang='lat' dir='ltr'>plane</span> <span class='ocrx_word' id='word_1_124' title='bbox 1044 2453 1188 2515; x_wconf 82' lang='lat' dir='ltr'>detexisti</span> <span class='ocrx_word' id='word_1_125' title='bbox 1218 2456 1330 2516; x_wconf 78' lang='lat' dir='ltr'>fratrum</span> 
     </span>
     <span class='ocr_line' id='line_1_17' title="bbox 277 2549 1329 2630; baseline 0.003 -23"><span class='ocrx_word' id='word_1_126' title='bbox 277 2550 407 2608; x_wconf 86' lang='lat' dir='ltr'>malitias.</span> <span class='ocrx_word' id='word_1_127' title='bbox 450 2549 509 2608; x_wconf 90' lang='lat' dir='ltr'>Sed</span> <span class='ocrx_word' id='word_1_128' title='bbox 538 2550 593 2621; x_wconf 89' lang='lat' dir='ltr'>dic,</span> <span class='ocrx_word' id='word_1_129' title='bbox 619 2568 702 2627; x_wconf 81' lang='lat' dir='ltr'>rogo,</span> <span class='ocrx_word' id='word_1_130' title='bbox 728 2553 752 2610; x_wconf 94' lang='lat' dir='ltr'>si</span> <span class='ocrx_word' id='word_1_131' title='bbox 780 2551 892 2609; x_wconf 92' lang='lat' dir='ltr'>domini</span> <span class='ocrx_word' id='word_1_132' title='bbox 921 2551 1099 2627; x_wconf 88' lang='lat' dir='ltr'>temporales</span> <span class='ocrx_word' id='word_1_133' title='bbox 1128 2567 1261 2630; x_wconf 87' lang='lat' dir='ltr'>possunt</span> <span class='ocrx_word' id='word_1_134' title='bbox 1287 2564 1329 2612; x_wconf 88' lang='lat' dir='ltr'>aut</span> 
     </span>
     <span class='ocr_line' id='line_1_18' title="bbox 277 2647 1329 2725; baseline 0.006 -19"><span class='ocrx_word' id='word_1_135' title='bbox 277 2649 385 2707; x_wconf 90' lang='lat' dir='ltr'>debent</span> <span class='ocrx_word' id='word_1_136' title='bbox 401 2647 532 2705; x_wconf 89' lang='lat' dir='ltr'>infimam</span> <span class='ocrx_word' id='word_1_137' title='bbox 551 2659 663 2724; x_wconf 88' lang='lat' dir='ltr'>partem</span> <span class='ocrx_word' id='word_1_138' title='bbox 683 2649 831 2719; x_wconf 84' lang='lat' dir='ltr'>ecclesiae,</span> <span class='ocrx_word' id='word_1_139' title='bbox 847 2649 1024 2725; x_wconf 89' lang='lat' dir='ltr'>cujusmodi⁴</span> <span class='ocrx_word' id='word_1_140' title='bbox 1044 2660 1114 2709; x_wconf 89' lang='lat' dir='ltr'>sunt</span> <span class='ocrx_word' id='word_1_141' title='bbox 1135 2661 1274 2711; x_wconf 88' lang='lat' dir='ltr'>tenentes</span> <span class='ocrx_word' id='word_1_142' title='bbox 1291 2652 1329 2710; x_wconf 88' lang='lat' dir='ltr'>sui</span> 
     </span>
     <span class='ocr_line' id='line_1_19' title="bbox 276 2745 1329 2824; baseline 0.006 -21"><span class='ocrx_word' id='word_1_143' title='bbox 276 2757 305 2804; x_wconf 89' lang='lat' dir='ltr'>et</span> <span class='ocrx_word' id='word_1_144' title='bbox 320 2746 365 2804; x_wconf 91' lang='lat' dir='ltr'>alii</span> <span class='ocrx_word' id='word_1_145' title='bbox 380 2747 544 2821; x_wconf 77' lang='lat' dir='ltr'>populares</span> <span class='ocrx_word' id='word_1_146' title='bbox 558 2747 656 2822; x_wconf 88' lang='lat' dir='ltr'>juvare</span> <span class='ocrx_word' id='word_1_147' title='bbox 672 2766 706 2806; x_wconf 85' lang='lat' dir='ltr'>ac</span> <span class='ocrx_word' id='word_1_148' title='bbox 721 2747 877 2806; x_wconf 83' lang='lat' dir='ltr'>defendere</span> <span class='ocrx_word' id='word_1_149' title='bbox 893 2757 994 2805; x_wconf 90' lang='lat' dir='ltr'>contra</span> <span class='ocrx_word' id='word_1_150' title='bbox 1008 2745 1121 2818; x_wconf 87' lang='lat' dir='ltr'>fratres,</span> <span class='ocrx_word' id='word_1_151' title='bbox 1136 2751 1211 2824; x_wconf 93' lang='lat' dir='ltr'>quia</span> <span class='ocrx_word' id='word_1_152' title='bbox 1225 2762 1329 2809; x_wconf 84' lang='lat' dir='ltr'>certum</span> 
     </span>
     <span class='ocr_line' id='line_1_20' title="bbox 276 2843 1328 2920; baseline 0.003 -19"><span class='ocrx_word' id='word_1_153' title='bbox 276 2844 346 2902; x_wconf 90' lang='lat' dir='ltr'>mihi</span> <span class='ocrx_word' id='word_1_154' title='bbox 360 2844 478 2910; x_wconf 85' lang='lat' dir='ltr'>videtur,</span> <span class='ocrx_word' id='word_1_155' title='bbox 493 2844 573 2920; x_wconf 93' lang='lat' dir='ltr'>quod</span> <span class='ocrx_word' id='word_1_156' title='bbox 594 2844 695 2903; x_wconf 86' lang='lat' dir='ltr'>fratres</span> <span class='ocrx_word' id='word_1_157' title='bbox 716 2856 783 2904; x_wconf 91' lang='lat' dir='ltr'>sunt</span> <span class='ocrx_word' id='word_1_158' title='bbox 800 2844 933 2903; x_wconf 86' lang='lat' dir='ltr'>haeretici</span> <span class='ocrx_word' id='word_1_159' title='bbox 954 2855 983 2902; x_wconf 93' lang='lat' dir='ltr'>et</span> <span class='ocrx_word' id='word_1_160' title='bbox 1004 2843 1147 2903; x_wconf 74' lang='lat' dir='ltr'>inierunt⁶</span> <span class='ocrx_word' id='word_1_161' title='bbox 1169 2847 1276 2906; x_wconf 88' lang='lat' dir='ltr'>saltem</span> <span class='ocrx_word' id='word_1_162' title='bbox 1295 2865 1328 2905; x_wconf 88' lang='lat' dir='ltr'>er</span> 
     </span>
     <span class='ocr_line' id='line_1_21' title="bbox 276 2941 1329 3019; baseline 0.001 -19"><span class='ocrx_word' id='word_1_163' title='bbox 276 2941 486 3000; x_wconf 90' lang='lat' dir='ltr'>consuetudine</span> <span class='ocrx_word' id='word_1_164' title='bbox 514 2960 632 3000; x_wconf 90' lang='lat' dir='ltr'>suorum</span> <span class='ocrx_word' id='word_1_165' title='bbox 662 2942 796 3001; x_wconf 90' lang='lat' dir='ltr'>ordinum</span> <span class='ocrx_word' id='word_1_166' title='bbox 825 2942 1083 3001; x_wconf 88' lang='lat' dir='ltr'>contradictionem</span> <span class='ocrx_word' id='word_1_167' title='bbox 1117 2959 1180 3019; x_wconf 90' lang='lat' dir='ltr'>qua</span> <span class='ocrx_word' id='word_1_168' title='bbox 1209 2946 1329 3004; x_wconf 85' lang='lat' dir='ltr'>militant</span> 
     </span>
     <span class='ocr_line' id='line_1_22' title="bbox 276 3038 1328 3120; baseline 0.001 -22"><span class='ocrx_word' id='word_1_169' title='bbox 276 3049 377 3098; x_wconf 90' lang='lat' dir='ltr'>contra</span> <span class='ocrx_word' id='word_1_170' title='bbox 392 3039 548 3098; x_wconf 90' lang='lat' dir='ltr'>Christum.</span> <span class='ocrx_word' id='word_1_171' title='bbox 591 3038 655 3098; x_wconf 91' lang='lat' dir='ltr'>Nec</span> <span class='ocrx_word' id='word_1_172' title='bbox 667 3041 778 3099; x_wconf 90' lang='lat' dir='ltr'>videtur</span> <span class='ocrx_word' id='word_1_173' title='bbox 792 3040 862 3098; x_wconf 89' lang='lat' dir='ltr'>mihi</span> <span class='ocrx_word' id='word_1_174' title='bbox 877 3039 1029 3116; x_wconf 90' lang='lat' dir='ltr'>quomodo</span> <span class='ocrx_word' id='word_1_175' title='bbox 1043 3042 1195 3115; x_wconf 84' lang='lat' dir='ltr'>patentius</span> <span class='ocrx_word' id='word_1_176' title='bbox 1211 3054 1328 3120; x_wconf 86' lang='lat' dir='ltr'>possent</span> 
     </span>
     <span class='ocr_line' id='line_1_23' title="bbox 275 3135 1328 3214; baseline 0.004 -19"><span class='ocrx_word' id='word_1_177' title='bbox 275 3135 449 3196; x_wconf 85' lang='lat' dir='ltr'>haereticare</span> <span class='ocrx_word' id='word_1_178' title='bbox 472 3136 618 3196; x_wconf 89' lang='lat' dir='ltr'>Christum</span> <span class='ocrx_word' id='word_1_179' title='bbox 640 3148 669 3196; x_wconf 90' lang='lat' dir='ltr'>et</span> <span class='ocrx_word' id='word_1_180' title='bbox 690 3139 821 3213; x_wconf 82' lang='lat' dir='ltr'>singulos</span> <span class='ocrx_word' id='word_1_181' title='bbox 843 3137 1023 3196; x_wconf 88' lang='lat' dir='ltr'>Christianos</span> <span class='ocrx_word' id='word_1_182' title='bbox 1043 3154 1135 3214; x_wconf 88' lang='lat' dir='ltr'>quam</span> <span class='ocrx_word' id='word_1_183' title='bbox 1157 3139 1328 3199; x_wconf 81' lang='lat' dir='ltr'>damnando</span> 
     </span>
     <span class='ocr_line' id='line_1_24' title="bbox 274 3235 1327 3314; baseline 0.005 -22"><span class='ocrx_word' id='word_1_184' title='bbox 274 3236 360 3293; x_wconf 89' lang='lat' dir='ltr'>istum</span> <span class='ocrx_word' id='word_1_185' title='bbox 375 3235 526 3294; x_wconf 89' lang='lat' dir='ltr'>articulum</span> <span class='ocrx_word' id='word_1_186' title='bbox 541 3246 680 3312; x_wconf 86' lang='lat' dir='ltr'>tanquam</span> <span class='ocrx_word' id='word_1_187' title='bbox 695 3236 838 3295; x_wconf 89' lang='lat' dir='ltr'>haeresim</span> <span class='ocrx_word' id='word_1_188' title='bbox 858 3238 887 3294; x_wconf 89' lang='lat' dir='ltr'>in</span> <span class='ocrx_word' id='word_1_189' title='bbox 903 3253 956 3295; x_wconf 91' lang='lat' dir='ltr'>suo</span> <span class='ocrx_word' id='word_1_190' title='bbox 970 3236 1104 3305; x_wconf 70' lang='lat' dir='ltr'>concilio</span> <span class='ocrx_word' id='word_1_191' title='bbox 1121 3235 1237 3297; x_wconf 90' lang='lat' dir='ltr'>scilicet</span> <span class='ocrx_word' id='word_1_192' title='bbox 1251 3237 1327 3314; x_wconf 91' lang='lat' dir='ltr'>quod</span> 
     </span>
     <span class='ocr_line' id='line_1_25' title="bbox 273 3333 1326 3411; baseline 0.003 -20"><span class='ocrx_word' id='word_1_193' title='bbox 273 3333 414 3408; x_wconf 88' lang='lat' dir='ltr'>speciales</span> <span class='ocrx_word' id='word_1_194' title='bbox 438 3334 584 3392; x_wconf 88' lang='lat' dir='ltr'>orationes</span> <span class='ocrx_word' id='word_1_195' title='bbox 609 3334 770 3410; x_wconf 82' lang='lat' dir='ltr'>apphcatae</span> <span class='ocrx_word' id='word_1_196' title='bbox 794 3335 845 3393; x_wconf 92' lang='lat' dir='ltr'>uni</span> <span class='ocrx_word' id='word_1_197' title='bbox 870 3352 1012 3411; x_wconf 86' lang='lat' dir='ltr'>personae</span> <span class='ocrx_word' id='word_1_198' title='bbox 1036 3352 1089 3410; x_wconf 93' lang='lat' dir='ltr'>per</span> <span class='ocrx_word' id='word_1_199' title='bbox 1113 3336 1267 3410; x_wconf 85' lang='lat' dir='ltr'>praelatos</span> <span class='ocrx_word' id='word_1_200' title='bbox 1287 3336 1326 3394; x_wconf 85' lang='lat' dir='ltr'>vel</span> 
     </span>
     <span class='ocr_line' id='line_1_26' title="bbox 273 3428 1326 3508; baseline 0.005 -22"><span class='ocrx_word' id='word_1_201' title='bbox 273 3430 424 3506; x_wconf 79' lang='lat' dir='ltr'>religiosos</span> <span class='ocrx_word' id='word_1_202' title='bbox 445 3449 507 3488; x_wconf 93' lang='lat' dir='ltr'>non</span> <span class='ocrx_word' id='word_1_203' title='bbox 527 3431 593 3507; x_wconf 91' lang='lat' dir='ltr'>plus</span> <span class='ocrx_word' id='word_1_204' title='bbox 614 3442 736 3507; x_wconf 89' lang='lat' dir='ltr'>prosunt</span> <span class='ocrx_word' id='word_1_205' title='bbox 757 3428 876 3502; x_wconf 81' lang='lat' dir='ltr'>eidem⁶,</span> <span class='ocrx_word' id='word_1_206' title='bbox 896 3450 984 3508; x_wconf 86' lang='lat' dir='ltr'>quam</span> <span class='ocrx_word' id='word_1_207' title='bbox 1005 3431 1159 3507; x_wconf 84' lang='lat' dir='ltr'>generales</span> <span class='ocrx_word' id='word_1_208' title='bbox 1180 3435 1326 3493; x_wconf 86' lang='lat' dir='ltr'>orationes</span> 
     </span>
     <span class='ocr_line' id='line_1_27' title="bbox 272 3527 1325 3606; baseline 0.007 -22"><span class='ocrx_word' id='word_1_209' title='bbox 272 3527 368 3584; x_wconf 86' lang='lat' dir='ltr'>eidem</span> <span class='ocrx_word' id='word_1_210' title='bbox 389 3528 557 3603; x_wconf 81' lang='lat' dir='ltr'>personae⁷,</span> <span class='ocrx_word' id='word_1_211' title='bbox 579 3531 681 3588; x_wconf 90' lang='lat' dir='ltr'>ceteris</span> <span class='ocrx_word' id='word_1_212' title='bbox 701 3531 826 3606; x_wconf 88' lang='lat' dir='ltr'>paribus.</span> <span class='ocrx_word' id='word_1_213' title='bbox 869 3529 948 3588; x_wconf 88' lang='lat' dir='ltr'>Nam</span> <span class='ocrx_word' id='word_1_214' title='bbox 969 3547 1005 3587; x_wconf 87' lang='lat' dir='ltr'>ex</span> <span class='ocrx_word' id='word_1_215' title='bbox 1028 3529 1084 3587; x_wconf 91' lang='lat' dir='ltr'>fide</span> <span class='ocrx_word' id='word_1_216' title='bbox 1105 3540 1136 3588; x_wconf 90' lang='lat' dir='ltr'>et</span> <span class='ocrx_word' id='word_1_217' title='bbox 1158 3535 1325 3591; x_wconf 86' lang='lat' dir='ltr'>auctoritate</span> 
     </span>
     <span class='ocr_line' id='line_1_28' title="bbox 272 3622 1326 3704; baseline 0.009 -24"><span class='ocrx_word' id='word_1_218' title='bbox 272 3622 379 3682; x_wconf 89' lang='lat' dir='ltr'>Christi</span> <span class='ocrx_word' id='word_1_219' title='bbox 398 3626 552 3697; x_wconf 84' lang='lat' dir='ltr'>credimus,</span> <span class='ocrx_word' id='word_1_220' title='bbox 572 3627 652 3703; x_wconf 92' lang='lat' dir='ltr'>quod</span> <span class='ocrx_word' id='word_1_221' title='bbox 671 3629 764 3686; x_wconf 89' lang='lat' dir='ltr'>oratio</span> <span class='ocrx_word' id='word_1_222' title='bbox 783 3626 949 3698; x_wconf 88' lang='lat' dir='ltr'>Dominica‚</span> <span class='ocrx_word' id='word_1_223' title='bbox 965 3628 1002 3686; x_wconf 93' lang='lat' dir='ltr'>de</span> <span class='ocrx_word' id='word_1_224' title='bbox 1022 3645 1080 3704; x_wconf 89' lang='lat' dir='ltr'>qua</span> <span class='ocrx_word' id='word_1_225' title='bbox 1095 3627 1203 3687; x_wconf 87' lang='lat' dir='ltr'>Matth.</span> <span class='ocrx_word' id='word_1_226' title='bbox 1219 3632 1266 3701; x_wconf 77' lang='lat' dir='ltr'>vt,</span> <span class='ocrx_word' id='word_1_227' title='bbox 1285 3643 1326 3689; x_wconf 87' lang='lat' dir='ltr'>est</span> 
     </span>
     <span class='ocr_line' id='line_1_29' title="bbox 271 3721 1325 3801; baseline 0.009 -23"><span class='ocrx_word' id='word_1_228' title='bbox 271 3721 359 3797; x_wconf 86' lang='lat' dir='ltr'>longe</span> <span class='ocrx_word' id='word_1_229' title='bbox 387 3723 489 3781; x_wconf 89' lang='lat' dir='ltr'>melior</span> <span class='ocrx_word' id='word_1_230' title='bbox 517 3742 607 3800; x_wconf 89' lang='lat' dir='ltr'>quam</span> <span class='ocrx_word' id='word_1_231' title='bbox 634 3725 704 3784; x_wconf 82' lang='lat' dir='ltr'>aiia⁸</span> <span class='ocrx_word' id='word_1_232' title='bbox 732 3727 826 3785; x_wconf 91' lang='lat' dir='ltr'>oratio</span> <span class='ocrx_word' id='word_1_233' title='bbox 855 3726 1004 3801; x_wconf 90' lang='lat' dir='ltr'>specialis;</span> <span class='ocrx_word' id='word_1_234' title='bbox 1040 3735 1069 3784; x_wconf 90' lang='lat' dir='ltr'>et</span> <span class='ocrx_word' id='word_1_235' title='bbox 1102 3727 1144 3785; x_wconf 94' lang='lat' dir='ltr'>sic</span> <span class='ocrx_word' id='word_1_236' title='bbox 1178 3730 1325 3789; x_wconf 87' lang='lat' dir='ltr'>credimus</span> 
     </span>
    </p>
   </div>
   <div class='ocr_carea' id='block_1_5' title="bbox 270 3926 1328 4126">
    <p class='ocr_par' dir='ltr' id='par_1_5' title="bbox 270 3926 1328 4126">
     <span class='ocr_line' id='line_1_30' title="bbox 304 3926 1328 3998; baseline 0.01 -23"><span class='ocrx_word' id='word_1_237' title='bbox 304 3927 310 3955; x_wconf 93' lang='lat'>¹</span> <span class='ocrx_word' id='word_1_238' title='bbox 329 3926 360 3976; x_wconf 85' lang='lat' dir='ltr'>ci.</span> <span class='ocrx_word' id='word_1_239' title='bbox 372 3926 429 3992; x_wconf 90' lang='lat' dir='ltr'>Joh.</span> <span class='ocrx_word' id='word_1_240' title='bbox 442 3927 490 3977; x_wconf 92' lang='lat' dir='ltr'>viii.</span> <span class='ocrx_word' id='word_1_241' title='bbox 501 3945 540 3992; x_wconf 85' lang='lat'>44.</span> <span class='ocrx_word' id='word_1_242' title='bbox 657 3930 666 3958; x_wconf 83' lang='lat'>²</span> <span class='ocrx_word' id='word_1_243' title='bbox 683 3929 748 3994; x_wconf 84' lang='lat' dir='ltr'>esse]</span> <span class='ocrx_word' id='word_1_244' title='bbox 761 3931 842 3985; x_wconf 80' lang='lat' dir='ltr'>titisse.</span> <span class='ocrx_word' id='word_1_245' title='bbox 855 3931 916 3979; x_wconf 75' lang='lat' dir='ltr'>AB.</span> <span class='ocrx_word' id='word_1_246' title='bbox 929 3945 978 3979; x_wconf 71' lang='lat' dir='ltr'>om,</span> <span class='ocrx_word' id='word_1_247' title='bbox 994 3931 1024 3980; x_wconf 91' lang='lat' dir='ltr'>C.</span> <span class='ocrx_word' id='word_1_248' title='bbox 1142 3931 1152 3960; x_wconf 76' lang='lat'><strong>³</strong></span> <span class='ocrx_word' id='word_1_249' title='bbox 1169 3934 1252 3998; x_wconf 90' lang='lat' dir='ltr'>quod]</span> <span class='ocrx_word' id='word_1_250' title='bbox 1264 3935 1328 3985; x_wconf 83' lang='lat' dir='ltr'>ideo.</span> 
     </span>
     <span class='ocr_line' id='line_1_31' title="bbox 270 3991 1326 4061; baseline 0.009 -21"><span class='ocrx_word' id='word_1_251' title='bbox 270 3991 308 4040; x_wconf 73' lang='lat' dir='ltr'>cd,</span> <span class='ocrx_word' id='word_1_252' title='bbox 322 4009 359 4057; x_wconf 90' lang='lat' dir='ltr'>pr.</span> <span class='ocrx_word' id='word_1_253' title='bbox 458 3992 467 4021; x_wconf 91' lang='lat'><strong><em>⁴</em></strong></span> <span class='ocrx_word' id='word_1_254' title='bbox 484 3993 632 4059; x_wconf 83' lang='lat' dir='ltr'>cujusmodi]</span> <span class='ocrx_word' id='word_1_255' title='bbox 645 3995 722 4058; x_wconf 81' lang='lat' dir='ltr'>cujus,</span> <span class='ocrx_word' id='word_1_256' title='bbox 732 3995 792 4045; x_wconf 63' lang='grc' dir='ltr'>ΒΕ.</span> <span class='ocrx_word' id='word_1_257' title='bbox 804 3997 842 4046; x_wconf 86' lang='lat' dir='ltr'>ed.</span> <span class='ocrx_word' id='word_1_258' title='bbox 855 4012 892 4060; x_wconf 87' lang='lat' dir='ltr'>pr.</span> <span class='ocrx_word' id='word_1_259' title='bbox 1002 3996 1012 4025; x_wconf 77' lang='lat'>⁵</span> <span class='ocrx_word' id='word_1_260' title='bbox 1028 3995 1148 4061; x_wconf 81' lang='lat' dir='ltr'>inserunt]</span> <span class='ocrx_word' id='word_1_261' title='bbox 1160 3998 1288 4056; x_wconf 73' lang='lat' dir='ltr'>differam,</span> <span class='ocrx_word' id='word_1_262' title='bbox 1299 4001 1326 4049; x_wconf 88' lang='lat' dir='ltr'>B.</span> 
     </span>
     <span class='ocr_line' id='line_1_32' title="bbox 270 4058 1327 4126; baseline 0.009 -21"><span class='ocrx_word' id='word_1_263' title='bbox 270 4058 364 4120; x_wconf 84' lang='lat' dir='ltr'>primae</span> <span class='ocrx_word' id='word_1_264' title='bbox 376 4074 471 4115; x_wconf 83' lang='lat' dir='ltr'>manus,</span> <span class='ocrx_word' id='word_1_265' title='bbox 482 4060 530 4114; x_wconf 83' lang='grc' dir='ltr'>Λ.;</span> <span class='ocrx_word' id='word_1_266' title='bbox 549 4060 670 4117; x_wconf 86' lang='lat' dir='ltr'>deserunt,</span> <span class='ocrx_word' id='word_1_267' title='bbox 683 4061 721 4110; x_wconf 83' lang='lat' dir='ltr'>ed.</span> <span class='ocrx_word' id='word_1_268' title='bbox 733 4078 770 4126; x_wconf 86' lang='lat' dir='ltr'>pr.</span> <span class='ocrx_word' id='word_1_269' title='bbox 897 4061 906 4089; x_wconf 77' lang='lat'><em>⁶</em></span> <span class='ocrx_word' id='word_1_270' title='bbox 923 4061 1016 4126; x_wconf 88' lang='lat' dir='ltr'>eidem]</span> <span class='ocrx_word' id='word_1_271' title='bbox 1029 4062 1107 4112; x_wconf 86' lang='lat' dir='ltr'>cidem</span> <span class='ocrx_word' id='word_1_272' title='bbox 1120 4078 1252 4126; x_wconf 63' lang='lat' dir='ltr'>personae,</span> <span class='ocrx_word' id='word_1_273' title='bbox 1263 4066 1327 4116; x_wconf 87' lang='lat' dir='ltr'>c.t›.</span> 
     </span>
    </p>
   </div>
   <div class='ocr_carea' id='block_1_6' title="bbox 269 4121 1328 4251">
    <p class='ocr_par' dir='ltr' id='par_1_6' title="bbox 269 4121 1328 4251">
     <span class='ocr_line' id='line_1_33' title="bbox 269 4121 1328 4234; baseline 0.012 -65"><span class='ocrx_word' id='word_1_274' title='bbox 269 4121 308 4234; x_wconf 57' lang='lat' dir='ltr'>cog.</span> <span class='ocrx_word' id='word_1_275' title='bbox 321 4138 357 4186; x_wconf 89' lang='lat' dir='ltr'>pr.</span> <span class='ocrx_word' id='word_1_276' title='bbox 490 4123 500 4152; x_wconf 74' lang='lat'><em>⁷</em></span> <span class='ocrx_word' id='word_1_277' title='bbox 517 4126 641 4175; x_wconf 85' lang='lat' dir='ltr'>orationes</span> <span class='ocrx_word' id='word_1_278' title='bbox 653 4127 732 4176; x_wconf 84' lang='lat' dir='ltr'>eidem</span> <span class='ocrx_word' id='word_1_279' title='bbox 744 4126 874 4191; x_wconf 86' lang='lat' dir='ltr'>personae]</span> <span class='ocrx_word' id='word_1_280' title='bbox 889 4142 938 4176; x_wconf 89' lang='lat' dir='ltr'>om.</span> <span class='ocrx_word' id='word_1_281' title='bbox 951 4126 1013 4175; x_wconf 89' lang='grc' dir='ltr'><strong>Α.Β.</strong></span> <span class='ocrx_word' id='word_1_282' title='bbox 1138 4128 1148 4157; x_wconf 74' lang='lat'>&#39;</span> <span class='ocrx_word' id='word_1_283' title='bbox 1164 4128 1230 4194; x_wconf 85' lang='lat' dir='ltr'>alia]</span> <span class='ocrx_word' id='word_1_284' title='bbox 1240 4131 1328 4196; x_wconf 86' lang='lat' dir='ltr'>aliqua.</span> 
     </span>
     <span class='ocr_line' id='line_1_34' title="bbox 302 4203 356 4251; baseline 0 -17"><span class='ocrx_word' id='word_1_285' title='bbox 302 4224 307 4234; x_wconf 91' lang='lat'>.</span> <span class='ocrx_word' id='word_1_286' title='bbox 321 4203 356 4251; x_wconf 90' lang='lat' dir='ltr'>pr.</span> 
     </span>
    </p>
   </div>
   <div class='ocr_carea' id='block_1_7' title="bbox 0 0 1436 4836">
    <p class='ocr_par' dir='ltr' id='par_1_7' title="bbox 0 0 1436 4836">
     <span class='ocr_line' id='line_1_35' title="bbox 0 0 1436 4836; baseline 0 4"><span class='ocrx_word' id='word_1_287' title='bbox 0 0 1436 4836; x_wconf 95' lang='lat' dir='ltr'> </span> 
     </span>
    </p>
   </div>
  </div>
 </body>
</html>
