2864 4836
549 396 802 477 JOANNJS
845 397 1072 460 arem
1271 416 1340 458 cns

279 565 359 643 quod
374 564 409 623 sit
422 563 587 621 membrum
602 560 700 619 nobile
711 570 829 619 sanctae
840 560 943 618 matris
954 558 1120 630 ecclesiae,
1132 556 1220 635 quod
1229 554 1337 615 omnino

278 665 370 723 nescit
385 663 458 721 sicut
472 661 564 720 nescit
581 670 678 718 utrum
697 659 850 735 spiritualis
869 657 1034 735 profectus,
1052 675 1150 734 quem
1170 655 1265 715 intulit
1281 653 1337 712 sub

276 762 360 837 jectis
375 760 442 829 suis,
457 758 531 817 valet
551 757 703 816 dimidium
717 758 788 815 tanti
808 766 952 833 quantum
967 755 1139 826 mendioet,
1153 772 1226 814 cum
1239 751 1336 810 udum

277 860 398 918 istorum
419 875 480 916 non
501 865 626 932 possunt
646 856 834 933 proportione
856 853 1021 912 rationabili
1048 853 1091 912 ad
1114 854 1245 911 invicem
1268 866 1337 908 oom-

278 958 381 1033 parari.
424 954 459 1013 In
480 955 538 1013 hoc
559 972 631 1030 ergo
652 955 733 1030 quod
755 953 950 1029 Symoniacus
972 952 1015 1010 sic
1040 953 1178 1029 placitat,
1201 950 1335 1009 evidenter

278 1055 395 1123 indicat,
424 1053 505 1130 quod
533 1053 569 1112 sit
596 1053 733 1127 indignus
761 1051 887 1126 recipere
916 1049 999 1125 quod
1028 1050 1166 1125 requirit
1211 1044 1334 1123 Apostoli

279 1152 358 1210 enim
378 1162 408 1209 et
428 1149 510 1208 multi
532 1150 578 1208 alii
601 1149 701 1209 fideles
722 1158 878 1225 sequentes
900 1147 963 1205 sine
985 1147 1035 1205 tali
1059 1148 1224 1204 exactione
1244 1141 1336 1219 longe¹

281 1249 345 1325 plus
359 1249 480 1307 subditis
494 1247 671 1324 profuerunt.
714 1246 778 1304 Nec
793 1246 866 1304 valet
879 1246 934 1303 ista
947 1246 1125 1302 communis
1140 1242 1251 1312 fictitia,
1265 1238 1335 1317 quod

280 1347 369 1405 haee²
390 1347 510 1422 exigunt
531 1364 549 1404 a
570 1346 715 1420 subjectis,
732 1355 761 1402 ut
782 1344 836 1420 ipsi
857 1343 982 1401 evadant
1005 1341 1176 1419 periculum
1190 1352 1221 1400 et
1241 1340 1337 1398 faciant

278 1445 403 1520 justitiae
425 1444 688 1519 complementum
721 1443 789 1519 quia
809 1441 933 1516 apostoli
954 1441 1129 1498 nescienmt
1152 1439 1242 1497 istam
1263 1437 1335 1514 justi·

282 1544 360 1612 tiam,
383 1542 434 1601 sed
460 1559 515 1601 nec
536 1540 668 1600 Christus
690 1541 785 1616 ipsam
807 1539 907 1599 docuit
927 1538 980 1598 sed
1001 1539 1132 1596 omnino
1155 1535 1334 1596 contrarium

283 1642 355 1699 Ideo
381 1640 478 1699 multis
502 1640 613 1698 videtur
637 1639 718 1715 quod
741 1639 787 1697 isti
811 1638 911 1695 volunt
936 1636 1062 1695 vendere
1090 1653 1182 1694 suum
1207 1633 1335 1693 meritum

282 1738 363 1814 quod
385 1738 533 1808 haberent,
555 1748 584 1796 et
608 1755 645 1795 eo
670 1737 725 1813 ipsi
746 1746 814 1794 sunt
835 1735 947 1810 indigni
968 1734 1084 1791 merito.
1131 1733 1216 1793 Nam
1237 1734 1261 1791 si
1281 1748 1336 1789 nou

283 1846 349 1893 sunt
374 1837 507 1894 membra
531 1844 648 1894 sanctae
672 1836 770 1893 matris
795 1834 933 1892 ecclesiae
957 1841 1007 1891 aut
1031 1848 1097 1889 non
1122 1830 1256 1890 tantum⁸
1275 1846 1337 1906 pre

283 1933 397 1992 suerunt
425 1933 563 2009 subjectis
587 1941 729 2009 quantum
752 1931 828 1990 valet
850 1948 964 1990 merces
991 1946 1082 2006 quam
1113 1930 1249 2005 exigunt,
1273 1939 1338 1986 mne

283 2033 444 2091 secundum
455 2032 599 2089 rationem
610 2030 712 2091 falsam
727 2030 917 2089 contendunt.
952 2028 1026 2087 Ideo
1038 2028 1063 2086 si
1077 2027 1180 2104 aliqua
1190 2026 1337 2086 eontentio

283 2132 319 2188 sit
343 2129 448 2200 illicita,
473 2129 546 2188 haec
574 2139 619 2187 est
643 2129 698 2198 illa,
723 2127 873 2205 apostolus
897 2145 964 2186 cum
989 2125 1058 2185 dicit
1086 2144 1100 2183 1
1130 2124 1269 2185 Corinth
1289 2125 1338 2184 vt:

283 2227 423 2285 ‘omnino
445 2227 582 2285 delictum
603 2238 647 2285 est
668 2228 698 2284 in
712 2227 803 2296 vobis,
819 2227 898 2303 quod
915 2225 1024 2302 judicia
1044 2223 1162 2282 habetis
1181 2225 1259 2283 inter
1272 2239 1339 2293 vos3

283 2344 372 2402 quare
398 2343 459 2383 non
484 2325 578 2400 magis
602 2325 751 2401 injuriam⁴
776 2323 914 2400 accipitis,
939 2339 1028 2398 quare
1054 2339 1118 2380 non
1144 2323 1243 2399 magis
1266 2320 1339 2380 frau-

284 2423 367 2482 dem⁶
391 2423 555 2499 patiminil’
602 2421 692 2481 Tales
720 2434 817 2481 autem
845 2423 935 2480 curati
963 2419 1098 2478 fraudant
1128 2419 1290 2496 simplices,
1313 2429 1340 2478 et

284 2523 421 2581 cadentes
435 2541 453 2580 a
467 2521 542 2581 sacili
556 2523 659 2579 merito
675 2522 704 2578 in
719 2521 878 2597 periculum
899 2520 1013 2576 animae
1033 2513 1081 2575 se‘
1095 2517 1262 2576 involvunt
1304 2515 1339 2574 Er

284 2623 324 2679 sic
349 2621 527 2678 decimantes
552 2631 653 2677 coacte
679 2618 783 2677 talibus
807 2616 1022 2676 exactionibus*
1047 2618 1248 2674 communiter
1273 2625 1336 2675 sunt

285 2717 421 2793 perplexi,
444 2719 549 2792 quiae
571 2717 625 2775 sibi
647 2716 844 2791 probabilibus
867 2716 989 2784 solvunt,
1012 2715 1118 2789 quibus
1141 2732 1207 2772 non
1227 2715 1340 2782 debent,

285 2826 396 2891 partem
410 2817 555 2873 bonorum
571 2813 709 2875 ecclesiae
721 2824 808 2889 atque
820 2813 947 2878 Christi..
977 2812 1015 2869 Et
1028 2811 1093 2870 talis
1109 2811 1222 2870 solutio
1232 2811 1340 2870 videtur

285 2932 346 2972 non
360 2914 532 2972 excusabilis
547 2914 576 2970 in
591 2913 636 2970 die
649 2912 758 2988 judicii,
774 2931 842 2970 cum
857 2911 987 2970 Christus
1002 2912 1204 2969 remunerabit
1219 2909 1340 2970 activos¹

285 3031 321 3069 ex
337 3011 393 3070 hoc
413 3012 493 3087 quod
513 3013 609 3087 ipsum
627 3012 657 3068 in
676 3012 815 3069 membris
835 3011 893 3069 suis
914 3009 1005 3068 taliter
1024 3008 1199 3080 nutrierunt,
1215 3020 1247 3068 ut
1266 3019 1340 3087 patet

286 3109 388 3167 hlatth.
405 3128 480 3179 xxa,
495 3120 523 3166 et
537 3127 598 3166 non
613 3126 649 3165 ex
664 3107 721 3167 hoc
742 3108 824 3184 quod
843 3110 975 3167 membra
994 3106 1103 3165 diaboli
1123 3119 1232 3167 contra
1247 3107 1341 3167 Chris-

285 3222 345 3266 tum
361 3208 451 3265 taliter
465 3207 635 3265 refecerunt.

327 3305 415 3363 Tales
440 3316 507 3363 sunt
532 3305 640 3362 multae
665 3306 791 3364 rationes
813 3305 948 3374 fidelium,
973 3314 1092 3379 propter
1120 3320 1198 3378 quas
1224 3317 1341 3381 apparet

285 3404 483 3461 antichristum
513 3422 579 3461 curn
609 3404 667 3462 suis
696 3402 807 3478 legibus
835 3403 979 3460 fabricatis
1008 3401 1043 3458 de
1072 3400 1199 3459 decimis
1226 3415 1256 3461 et
1283 3403 1341 3462 aliis

285 3502 423 3559 ecelesiae
452 3502 673 3576 malignantium
703 3501 814 3576 legibus
843 3512 945 3559 contra
973 3500 1068 3575 legem
1096 3498 1209 3558 Christi
1239 3514 1269 3561 et
1300 3501 1340 3559 sui

285 3598 409 3673 apostoli
429 3599 601 3673 praevalere.
644 3599 681 3656 Et
703 3599 744 3655 sic
766 3598 858 3657 fidelis
880 3598 1067 3656 detestaretur
1088 3597 1175 3655 istam
1198 3601 1339 3676 argutiam

285 3707 315 3753 ut
336 3697 485 3771 sophisma
504 3696 627 3755 diaboli:
653 3698 706 3756 ista
725 3697 848 3755 ecclesia
862 3697 996 3754 vendicat
1009 3707 1037 3753 et
1057 3695 1171 3754 obtinet
1187 3697 1247 3755 ista
1264 3699 1340 3755 bona

285 3794 447 3852 secundum
471 3795 550 3869 leges
573 3813 645 3870 quas
670 3796 784 3865 statuit;
817 3812 888 3870 ergo
908 3795 986 3870 juste
1011 3804 1040 3851 et
1060 3794 1154 3866 bene3
1188 3813 1260 3852 cum
1284 3794 1340 3852 evi-

320 3941 327 3968 ¹
344 3939 430 4003 longe]
443 3941 531 4004 legem,
543 3941 586 3995 C.;
605 3941 684 4004 legem
697 3942 778 4005 longe,
790 3942 839 3989 ab.
950 3939 960 3967 ²
976 3939 1050 4004 haee]
1062 3939 1119 3996 hoc,
1131 3942 1159 3988 C.
1264 3941 1274 3969 ⁸
1290 3949 1339 3989 tan·

286 4004 350 4068 tum]
365 4006 432 4060 bene¹
446 4007 474 4055 C.
551 4006 558 4033 ⁴
574 4022 623 4054 non
636 4008 714 4070 magis
726 4006 850 4070 injuriam]
864 4006 943 4069 magis
955 4005 1068 4067 injuriam
1079 4022 1138 4060 non,
1151 4006 1183 4055 C.
1265 4007 1275 4034 ⁸
1291 4021 1338 4054 non

287 4070 365 4132 ningis
377 4070 499 4134 fraudem]
512 4073 590 4135 inagis
602 4071 710 4120 fraudem
724 4088 781 4127 non.
794 4073 823 4120 C.
899 4072 909 4098 ⁶
925 4072 1022 4119 animae
1031 4071 1069 4133 se]
1082 4072 1164 4121 anime
1178 4088 1220 4121 sne
1233 4073 1338 4135 (animae

288 4135 373 4192 sune);
392 4137 475 4184 animo
488 4153 521 4191 se,
534 4139 563 4185 C.
662 4137 671 4165 ⁷
688 4137 869 4201 exactionibus]
882 4136 1045 4192 exactoribus,
1059 4137 1091 4184 A.
1204 4135 1213 4163 ⁸
1232 4151 1338 4187 remune·

287 4198 348 4246 rabit
361 4201 466 4264 activos]
480 4203 673 4253 remunerabitur
684 4204 801 4259 actiones,
814 4203 843 4252 C.
