2864 4836
590 434 1082 517 JOANNISWICLIF
1175 526 1178 531 .
1288 457 1364 496 unt.

309 601 433 678 gentiae,
447 617 521 677 quas
540 598 723 670 clamamus¹,
738 599 797 658 hoc
815 608 869 672 est,
883 598 1018 676 opposita
1031 615 1134 658 eorum
1148 607 1274 674 possunt
1288 614 1360 656 con-

309 702 419 776 tingere
434 700 458 757 si
477 699 558 757 Deus
577 698 705 769 voluent,
720 698 812 757 modo
830 715 890 775 quo
909 696 1088 775 augmento
1106 695 1259 773 coneeplt²
1279 692 1361 772 quod

310 798 391 857 Dens
405 807 487 873 pater
500 806 597 872 potest
611 796 648 855 ad
662 799 737 855 intra
746 814 886 873 generare
900 795 989 855 alium
1002 795 1093 853 filium
1101 813 1110 867 ;
1132 795 1214 854 etsie
1228 805 1275 853 est
1289 810 1361 853 con-

309 896 451 971 tingentia
461 913 520 971 quo
535 895 573 954 ad
583 905 707 971 tempus,
719 905 748 953 et
759 913 821 954 non
832 894 1031 972 contingentia
1042 892 1209 970 simpliciter
1218 892 1360 953 absolute

311 994 349 1053 Et
367 1003 467 1051 tamen
486 1003 601 1069 oportet
620 992 822 1065 reconciliari³,
837 993 993 1069 negociari,
1013 992 1152 1062 damnari,
1172 1002 1202 1052 et
1220 989 1363 1069 quidquid

311 1090 394 1150 Deus
417 1089 462 1149 vel
486 1101 616 1150 creatura
639 1091 738 1150 fecerit
761 1101 812 1150 aut
835 1092 964 1151 omiserit
987 1091 1017 1150 in
1041 1090 1100 1150 hoc
1124 1089 1244 1152 mundo.
1294 1089 1363 1150 Seio

311 1200 419 1259 tamen,
434 1188 515 1267 quod
527 1189 582 1248 ista
595 1191 642 1248 via
655 1200 698 1249 est
712 1189 794 1248 valde
809 1189 938 1261 difficilis,
954 1201 983 1250 et
999 1187 1096 1248 multis
1117 1206 1192 1266 quae
1209 1187 1364 1265 quondam

312 1288 448 1363 opinatus
462 1305 536 1357 sum,
551 1288 619 1347 satis
635 1288 778 1347 contraria
786 1307 795 1361 3
816 1298 933 1366 paratus
951 1298 1049 1348 tamen
1068 1304 1184 1363 semper
1198 1304 1266 1346 sum
1279 1303 1363 1345 revo-

314 1403 380 1444 care
399 1383 540 1462 quidquid
558 1385 668 1456 dixero,
687 1385 792 1445 doctus
811 1387 891 1464 quod
910 1387 946 1446 sit
965 1387 1142 1446 contrarium
1160 1386 1280 1446 veiitati.
1322 1384 1362 1444 Et

314 1493 393 1560 patet
407 1483 512 1542 solutio
527 1482 579 1542 ad⁴
593 1484 725 1560 objectus
740 1483 956 1557 concedend0⁶,
976 1483 1057 1562 quod
1070 1483 1153 1544 Deus
1169 1483 1241 1543 nihil
1260 1492 1360 1561 potest

314 1581 475 1658 producere
496 1582 552 1640 nisi
573 1599 626 1658 pro
647 1599 785 1641 mensura
805 1583 901 1660 aliqua
924 1583 994 1642 illud
1015 1581 1166 1659 producat,
1188 1582 1258 1660 quia
1281 1581 1362 1641 aliter

315 1697 376 1738 non
391 1679 466 1738 clare
481 1679 598 1739 solvitur
608 1681 680 1740 ratio
694 1680 854 1758 Augustini
869 1679 906 1740 de
920 1679 977 1741 Dei
996 1680 1104 1740 invidia
1121 1681 1167 1739 vel
1179 1680 1361 1758 impotentis„

315 1777 388 1837 Ideo
402 1778 517 1855 signata
536 1797 710 1856 quacunque
729 1789 867 1851 creatura,
887 1777 997 1838 doceo‘
1011 1778 1092 1856 quod
1109 1780 1165 1839 ista
1182 1787 1281 1855 potest
1298 1795 1364 1839 esse

316 1878 375 1937 sive
389 1878 516 1954 intelligi,
531 1878 672 1948 concedo,
687 1877 768 1954 quod
781 1876 863 1937 Deus
878 1887 974 1954 potest
993 1877 1071 1936 illam
1089 1875 1261 1953 pmducere.
1304 1873 1365 1935 Sed

316 1977 387 2035 nolo
400 1975 539 2034 multum⁷
553 1978 649 2053 vagari
663 1978 740 2036 circa
753 1975 985 2053 intelligentiam⁸
999 1976 1059 2036 sive
1072 1975 1233 2053 potentiam
1252 1972 1364 2051 produ·

318 2075 403 2133 cendi
417 2091 472 2143 res,
487 2092 561 2150 quae
576 2092 638 2133 non
653 2085 727 2144 sunt,
742 2075 918 2144 concedens,
933 2074 1015 2151 quod
1033 2073 1104 2133 nihil
1123 2082 1167 2133 est
1184 2072 1366 2150 producibile

240 2178 244 2183 “
319 2173 373 2231 nisi
388 2171 470 2247 quod
483 2181 535 2240 est,
550 2190 618 2229 cum
632 2172 656 2230 si
669 2171 726 2231 hoc
742 2173 778 2231 sit
791 2173 976 2249 intelligibile,
991 2172 1036 2231 vel
1049 2170 1238 2248 producibile,
1249 2171 1309 2232 hoc
1322 2182 1367 2231 est

319 2286 365 2329 res
383 2285 458 2344 quae
476 2278 573 2344 potest
591 2269 709 2346 intelligi
729 2271 774 2329 vel
793 2270 924 2347 produci.
966 2270 1004 2330 Et
1023 2271 1065 2330 sic
1078 2269 1239 2330 intellectus
1253 2269 1367 2330 divium

320 2385 354 2425 ac
365 2367 428 2442 ejus
441 2367 543 2426 notitia
556 2376 623 2425 sunt
637 2368 714 2443 paris
728 2369 863 2440 ambitus,
874 2369 948 2428 sicut
961 2368 1123 2428 intellectus
1137 2376 1249 2428 creatus
1260 2377 1291 2427 et
1305 2366 1368 2444 ejus

321 2465 433 2538 notitia,
456 2475 485 2525 et
499 2465 540 2524 sic
555 2465 659 2524 falsum
673 2467 805 2538 assumis,
820 2467 901 2544 quod
920 2466 1011 2525 multa
1023 2464 1180 2543 intelligis’,
1196 2483 1273 2542 quae
1286 2463 1369 2525 Deus

321 2584 381 2625 non
395 2574 494 2641 potest
507 2564 672 2640 intelligere.
716 2564 783 2624 Imo
797 2566 929 2641 quamvis
943 2583 1032 2624 omne
1046 2564 1116 2623 illud
1130 2562 1275 2641 intelligis,
1289 2562 1369 2641 quod

320 2662 402 2722 Deus
413 2673 509 2739 potest
519 2663 704 2739 intelligere1⁰
714 2672 889 2734 etecontra,
900 2674 999 2722 temen
1009 2661 1153 2722 inlinitum
1163 2660 1369 2738 imperfectiori

322 2759 421 2830 modo,
437 2779 525 2837 quam
540 2760 622 2819 Deus
636 2771 731 2836 potest
744 2761 910 2838 intelligere.
952 2761 991 2819 Et
1004 2761 1046 2820 sic
1060 2777 1150 2819 omne
1169 2758 1275 2819 falsum
1289 2757 1370 2837 quod

322 2857 412 2915 homo
427 2858 565 2934 intelligit,
581 2858 662 2917 Deus
676 2859 814 2936 intelligit,
830 2858 901 2918 salse
920 2870 1018 2918 tamen
1037 2858 1128 2918 homo
1141 2857 1282 2935 intelligit,
1297 2875 1369 2936 qua·

322 2954 385 3012 liter
405 2973 466 3014 non
487 2966 582 3032 potest
602 2956 684 3015 Deus
705 2957 871 3033 intelligere.
914 2955 980 3016 Sive
1002 2958 1081 3016 enim
1105 2954 1213 3016 salsitas
1233 2955 1370 3016 fueritin

323 3053 443 3111 homine
464 3054 523 3111 sive
544 3056 573 3111 in
595 3054 649 3113 alia
671 3055 803 3130 signabili
824 3067 962 3126 creatura,
981 3054 1063 3114 Deus
1083 3053 1272 3132 intelligendo
1292 3054 1371 3114 illam

323 3149 476 3209 salsitatem
490 3150 620 3225 intelligit
634 3153 795 3228 subjectum
810 3153 872 3229 ejus
887 3152 999 3223 falsum,
1011 3153 1092 3229 quod
1106 3152 1190 3212 simul
1204 3163 1248 3212 est
1261 3162 1371 3225 verum,

325 3268 392 3308 cum
413 3267 466 3308 sua
487 3248 617 3319 salsitate,
638 3268 675 3309 eo
696 3250 776 3327 quod
797 3262 841 3310 est
862 3270 923 3322 ens,
945 3263 973 3310 et
994 3252 1035 3310 sic
1056 3270 1156 3311 vemm
1176 3260 1205 3311 et
1226 3269 1280 3328 per
1301 3270 1372 3312 con·

325 3366 450 3425 sequens
464 3344 666 3407 intellectum¹¹
681 3368 699 3407 a
713 3349 788 3408 Deo.
830 3347 918 3408 Unde
932 3368 987 3408 nec
1006 3349 1098 3408 homo
1117 3367 1173 3409 nec
1191 3347 1275 3409 Deus
1289 3350 1372 3410 intel·

324 3447 392 3524 ligit,
407 3446 488 3524 quod
501 3446 592 3506 homo
608 3457 651 3506 est
665 3449 771 3518 asinus,
783 3447 859 3524 quia,
872 3466 939 3506 cum
953 3447 1111 3524 intelligere
1126 3448 1161 3508 sit
1175 3448 1252 3508 intus
1265 3448 1371 3525 legere,

325 3555 394 3603 tunc
415 3546 486 3604 liber
505 3546 580 3603 vitae
603 3544 678 3604 foret
701 3545 879 3604 falsissimus.
921 3545 1003 3605 Deus
1027 3556 1126 3604 tamen
1146 3546 1222 3606 clare
1242 3546 1374 3625 intelligit

326 3642 399 3701 haec
418 3644 501 3719 signa
520 3642 600 3712 falsa,
616 3645 689 3702 sicut
708 3653 739 3702 tu
758 3644 892 3720 intelligis
911 3644 960 3715 sic,
975 3644 1066 3703 homo
1081 3655 1125 3704 est
1138 3645 1254 3717 asinus3
1279 3655 1308 3705 et
1321 3647 1372 3716 sic,

360 3838 531 3902 'olamumuq
544 3849 638 3894 manus,
650 3838 688 3888 ed.
700 3855 737 3903 pr.
868 3838 1019 3905 ²concepit]
1031 3840 1374 3911 oonooedit,A.B.C.ed.pr.

327 3904 336 3933 ³
352 3904 515 3968 reconciliari]
527 3903 658 3960 conciliari,
666 3905 695 3954 C.
705 3905 742 3954 ed.
750 3919 802 3999 ἔπη
819 3905 949 3963 consiliari,
960 3907 992 3955 D.
1058 3906 1186 3972 ‘ad]om
1196 3909 1229 3957 A.
1290 3909 1301 3940 ⁸
1316 3926 1375 3961 con·

327 3969 449 4033 cedendo]
461 3970 578 4028 concedo,
590 3970 628 4018 ed.
658 3987 676 4019 r.
771 3970 849 4020 doceo
873 3972 957 4028 docto,
969 3972 1062 4022 A.B.C.
1073 3973 1161 4038 edpr.
1227 3973 1373 4043 inultm]

328 4051 377 4084 om.
389 4036 427 4084 ed.
439 4052 476 4099 pr.
558 4036 567 4064 ⁸
584 3986 782 4100 intelligentiam]
791 4036 851 4086 intel
863 4037 1024 4101 'gibilitatem
1036 4038 1065 4088 C.
1077 4039 1116 4088 ed.
1127 4055 1178 4103 pr.;
1196 4054 1288 4105 ngare
1302 4042 1375 4093 intel·

327 4101 426 4164 ligendo
441 4101 577 4165 potentiam
592 4102 750 4165 producendi,
762 4103 790 4150 Β.
856 4103 866 4131 ⁹
882 4102 961 4153 multa
972 4103 1100 4169 intelligis]
1112 4111 1139 4155 tu
1150 4104 1283 4171 intelligas,
1294 4107 1373 4164 A.B.;

328 4173 354 4213 lu
366 4165 445 4214 multa
455 4167 579 4231 intelligis,
591 4167 629 4216 ed.
641 4184 678 4232 pr.
763 4168 781 4197 ¹⁰
799 4168 867 4217 Dens
878 4177 960 4232 potest
971 4169 1108 4234 intelligere
1132 4171 1200 4235 quod
1211 4178 1296 4236 potest
1303 4173 1373 4226 inlel-

328 4228 379 4293 ligi,
392 4231 452 4279 All.
551 4233 567 4261 ¹¹
586 4239 610 4282 et
622 4248 665 4295 per
676 4249 827 4298 consequens
837 4233 1001 4300 intellectum]
1011 4234 1049 4285 vel
1059 4235 1096 4286 int
1129 4244 1220 4295 ectum,
1230 4237 1269 4289 od
1282 4254 1320 4304 pr.
