<?xml version="1.0" encoding="UTF-8"?>
<!DOCTYPE html PUBLIC "-//W3C//DTD XHTML 1.0 Transitional//EN"
    "http://www.w3.org/TR/xhtml1/DTD/xhtml1-transitional.dtd">
<html xmlns="http://www.w3.org/1999/xhtml" xml:lang="en" lang="en">
 <head>
  <title>
</title>
<meta http-equiv="Content-Type" content="text/html;charset=utf-8" />
  <meta name='ocr-system' content='tesseract 3.04.00' />
  <meta name='ocr-capabilities' content='ocr_page ocr_carea ocr_par ocr_line ocrx_word'/>
</head>
<body>
  <div class='ocr_page' id='page_1' title='image "./trialoguscumsup00lechgoog_0130.png"; bbox 0 0 2864 4836; ppageno 0'>
   <div class='ocr_carea' id='block_1_1' title="bbox 80 333 1336 347">
    <p class='ocr_par' dir='ltr' id='par_1_1' title="bbox 80 333 1336 347">
     <span class='ocr_line' id='line_1_1' title="bbox 80 333 1336 347; baseline -0.002 -4"><span class='ocrx_word' id='word_1_1' title='bbox 80 334 557 343; x_wconf 47' lang='lat'><strong>—————-.-—.-———.----..⁶.</strong></span> <span class='ocrx_word' id='word_1_2' title='bbox 566 336 614 341; x_wconf 76' lang='lat'><em>.-.·-.</em></span> <span class='ocrx_word' id='word_1_3' title='bbox 623 335 688 342; x_wconf 58' lang='lat'><strong>,00-</strong></span> <span class='ocrx_word' id='word_1_4' title='bbox 697 335 742 341; x_wconf 46' lang='grc' dir='ltr'><strong>ψ-..</strong></span> <span class='ocrx_word' id='word_1_5' title='bbox 750 336 753 339; x_wconf 93' lang='grc'>.</span> <span class='ocrx_word' id='word_1_6' title='bbox 760 334 832 341; x_wconf 55' lang='grc' dir='ltr'><strong>-μ</strong></span> <span class='ocrx_word' id='word_1_7' title='bbox 843 335 849 339; x_wconf 89' lang='grc'><em>.</em></span> <span class='ocrx_word' id='word_1_8' title='bbox 861 333 1336 347; x_wconf 49' lang='lat' dir='ltr'>-ss—-.7-.—........—-—-</span> 
     </span>
    </p>
   </div>
   <div class='ocr_carea' id='block_1_2' title="bbox 71 443 1272 523">
    <p class='ocr_par' dir='ltr' id='par_1_2' title="bbox 71 443 1272 523">
     <span class='ocr_line' id='line_1_2' title="bbox 71 443 1272 523; baseline 0.002 -21"><span class='ocrx_word' id='word_1_9' title='bbox 71 468 168 504; x_wconf 69' lang='lat' dir='ltr'><strong>canu.</strong></span> <span class='ocrx_word' id='word_1_10' title='bbox 440 443 778 506; x_wconf 78' lang='lat' dir='ltr'><em>TRIALOGUS·</em></span> <span class='ocrx_word' id='word_1_11' title='bbox 1213 456 1272 523; x_wconf 92' lang='lat'><strong>117</strong></span> 
     </span>
    </p>
   </div>
   <div class='ocr_carea' id='block_1_3' title="bbox 64 607 1153 3832">
    <p class='ocr_par' dir='ltr' id='par_1_3' title="bbox 71 607 1153 1963">
     <span class='ocr_line' id='line_1_3' title="bbox 72 607 1152 691; baseline 0 -26"><span class='ocrx_word' id='word_1_12' title='bbox 72 607 242 683; x_wconf 88' lang='lat' dir='ltr'><strong>coaequari,</strong></span> <span class='ocrx_word' id='word_1_13' title='bbox 254 624 321 665; x_wconf 91' lang='lat' dir='ltr'><strong>curn</strong></span> <span class='ocrx_word' id='word_1_14' title='bbox 336 608 547 667; x_wconf 84' lang='lat' dir='ltr'>demonstratio</span> <span class='ocrx_word' id='word_1_15' title='bbox 561 608 735 667; x_wconf 85' lang='lat' dir='ltr'><strong>certissima¹</strong></span> <span class='ocrx_word' id='word_1_16' title='bbox 749 608 836 666; x_wconf 91' lang='lat' dir='ltr'><strong>docet</strong></span> <span class='ocrx_word' id='word_1_17' title='bbox 849 608 1035 683; x_wconf 81' lang='lat' dir='ltr'><strong>oppositum3</strong></span> <span class='ocrx_word' id='word_1_18' title='bbox 1057 624 1130 691; x_wconf 84' lang='lat' dir='ltr'><strong>quo-</strong></span> <span class='ocrx_word' id='word_1_19' title='bbox 1151 659 1152 675; x_wconf 65' lang='grc'>,</span> 
     </span>
     <span class='ocr_line' id='line_1_4' title="bbox 74 704 1152 783; baseline 0 -20"><span class='ocrx_word' id='word_1_20' title='bbox 74 704 170 763; x_wconf 87' lang='lat' dir='ltr'><strong>modo</strong></span> <span class='ocrx_word' id='word_1_21' title='bbox 192 722 266 782; x_wconf 86' lang='lat' dir='ltr'><strong>ergo</strong></span> <span class='ocrx_word' id='word_1_22' title='bbox 291 715 389 781; x_wconf 91' lang='lat' dir='ltr'><strong>potest</strong></span> <span class='ocrx_word' id='word_1_23' title='bbox 412 706 524 782; x_wconf 89' lang='lat' dir='ltr'><strong>primus</strong></span> <span class='ocrx_word' id='word_1_24' title='bbox 548 706 669 783; x_wconf 89' lang='lat' dir='ltr'><strong>angelus</strong></span> <span class='ocrx_word' id='word_1_25' title='bbox 691 724 755 766; x_wconf 89' lang='lat' dir='ltr'><strong>esse</strong></span> <span class='ocrx_word' id='word_1_26' title='bbox 779 706 902 776; x_wconf 89' lang='lat' dir='ltr'><strong>stultior,</strong></span> <span class='ocrx_word' id='word_1_27' title='bbox 925 723 1015 782; x_wconf 88' lang='lat' dir='ltr'><strong>quam</strong></span> <span class='ocrx_word' id='word_1_28' title='bbox 1040 704 1131 763; x_wconf 93' lang='lat' dir='ltr'><strong>homo</strong></span> <span class='ocrx_word' id='word_1_29' title='bbox 1150 738 1152 781; x_wconf 62' lang='grc' dir='ltr'>ς</span> 
     </span>
     <span class='ocr_line' id='line_1_5' title="bbox 74 798 1152 883; baseline 0.002 -24"><span class='ocrx_word' id='word_1_30' title='bbox 74 801 237 878; x_wconf 78' lang='lat' dir='ltr'>insipiens?</span> <span class='ocrx_word' id='word_1_31' title='bbox 279 802 317 861; x_wconf 90' lang='lat' dir='ltr'><strong>Et</strong></span> <span class='ocrx_word' id='word_1_32' title='bbox 337 804 440 863; x_wconf 89' lang='lat' dir='ltr'><strong>iterum</strong></span> <span class='ocrx_word' id='word_1_33' title='bbox 461 804 572 862; x_wconf 91' lang='lat' dir='ltr'><strong>videtur</strong></span> <span class='ocrx_word' id='word_1_34' title='bbox 593 803 753 874; x_wconf 81' lang='lat' dir='ltr'><strong>difficultas,</strong></span> <span class='ocrx_word' id='word_1_35' title='bbox 773 804 927 880; x_wconf 91' lang='lat' dir='ltr'><strong>quomodo</strong></span> <span class='ocrx_word' id='word_1_36' title='bbox 948 805 1058 880; x_wconf 88' lang='lat' dir='ltr'><strong>primus</strong></span> <span class='ocrx_word' id='word_1_37' title='bbox 1080 798 1152 883; x_wconf 76' lang='lat' dir='ltr'><strong>an·l¹</strong></span> 
     </span>
     <span class='ocr_line' id='line_1_6' title="bbox 72 900 1153 979; baseline 0.002 -21"><span class='ocrx_word' id='word_1_38' title='bbox 72 900 168 977; x_wconf 82' lang='lat' dir='ltr'><strong>gelus,</strong></span> <span class='ocrx_word' id='word_1_39' title='bbox 182 901 208 960; x_wconf 87' lang='lat' dir='ltr'><strong>si</strong></span> <span class='ocrx_word' id='word_1_40' title='bbox 227 919 280 977; x_wconf 86' lang='lat' dir='ltr'><strong>per</strong></span> <span class='ocrx_word' id='word_1_41' title='bbox 298 911 414 979; x_wconf 86' lang='lat' dir='ltr'><strong>tempus</strong></span> <span class='ocrx_word' id='word_1_42' title='bbox 433 903 463 961; x_wconf 92' lang='lat' dir='ltr'><strong>in</strong></span> <span class='ocrx_word' id='word_1_43' title='bbox 478 902 526 960; x_wconf 88' lang='lat' dir='ltr'><strong>illa</strong></span> <span class='ocrx_word' id='word_1_44' title='bbox 539 903 617 961; x_wconf 88' lang='lat' dir='ltr'><strong>clara</strong></span> <span class='ocrx_word' id='word_1_45' title='bbox 631 902 687 961; x_wconf 90' lang='lat' dir='ltr'><strong>Dei</strong></span> <span class='ocrx_word' id='word_1_46' title='bbox 704 903 806 961; x_wconf 88' lang='lat' dir='ltr'><strong>notitia</strong></span> <span class='ocrx_word' id='word_1_47' title='bbox 825 903 918 961; x_wconf 86' lang='lat' dir='ltr'><strong>iuerat</strong></span> <span class='ocrx_word' id='word_1_48' title='bbox 931 902 1100 971; x_wconf 82' lang='lat' dir='ltr'><strong>delectatus,</strong></span> <span class='ocrx_word' id='word_1_49' title='bbox 1116 920 1133 960; x_wconf 91' lang='lat' dir='ltr'><strong>a</strong></span> <span class='ocrx_word' id='word_1_50' title='bbox 1150 901 1153 951; x_wconf 86' lang='lat' dir='ltr'><strong>l</strong></span> 
     </span>
     <span class='ocr_line' id='line_1_7' title="bbox 75 987 1152 1076; baseline -0.001 -19"><span class='ocrx_word' id='word_1_51' title='bbox 75 999 180 1058; x_wconf 89' lang='lat' dir='ltr'><strong>notitia</strong></span> <span class='ocrx_word' id='word_1_52' title='bbox 193 999 241 1058; x_wconf 90' lang='lat' dir='ltr'><strong>illa</strong></span> <span class='ocrx_word' id='word_1_53' title='bbox 251 1000 369 1071; x_wconf 82' lang='lat' dir='ltr'>excidit,</span> <span class='ocrx_word' id='word_1_54' title='bbox 389 1019 456 1059; x_wconf 90' lang='lat' dir='ltr'><strong>cum</strong></span> <span class='ocrx_word' id='word_1_55' title='bbox 470 1019 509 1058; x_wconf 88' lang='lat' dir='ltr'><strong>ex</strong></span> <span class='ocrx_word' id='word_1_56' title='bbox 524 1000 715 1060; x_wconf 81' lang='lat' dir='ltr'><strong>delectatione</strong></span> <span class='ocrx_word' id='word_1_57' title='bbox 726 1001 797 1059; x_wconf 88' lang='lat' dir='ltr'><strong>tanti</strong></span> <span class='ocrx_word' id='word_1_58' title='bbox 812 1001 918 1076; x_wconf 88' lang='lat' dir='ltr'><strong>objecti</strong></span> <span class='ocrx_word' id='word_1_59' title='bbox 933 999 1133 1059; x_wconf 85' lang='lat' dir='ltr'><strong>fortificaretur</strong></span> <span class='ocrx_word' id='word_1_60' title='bbox 1150 987 1152 1053; x_wconf 77' lang='lat' dir='ltr'><strong>l</strong></span> 
     </span>
     <span class='ocr_line' id='line_1_8' title="bbox 75 1097 1152 1176; baseline 0.002 -21"><span class='ocrx_word' id='word_1_61' title='bbox 75 1097 187 1170; x_wconf 85' lang='lat' dir='ltr'><strong>notitia,</strong></span> <span class='ocrx_word' id='word_1_62' title='bbox 206 1108 236 1156; x_wconf 88' lang='lat' dir='ltr'><strong>et</strong></span> <span class='ocrx_word' id='word_1_63' title='bbox 256 1097 326 1157; x_wconf 84' lang='lat' dir='ltr'><strong>nihil</strong></span> <span class='ocrx_word' id='word_1_64' title='bbox 345 1100 499 1175; x_wconf 88' lang='lat' dir='ltr'><strong>appetitur,</strong></span> <span class='ocrx_word' id='word_1_65' title='bbox 521 1099 575 1157; x_wconf 90' lang='lat' dir='ltr'><strong>nisi</strong></span> <span class='ocrx_word' id='word_1_66' title='bbox 597 1099 701 1157; x_wconf 91' lang='lat' dir='ltr'><strong>rationi</strong></span> <span class='ocrx_word' id='word_1_67' title='bbox 721 1098 818 1175; x_wconf 91' lang='lat' dir='ltr'><strong>ipsum</strong></span> <span class='ocrx_word' id='word_1_68' title='bbox 839 1108 979 1176; x_wconf 84' lang='lat' dir='ltr'><strong>appareat</strong></span> <span class='ocrx_word' id='word_1_69' title='bbox 1002 1099 1152 1168; x_wconf 75' lang='lat' dir='ltr'><strong>bonum33</strong></span> 
     </span>
     <span class='ocr_line' id='line_1_9' title="bbox 71 1195 1131 1273; baseline 0 -19"><span class='ocrx_word' id='word_1_70' title='bbox 71 1195 230 1273; x_wconf 88' lang='lat' dir='ltr'><strong>quomodo</strong></span> <span class='ocrx_word' id='word_1_71' title='bbox 240 1214 312 1273; x_wconf 90' lang='lat' dir='ltr'><strong>ergo</strong></span> <span class='ocrx_word' id='word_1_72' title='bbox 321 1206 425 1273; x_wconf 90' lang='lat' dir='ltr'><strong>posset</strong></span> <span class='ocrx_word' id='word_1_73' title='bbox 435 1198 561 1272; x_wconf 89' lang='lat' dir='ltr'><strong>incipere</strong></span> <span class='ocrx_word' id='word_1_74' title='bbox 572 1197 621 1255; x_wconf 91' lang='lat' dir='ltr'><strong>illa</strong></span> <span class='ocrx_word' id='word_1_75' title='bbox 635 1196 720 1255; x_wconf 82' lang='lat' dir='ltr'>fallax</span> <span class='ocrx_word' id='word_1_76' title='bbox 732 1196 924 1273; x_wconf 81' lang='lat' dir='ltr'><strong>apparentia?</strong></span> <span class='ocrx_word' id='word_1_77' title='bbox 966 1195 1004 1255; x_wconf 92' lang='lat' dir='ltr'><strong>Et</strong></span> <span class='ocrx_word' id='word_1_78' title='bbox 1018 1196 1131 1266; x_wconf 86' lang='lat' dir='ltr'><strong>iterum,</strong></span> 
     </span>
     <span class='ocr_line' id='line_1_10' title="bbox 74 1272 1153 1372; baseline 0 -20"><span class='ocrx_word' id='word_1_79' title='bbox 74 1294 160 1353; x_wconf 90' lang='lat' dir='ltr'><strong>multi</strong></span> <span class='ocrx_word' id='word_1_80' title='bbox 179 1295 315 1355; x_wconf 88' lang='lat' dir='ltr'><strong>homines</strong></span> <span class='ocrx_word' id='word_1_81' title='bbox 333 1307 402 1355; x_wconf 91' lang='lat' dir='ltr'><strong>sunt</strong></span> <span class='ocrx_word' id='word_1_82' title='bbox 421 1307 540 1372; x_wconf 88' lang='lat' dir='ltr'><strong>propter</strong></span> <span class='ocrx_word' id='word_1_83' title='bbox 559 1296 704 1354; x_wconf 87' lang='lat' dir='ltr'><strong>minorem</strong></span> <span class='ocrx_word' id='word_1_84' title='bbox 724 1296 856 1354; x_wconf 84' lang='lat' dir='ltr'><strong>notitiam</strong></span> <span class='ocrx_word' id='word_1_85' title='bbox 875 1295 997 1353; x_wconf 90' lang='lat' dir='ltr'><strong>minoris</strong></span> <span class='ocrx_word' id='word_1_86' title='bbox 1016 1295 1132 1371; x_wconf 87' lang='lat' dir='ltr'><strong>objecti,</strong></span> <span class='ocrx_word' id='word_1_87' title='bbox 1150 1272 1153 1345; x_wconf 77' lang='lat' dir='ltr'><strong>i</strong></span> 
     </span>
     <span class='ocr_line' id='line_1_11' title="bbox 72 1350 1153 1470; baseline -0.001 -19"><span class='ocrx_word' id='word_1_88' title='bbox 72 1411 166 1470; x_wconf 89' lang='lat' dir='ltr'><strong>quam</strong></span> <span class='ocrx_word' id='word_1_89' title='bbox 192 1403 238 1454; x_wconf 86' lang='lat' dir='ltr'><strong>est</strong></span> <span class='ocrx_word' id='word_1_90' title='bbox 261 1393 353 1466; x_wconf 89' lang='lat' dir='ltr'><strong>Deus,</strong></span> <span class='ocrx_word' id='word_1_91' title='bbox 377 1395 408 1453; x_wconf 92' lang='lat' dir='ltr'><strong>in</strong></span> <span class='ocrx_word' id='word_1_92' title='bbox 436 1395 499 1470; x_wconf 86' lang='lat' dir='ltr'><strong>ejus</strong></span> <span class='ocrx_word' id='word_1_93' title='bbox 527 1392 739 1468; x_wconf 85' lang='lat' dir='ltr'><strong>complacentia</strong></span> <span class='ocrx_word' id='word_1_94' title='bbox 768 1393 930 1451; x_wconf 85' lang='lat' dir='ltr'><strong>delectabili</strong></span> <span class='ocrx_word' id='word_1_95' title='bbox 958 1350 1153 1466; x_wconf 52' lang='lat' dir='ltr'><strong>confirmati,</strong></span> 
     </span>
     <span class='ocr_line' id='line_1_12' title="bbox 75 1474 1152 1571; baseline -0.003 -20"><span class='ocrx_word' id='word_1_96' title='bbox 75 1490 142 1552; x_wconf 90' lang='lat' dir='ltr'><strong>Nec</strong></span> <span class='ocrx_word' id='word_1_97' title='bbox 167 1503 267 1569; x_wconf 85' lang='lat' dir='ltr'><strong>posset</strong></span> <span class='ocrx_word' id='word_1_98' title='bbox 289 1493 355 1564; x_wconf 90' lang='lat' dir='ltr'><strong>dici,</strong></span> <span class='ocrx_word' id='word_1_99' title='bbox 378 1493 459 1569; x_wconf 91' lang='lat' dir='ltr'><strong>quod</strong></span> <span class='ocrx_word' id='word_1_100' title='bbox 483 1493 604 1567; x_wconf 83' lang='lat' dir='ltr'><strong>angelus</strong></span> <span class='ocrx_word' id='word_1_101' title='bbox 629 1501 742 1551; x_wconf 91' lang='lat' dir='ltr'><strong>creatus</strong></span> <span class='ocrx_word' id='word_1_102' title='bbox 767 1476 811 1550; x_wconf 86' lang='lat' dir='ltr'><strong>est</strong></span> <span class='ocrx_word' id='word_1_103' title='bbox 835 1493 865 1550; x_wconf 91' lang='lat' dir='ltr'><strong>in</strong></span> <span class='ocrx_word' id='word_1_104' title='bbox 890 1491 986 1568; x_wconf 89' lang='lat' dir='ltr'><strong>primo</strong></span> <span class='ocrx_word' id='word_1_105' title='bbox 1011 1474 1152 1571; x_wconf 71' lang='lat' dir='ltr'><strong>instanti}</strong></span> 
     </span>
     <span class='ocr_line' id='line_1_13' title="bbox 74 1582 1152 1684; baseline -0.003 -34"><span class='ocrx_word' id='word_1_106' title='bbox 74 1590 179 1650; x_wconf 88' lang='lat' dir='ltr'><strong>mundi</strong></span> <span class='ocrx_word' id='word_1_107' title='bbox 194 1591 224 1649; x_wconf 90' lang='lat' dir='ltr'><strong>in</strong></span> <span class='ocrx_word' id='word_1_108' title='bbox 239 1591 287 1649; x_wconf 88' lang='lat' dir='ltr'><strong>tali</strong></span> <span class='ocrx_word' id='word_1_109' title='bbox 303 1592 411 1650; x_wconf 91' lang='lat' dir='ltr'><strong>malitia</strong></span> <span class='ocrx_word' id='word_1_110' title='bbox 424 1600 452 1649; x_wconf 91' lang='lat' dir='ltr'><strong>et</strong></span> <span class='ocrx_word' id='word_1_111' title='bbox 472 1608 577 1661; x_wconf 91' lang='lat' dir='ltr'><strong>errore,</strong></span> <span class='ocrx_word' id='word_1_112' title='bbox 592 1592 660 1667; x_wconf 91' lang='lat' dir='ltr'><strong>quia</strong></span> <span class='ocrx_word' id='word_1_113' title='bbox 678 1601 748 1649; x_wconf 90' lang='lat' dir='ltr'><strong>tunc</strong></span> <span class='ocrx_word' id='word_1_114' title='bbox 764 1589 845 1648; x_wconf 88' lang='lat' dir='ltr'><strong>Deus</strong></span> <span class='ocrx_word' id='word_1_115' title='bbox 859 1589 934 1648; x_wconf 86' lang='lat' dir='ltr'><strong>soret</strong></span> <span class='ocrx_word' id='word_1_116' title='bbox 948 1600 1049 1649; x_wconf 87' lang='lat' dir='ltr'><strong>auctor</strong></span> <span class='ocrx_word' id='word_1_117' title='bbox 1068 1589 1132 1648; x_wconf 89' lang='lat' dir='ltr'><strong>talis</strong></span> <span class='ocrx_word' id='word_1_118' title='bbox 1150 1582 1152 1684; x_wconf 59' lang='lat' dir='ltr'>f</span> 
     </span>
     <span class='ocr_line' id='line_1_14' title="bbox 74 1687 1152 1765; baseline -0.003 -18"><span class='ocrx_word' id='word_1_119' title='bbox 74 1688 202 1748; x_wconf 86' lang='lat' dir='ltr'><strong>malitiae</strong></span> <span class='ocrx_word' id='word_1_120' title='bbox 211 1699 240 1748; x_wconf 87' lang='lat' dir='ltr'><strong>et</strong></span> <span class='ocrx_word' id='word_1_121' title='bbox 249 1688 427 1765; x_wconf 73' lang='lat' dir='ltr'><strong>geminaret&#39;</strong></span> <span class='ocrx_word' id='word_1_122' title='bbox 440 1689 584 1748; x_wconf 87' lang='lat' dir='ltr'><strong>haeresim</strong></span> <span class='ocrx_word' id='word_1_123' title='bbox 599 1688 822 1748; x_wconf 86' lang='lat' dir='ltr'><strong>Manicheorum</strong></span> <span class='ocrx_word' id='word_1_124' title='bbox 834 1688 1008 1765; x_wconf 88' lang='lat' dir='ltr'><strong>ponentium</strong></span> <span class='ocrx_word' id='word_1_125' title='bbox 1017 1687 1131 1746; x_wconf 83' lang='lat' dir='ltr'><strong>Deum⁸</strong></span> <span class='ocrx_word' id='word_1_126' title='bbox 1149 1716 1152 1755; x_wconf 76' lang='lat'>;</span> 
     </span>
     <span class='ocr_line' id='line_1_15' title="bbox 73 1780 1152 1849; baseline 0.004 -4"><span class='ocrx_word' id='word_1_127' title='bbox 73 1786 196 1846; x_wconf 89' lang='lat' dir='ltr'><strong>malum.</strong></span> <span class='ocrx_word' id='word_1_128' title='bbox 1149 1780 1152 1849; x_wconf 71' lang='grc' dir='ltr'>ἴ</span> 
     </span>
     <span class='ocr_line' id='line_1_16' title="bbox 119 1884 1132 1963; baseline -0.002 -19"><span class='ocrx_word' id='word_1_129' title='bbox 119 1885 179 1945; x_wconf 90' lang='lat' dir='ltr'><strong>Hic</strong></span> <span class='ocrx_word' id='word_1_130' title='bbox 204 1884 260 1945; x_wconf 91' lang='lat' dir='ltr'><strong>dici</strong></span> <span class='ocrx_word' id='word_1_131' title='bbox 284 1895 390 1963; x_wconf 88' lang='lat' dir='ltr'><strong>potest,</strong></span> <span class='ocrx_word' id='word_1_132' title='bbox 413 1886 494 1962; x_wconf 88' lang='lat' dir='ltr'><strong>qnod</strong></span> <span class='ocrx_word' id='word_1_133' title='bbox 515 1887 614 1945; x_wconf 90' lang='lat' dir='ltr'><strong>omnis</strong></span> <span class='ocrx_word' id='word_1_134' title='bbox 639 1885 732 1943; x_wconf 89' lang='lat' dir='ltr'><strong>malus</strong></span> <span class='ocrx_word' id='word_1_135' title='bbox 753 1885 876 1960; x_wconf 82' lang='lat' dir='ltr'><strong>angelus</strong></span> <span class='ocrx_word' id='word_1_136' title='bbox 901 1885 978 1942; x_wconf 90' lang='lat' dir='ltr'><strong>stetit</strong></span> <span class='ocrx_word' id='word_1_137' title='bbox 1001 1885 1032 1940; x_wconf 92' lang='lat' dir='ltr'><strong>in</strong></span> <span class='ocrx_word' id='word_1_138' title='bbox 1054 1892 1132 1942; x_wconf 89' lang='lat' dir='ltr'><strong>statu</strong></span> 
     </span>
    </p>

    <p class='ocr_par' dir='ltr' id='par_1_4' title="bbox 72 1981 1132 2061">
     <span class='ocr_line' id='line_1_17' title="bbox 72 1981 1132 2061; baseline -0.004 -18"><span class='ocrx_word' id='word_1_139' title='bbox 72 1985 260 2043; x_wconf 88' lang='lat' dir='ltr'><strong>innocentiae</strong></span> <span class='ocrx_word' id='word_1_140' title='bbox 289 2002 341 2060; x_wconf 87' lang='lat' dir='ltr'><strong>per</strong></span> <span class='ocrx_word' id='word_1_141' title='bbox 368 1995 485 2061; x_wconf 89' lang='lat' dir='ltr'><strong>tempus</strong></span> <span class='ocrx_word' id='word_1_142' title='bbox 512 1984 671 2053; x_wconf 87' lang='lat' dir='ltr'><strong>modicum,</strong></span> <span class='ocrx_word' id='word_1_143' title='bbox 696 1983 761 2042; x_wconf 89' lang='lat' dir='ltr'><strong>licet</strong></span> <span class='ocrx_word' id='word_1_144' title='bbox 790 1983 875 2041; x_wconf 87' lang='lat' dir='ltr'><strong>nobis</strong></span> <span class='ocrx_word' id='word_1_145' title='bbox 903 1981 1079 2052; x_wconf 87' lang='lat' dir='ltr'><strong>insensibile,</strong></span> <span class='ocrx_word' id='word_1_146' title='bbox 1103 1992 1132 2040; x_wconf 90' lang='lat' dir='ltr'><strong>et</strong></span> 
     </span>
    </p>

    <p class='ocr_par' dir='ltr' id='par_1_5' title="bbox 64 2030 1152 2945">
     <span class='ocr_line' id='line_1_18' title="bbox 73 2030 1152 2160; baseline -0.003 -19"><span class='ocrx_word' id='word_1_147' title='bbox 73 2092 145 2160; x_wconf 86' lang='lat' dir='ltr'><strong>post</strong></span> <span class='ocrx_word' id='word_1_148' title='bbox 158 2083 281 2142; x_wconf 88' lang='lat' dir='ltr'><strong>modum</strong></span> <span class='ocrx_word' id='word_1_149' title='bbox 296 2083 326 2140; x_wconf 92' lang='lat' dir='ltr'><strong>in</strong></span> <span class='ocrx_word' id='word_1_150' title='bbox 341 2083 506 2160; x_wconf 89' lang='lat' dir='ltr'><strong>superbiam</strong></span> <span class='ocrx_word' id='word_1_151' title='bbox 521 2093 588 2141; x_wconf 90' lang='lat' dir='ltr'><strong>sunt</strong></span> <span class='ocrx_word' id='word_1_152' title='bbox 603 2082 715 2158; x_wconf 85' lang='lat' dir='ltr'><strong>dilapsi.</strong></span> <span class='ocrx_word' id='word_1_153' title='bbox 754 2080 920 2154; x_wconf 88' lang='lat' dir='ltr'><strong>Quomodo</strong></span> <span class='ocrx_word' id='word_1_154' title='bbox 935 2091 1032 2139; x_wconf 90' lang='lat' dir='ltr'><strong>autem</strong></span> <span class='ocrx_word' id='word_1_155' title='bbox 1046 2098 1131 2139; x_wconf 88' lang='lat' dir='ltr'><strong>casus</strong></span> <span class='ocrx_word' id='word_1_156' title='bbox 1148 2030 1152 2151; x_wconf 68' lang='grc' dir='ltr'>Ι</span> 
     </span>
     <span class='ocr_line' id='line_1_19' title="bbox 73 2179 1131 2258; baseline -0.004 -18"><span class='ocrx_word' id='word_1_157' title='bbox 73 2182 129 2240; x_wconf 82' lang='lat' dir='ltr'><strong>iste</strong></span> <span class='ocrx_word' id='word_1_158' title='bbox 156 2180 288 2258; x_wconf 76' lang='lat' dir='ltr'><strong>contigit,</strong></span> <span class='ocrx_word' id='word_1_159' title='bbox 317 2180 373 2239; x_wconf 91' lang='lat' dir='ltr'><strong>dici</strong></span> <span class='ocrx_word' id='word_1_160' title='bbox 401 2189 507 2256; x_wconf 86' lang='lat' dir='ltr'><strong>potest,</strong></span> <span class='ocrx_word' id='word_1_161' title='bbox 532 2181 612 2258; x_wconf 92' lang='lat' dir='ltr'><strong>quod</strong></span> <span class='ocrx_word' id='word_1_162' title='bbox 643 2180 750 2257; x_wconf 85' lang='lat' dir='ltr'><strong>duplex</strong></span> <span class='ocrx_word' id='word_1_163' title='bbox 779 2190 823 2238; x_wconf 91' lang='lat' dir='ltr'><strong>est</strong></span> <span class='ocrx_word' id='word_1_164' title='bbox 851 2179 950 2238; x_wconf 90' lang='lat' dir='ltr'><strong>talium</strong></span> <span class='ocrx_word' id='word_1_165' title='bbox 980 2179 1131 2255; x_wconf 88' lang='lat' dir='ltr'><strong>spirituum</strong></span> 
     </span>
     <span class='ocr_line' id='line_1_20' title="bbox 74 2278 1130 2355; baseline -0.002 -19"><span class='ocrx_word' id='word_1_166' title='bbox 74 2279 179 2337; x_wconf 89' lang='lat' dir='ltr'><strong>notitia</strong></span> <span class='ocrx_word' id='word_1_167' title='bbox 197 2278 264 2351; x_wconf 87' lang='lat' dir='ltr'><strong>Dei,</strong></span> <span class='ocrx_word' id='word_1_168' title='bbox 284 2279 393 2339; x_wconf 88' lang='lat' dir='ltr'><strong>scilicet</strong></span> <span class='ocrx_word' id='word_1_169' title='bbox 411 2280 484 2338; x_wconf 85' lang='lat' dir='ltr'><strong>visio</strong></span> <span class='ocrx_word' id='word_1_170' title='bbox 504 2279 534 2336; x_wconf 90' lang='lat' dir='ltr'><strong>in</strong></span> <span class='ocrx_word' id='word_1_171' title='bbox 554 2280 644 2338; x_wconf 89' lang='lat' dir='ltr'><strong>verbo</strong></span> <span class='ocrx_word' id='word_1_172' title='bbox 663 2289 692 2337; x_wconf 91' lang='lat' dir='ltr'><strong>et</strong></span> <span class='ocrx_word' id='word_1_173' title='bbox 706 2280 807 2337; x_wconf 91' lang='lat' dir='ltr'><strong>notitia</strong></span> <span class='ocrx_word' id='word_1_174' title='bbox 825 2280 855 2336; x_wconf 93' lang='lat' dir='ltr'><strong>in</strong></span> <span class='ocrx_word' id='word_1_175' title='bbox 875 2297 982 2355; x_wconf 82' lang='lat' dir='ltr'><strong>genere</strong></span> <span class='ocrx_word' id='word_1_176' title='bbox 1003 2278 1130 2354; x_wconf 89' lang='lat' dir='ltr'><strong>proprio.</strong></span> 
     </span>
     <span class='ocr_line' id='line_1_21' title="bbox 74 2370 1151 2493; baseline -0.001 -58"><span class='ocrx_word' id='word_1_177' title='bbox 74 2376 160 2435; x_wconf 87' lang='lat' dir='ltr'><strong>Visio</strong></span> <span class='ocrx_word' id='word_1_178' title='bbox 179 2385 277 2435; x_wconf 91' lang='lat' dir='ltr'><strong>autem</strong></span> <span class='ocrx_word' id='word_1_179' title='bbox 298 2378 329 2435; x_wconf 92' lang='lat' dir='ltr'><strong>in</strong></span> <span class='ocrx_word' id='word_1_180' title='bbox 342 2378 432 2435; x_wconf 89' lang='lat' dir='ltr'><strong>verbo</strong></span> <span class='ocrx_word' id='word_1_181' title='bbox 447 2386 565 2436; x_wconf 91' lang='lat' dir='ltr'><strong>vocatur</strong></span> <span class='ocrx_word' id='word_1_182' title='bbox 584 2379 621 2436; x_wconf 92' lang='lat' dir='ltr'><strong>ab</strong></span> <span class='ocrx_word' id='word_1_183' title='bbox 640 2377 800 2453; x_wconf 62' lang='lat' dir='ltr'><strong>Augustino</strong></span> <span class='ocrx_word' id='word_1_184' title='bbox 819 2378 920 2436; x_wconf 87' lang='lat' dir='ltr'><strong>notitia</strong></span> <span class='ocrx_word' id='word_1_185' title='bbox 938 2378 1088 2447; x_wconf 86' lang='lat' dir='ltr'><strong>matutina,</strong></span> <span class='ocrx_word' id='word_1_186' title='bbox 1103 2370 1151 2493; x_wconf 48' lang='lat' dir='ltr'><strong>et?</strong></span> 
     </span>
     <span class='ocr_line' id='line_1_22' title="bbox 71 2475 1150 2552; baseline -0.002 -18"><span class='ocrx_word' id='word_1_187' title='bbox 71 2478 105 2534; x_wconf 87' lang='lat' dir='ltr'><strong>in</strong></span> <span class='ocrx_word' id='word_1_188' title='bbox 119 2475 298 2534; x_wconf 87' lang='lat' dir='ltr'><strong>conlinnatis</strong></span> <span class='ocrx_word' id='word_1_189' title='bbox 309 2475 420 2552; x_wconf 89' lang='lat' dir='ltr'><strong>angelis</strong></span> <span class='ocrx_word' id='word_1_190' title='bbox 432 2476 533 2534; x_wconf 90' lang='lat' dir='ltr'><strong>notitia</strong></span> <span class='ocrx_word' id='word_1_191' title='bbox 543 2476 717 2548; x_wconf 82' lang='lat' dir='ltr'><strong>meridiana3</strong></span> <span class='ocrx_word' id='word_1_192' title='bbox 741 2476 797 2534; x_wconf 89' lang='lat' dir='ltr'><strong>alia</strong></span> <span class='ocrx_word' id='word_1_193' title='bbox 811 2484 908 2534; x_wconf 89' lang='lat' dir='ltr'><strong>autem</strong></span> <span class='ocrx_word' id='word_1_194' title='bbox 922 2476 1024 2533; x_wconf 92' lang='lat' dir='ltr'><strong>notitia</strong></span> <span class='ocrx_word' id='word_1_195' title='bbox 1035 2493 1129 2532; x_wconf 88' lang='lat' dir='ltr'><strong>rerum</strong></span> <span class='ocrx_word' id='word_1_196' title='bbox 1147 2506 1150 2549; x_wconf 66' lang='grc' dir='ltr'>ς</span> 
     </span>
     <span class='ocr_line' id='line_1_23' title="bbox 74 2572 1149 2693; baseline 0.002 -63"><span class='ocrx_word' id='word_1_197' title='bbox 74 2572 106 2630; x_wconf 91' lang='lat' dir='ltr'><strong>in</strong></span> <span class='ocrx_word' id='word_1_198' title='bbox 120 2591 229 2649; x_wconf 87' lang='lat' dir='ltr'><strong>genere</strong></span> <span class='ocrx_word' id='word_1_199' title='bbox 242 2575 371 2650; x_wconf 91' lang='lat' dir='ltr'><strong>proprio,</strong></span> <span class='ocrx_word' id='word_1_200' title='bbox 386 2592 462 2650; x_wconf 89' lang='lat' dir='ltr'><strong>quae</strong></span> <span class='ocrx_word' id='word_1_201' title='bbox 476 2573 579 2633; x_wconf 88' lang='lat' dir='ltr'><strong>dicitur</strong></span> <span class='ocrx_word' id='word_1_202' title='bbox 594 2575 697 2633; x_wconf 90' lang='lat' dir='ltr'><strong>notitia</strong></span> <span class='ocrx_word' id='word_1_203' title='bbox 710 2575 889 2644; x_wconf 87' lang='lat' dir='ltr'><strong>abstractiva,</strong></span> <span class='ocrx_word' id='word_1_204' title='bbox 904 2584 1024 2632; x_wconf 87' lang='lat' dir='ltr'><strong>vocatur</strong></span> <span class='ocrx_word' id='word_1_205' title='bbox 1042 2574 1129 2632; x_wconf 89' lang='lat' dir='ltr'><strong>etiam</strong></span> <span class='ocrx_word' id='word_1_206' title='bbox 1146 2594 1149 2693; x_wconf 56' lang='grc' dir='ltr'>ι</span> 
     </span>
     <span class='ocr_line' id='line_1_24' title="bbox 64 2671 1148 2767; baseline -0.002 -37"><span class='ocrx_word' id='word_1_207' title='bbox 64 2672 178 2730; x_wconf 77' lang='lat' dir='ltr'><strong>notitia</strong></span> <span class='ocrx_word' id='word_1_208' title='bbox 196 2672 377 2749; x_wconf 81' lang='lat' dir='ltr'><strong>vespertina3</strong></span> <span class='ocrx_word' id='word_1_209' title='bbox 399 2682 428 2730; x_wconf 94' lang='lat' dir='ltr'><strong>et</strong></span> <span class='ocrx_word' id='word_1_210' title='bbox 447 2671 534 2730; x_wconf 86' lang='lat' dir='ltr'><strong>talem</strong></span> <span class='ocrx_word' id='word_1_211' title='bbox 554 2672 770 2749; x_wconf 81' lang='lat' dir='ltr'><strong>imperfectam⁴</strong></span> <span class='ocrx_word' id='word_1_212' title='bbox 783 2682 813 2730; x_wconf 89' lang='lat' dir='ltr'><strong>et</strong></span> <span class='ocrx_word' id='word_1_213' title='bbox 828 2671 981 2731; x_wconf 89' lang='lat' dir='ltr'><strong>oonlusam</strong></span> <span class='ocrx_word' id='word_1_214' title='bbox 995 2672 1128 2730; x_wconf 89' lang='lat' dir='ltr'><strong>notitiam</strong></span> <span class='ocrx_word' id='word_1_215' title='bbox 1146 2718 1148 2767; x_wconf 84' lang='lat' dir='ltr'><strong>l</strong></span> 
     </span>
     <span class='ocr_line' id='line_1_25' title="bbox 70 2768 1148 2855; baseline 0.001 -28"><span class='ocrx_word' id='word_1_216' title='bbox 70 2769 112 2828; x_wconf 87' lang='lat' dir='ltr'><strong>de</strong></span> <span class='ocrx_word' id='word_1_217' title='bbox 127 2768 193 2828; x_wconf 87' lang='lat' dir='ltr'><strong>Deo</strong></span> <span class='ocrx_word' id='word_1_218' title='bbox 209 2770 350 2829; x_wconf 90' lang='lat' dir='ltr'><strong>habemus</strong></span> <span class='ocrx_word' id='word_1_219' title='bbox 364 2769 412 2828; x_wconf 92' lang='lat' dir='ltr'><strong>hic</strong></span> <span class='ocrx_word' id='word_1_220' title='bbox 425 2771 456 2827; x_wconf 92' lang='lat' dir='ltr'><strong>in</strong></span> <span class='ocrx_word' id='word_1_221' title='bbox 471 2771 524 2828; x_wconf 86' lang='lat' dir='ltr'><strong>via</strong></span> <span class='ocrx_word' id='word_1_222' title='bbox 567 2770 655 2829; x_wconf 92' lang='lat' dir='ltr'><strong>Unde</strong></span> <span class='ocrx_word' id='word_1_223' title='bbox 670 2770 700 2828; x_wconf 93' lang='lat' dir='ltr'><strong>in</strong></span> <span class='ocrx_word' id='word_1_224' title='bbox 714 2771 801 2829; x_wconf 91' lang='lat' dir='ltr'><strong>nobis</strong></span> <span class='ocrx_word' id='word_1_225' title='bbox 815 2770 1030 2847; x_wconf 86' lang='lat' dir='ltr'><strong>distinguuntur</strong></span> <span class='ocrx_word' id='word_1_226' title='bbox 1044 2780 1127 2828; x_wconf 89' lang='lat' dir='ltr'><strong>nota-</strong></span> <span class='ocrx_word' id='word_1_227' title='bbox 1145 2778 1148 2855; x_wconf 61' lang='lat' dir='ltr'><strong>l</strong></span> 
     </span>
     <span class='ocr_line' id='line_1_26' title="bbox 73 2867 1127 2945; baseline 0 -18"><span class='ocrx_word' id='word_1_228' title='bbox 73 2867 168 2927; x_wconf 86' lang='lat' dir='ltr'><strong>biliter</strong></span> <span class='ocrx_word' id='word_1_229' title='bbox 181 2878 240 2927; x_wconf 85' lang='lat' dir='ltr'><strong>tres</strong></span> <span class='ocrx_word' id='word_1_230' title='bbox 254 2869 371 2927; x_wconf 87' lang='lat' dir='ltr'><strong>notitiae</strong></span> <span class='ocrx_word' id='word_1_231' title='bbox 386 2868 555 2940; x_wconf 90' lang='lat' dir='ltr'><strong>intellectus,</strong></span> <span class='ocrx_word' id='word_1_232' title='bbox 570 2869 643 2927; x_wconf 88' lang='lat' dir='ltr'><strong>sicut</strong></span> <span class='ocrx_word' id='word_1_233' title='bbox 657 2879 701 2927; x_wconf 90' lang='lat' dir='ltr'><strong>est</strong></span> <span class='ocrx_word' id='word_1_234' title='bbox 716 2869 784 2926; x_wconf 88' lang='lat' dir='ltr'><strong>dare</strong></span> <span class='ocrx_word' id='word_1_235' title='bbox 799 2869 941 2944; x_wconf 86' lang='lat' dir='ltr'><strong>triplicem</strong></span> <span class='ocrx_word' id='word_1_236' title='bbox 955 2886 1127 2945; x_wconf 90' lang='lat' dir='ltr'><strong>corpoream</strong></span> 
     </span>
    </p>

    <p class='ocr_par' dir='ltr' id='par_1_6' title="bbox 71 2966 1146 3832">
     <span class='ocr_line' id='line_1_27' title="bbox 73 2966 1146 3077; baseline 0.001 -52"><span class='ocrx_word' id='word_1_237' title='bbox 73 2967 235 3025; x_wconf 82' lang='lat' dir='ltr'><strong>visionem:</strong></span> <span class='ocrx_word' id='word_1_238' title='bbox 269 2966 365 3043; x_wconf 90' lang='lat' dir='ltr'><strong>aliqua</strong></span> <span class='ocrx_word' id='word_1_239' title='bbox 388 2967 467 3025; x_wconf 89' lang='lat' dir='ltr'><strong>enim</strong></span> <span class='ocrx_word' id='word_1_240' title='bbox 493 2966 625 3025; x_wconf 87' lang='lat' dir='ltr'><strong>videmus</strong></span> <span class='ocrx_word' id='word_1_241' title='bbox 653 2967 738 3025; x_wconf 81' lang='lat' dir='ltr'><strong>recto³</strong></span> <span class='ocrx_word' id='word_1_242' title='bbox 771 2968 875 3025; x_wconf 73' lang='lat' dir='ltr'><strong>tirtuitu</strong></span> <span class='ocrx_word' id='word_1_243' title='bbox 909 2967 983 3026; x_wconf 89' lang='lat' dir='ltr'><strong>sicut</strong></span> <span class='ocrx_word' id='word_1_244' title='bbox 1011 2968 1146 3077; x_wconf 35' lang='lat' dir='ltr'><strong>spiritus!</strong></span> 
     </span>
     <span class='ocr_line' id='line_1_28' title="bbox 72 3063 1145 3153; baseline 0.001 -31"><span class='ocrx_word' id='word_1_245' title='bbox 72 3065 200 3123; x_wconf 88' lang='lat' dir='ltr'><strong>intuetur</strong></span> <span class='ocrx_word' id='word_1_246' title='bbox 220 3075 280 3124; x_wconf 91' lang='lat' dir='ltr'><strong>tam</strong></span> <span class='ocrx_word' id='word_1_247' title='bbox 300 3064 399 3123; x_wconf 90' lang='lat' dir='ltr'><strong>Deum</strong></span> <span class='ocrx_word' id='word_1_248' title='bbox 420 3082 508 3140; x_wconf 90' lang='lat' dir='ltr'><strong>quam</strong></span> <span class='ocrx_word' id='word_1_249' title='bbox 530 3066 613 3124; x_wconf 82' lang='lat' dir='ltr'><strong>suas⁸</strong></span> <span class='ocrx_word' id='word_1_250' title='bbox 634 3075 778 3124; x_wconf 90' lang='lat' dir='ltr'><strong>creaturas</strong></span> <span class='ocrx_word' id='word_1_251' title='bbox 799 3066 830 3122; x_wconf 91' lang='lat' dir='ltr'><strong>in</strong></span> <span class='ocrx_word' id='word_1_252' title='bbox 851 3066 947 3124; x_wconf 91' lang='lat' dir='ltr'><strong>verbo.</strong></span> <span class='ocrx_word' id='word_1_253' title='bbox 992 3063 1145 3153; x_wconf 64' lang='lat' dir='ltr'><strong>Secunda!</strong></span> 
     </span>
     <span class='ocr_line' id='line_1_29' title="bbox 72 3160 1145 3243; baseline 0.001 -22"><span class='ocrx_word' id='word_1_254' title='bbox 72 3175 172 3221; x_wconf 89' lang='lat' dir='ltr'><strong>autem</strong></span> <span class='ocrx_word' id='word_1_255' title='bbox 189 3162 262 3222; x_wconf 89' lang='lat' dir='ltr'><strong>visio</strong></span> <span class='ocrx_word' id='word_1_256' title='bbox 281 3163 455 3240; x_wconf 78' lang='lat' dir='ltr'><strong>corporalis⁷</strong></span> <span class='ocrx_word' id='word_1_257' title='bbox 472 3174 516 3223; x_wconf 89' lang='lat' dir='ltr'><strong>est</strong></span> <span class='ocrx_word' id='word_1_258' title='bbox 533 3181 585 3240; x_wconf 91' lang='lat' dir='ltr'><strong>per</strong></span> <span class='ocrx_word' id='word_1_259' title='bbox 600 3165 802 3243; x_wconf 66' lang='lat' dir='ltr'><strong>refractum,</strong></span> <span class='ocrx_word' id='word_1_260' title='bbox 818 3163 937 3239; x_wconf 88' lang='lat' dir='ltr'><strong>quando</strong></span> <span class='ocrx_word' id='word_1_261' title='bbox 958 3181 1011 3239; x_wconf 90' lang='lat' dir='ltr'><strong>per</strong></span> <span class='ocrx_word' id='word_1_262' title='bbox 1030 3163 1127 3222; x_wconf 90' lang='lat' dir='ltr'><strong>media</strong></span> <span class='ocrx_word' id='word_1_263' title='bbox 1142 3160 1145 3206; x_wconf 66' lang='lat' dir='ltr'><strong>l</strong></span> 
     </span>
     <span class='ocr_line' id='line_1_30' title="bbox 71 3216 1145 3341; baseline 0.001 -21"><span class='ocrx_word' id='word_1_264' title='bbox 71 3262 252 3322; x_wconf 86' lang='lat' dir='ltr'><strong>diversarum</strong></span> <span class='ocrx_word' id='word_1_265' title='bbox 271 3262 533 3340; x_wconf 82' lang='lat' dir='ltr'><strong>diaphaneitatum⁸</strong></span> <span class='ocrx_word' id='word_1_266' title='bbox 552 3263 679 3325; x_wconf 76' lang='lat' dir='ltr'><strong>videtm⁰</strong></span> <span class='ocrx_word' id='word_1_267' title='bbox 697 3263 807 3322; x_wconf 90' lang='lat' dir='ltr'><strong>visibile</strong></span> <span class='ocrx_word' id='word_1_268' title='bbox 826 3264 937 3321; x_wconf 90' lang='lat' dir='ltr'><strong>ratione</strong></span> <span class='ocrx_word' id='word_1_269' title='bbox 957 3263 1126 3321; x_wconf 90' lang='lat' dir='ltr'><strong>diversitatis</strong></span> <span class='ocrx_word' id='word_1_270' title='bbox 1142 3216 1145 3341; x_wconf 62' lang='lat' dir='ltr'><strong>l</strong></span> 
     </span>
     <span class='ocr_line' id='line_1_31' title="bbox 71 3344 1146 3477; baseline 0 -58"><span class='ocrx_word' id='word_1_271' title='bbox 71 3361 321 3438; x_wconf 83' lang='lat' dir='ltr'><strong>diaphaneitatum</strong></span> <span class='ocrx_word' id='word_1_272' title='bbox 341 3379 446 3438; x_wconf 87' lang='lat' dir='ltr'><strong>parum</strong></span> <span class='ocrx_word' id='word_1_273' title='bbox 465 3381 483 3420; x_wconf 89' lang='lat' dir='ltr'><strong>a</strong></span> <span class='ocrx_word' id='word_1_274' title='bbox 501 3362 672 3420; x_wconf 87' lang='lat' dir='ltr'><strong>rectitudine</strong></span> <span class='ocrx_word' id='word_1_275' title='bbox 691 3360 882 3430; x_wconf 89' lang='lat' dir='ltr'><strong>declinando;</strong></span> <span class='ocrx_word' id='word_1_276' title='bbox 911 3371 940 3419; x_wconf 91' lang='lat' dir='ltr'><strong>et</strong></span> <span class='ocrx_word' id='word_1_277' title='bbox 960 3361 1015 3418; x_wconf 92' lang='lat' dir='ltr'><strong>isto</strong></span> <span class='ocrx_word' id='word_1_278' title='bbox 1034 3361 1126 3429; x_wconf 89' lang='lat' dir='ltr'><strong>modo</strong></span> <span class='ocrx_word' id='word_1_279' title='bbox 1143 3344 1146 3477; x_wconf 54' lang='grc' dir='ltr'>ἶ</span> 
     </span>
     <span class='ocr_line' id='line_1_32' title="bbox 72 3459 1146 3536; baseline 0 -18"><span class='ocrx_word' id='word_1_280' title='bbox 72 3460 178 3519; x_wconf 90' lang='lat' dir='ltr'><strong>dicitur</strong></span> <span class='ocrx_word' id='word_1_281' title='bbox 196 3459 328 3536; x_wconf 90' lang='lat' dir='ltr'><strong>spiritum</strong></span> <span class='ocrx_word' id='word_1_282' title='bbox 349 3471 479 3519; x_wconf 88' lang='lat' dir='ltr'><strong>creatum</strong></span> <span class='ocrx_word' id='word_1_283' title='bbox 500 3460 585 3518; x_wconf 89' lang='lat' dir='ltr'><strong>simul</strong></span> <span class='ocrx_word' id='word_1_284' title='bbox 606 3477 784 3535; x_wconf 89' lang='lat' dir='ltr'><strong>cognoscere</strong></span> <span class='ocrx_word' id='word_1_285' title='bbox 805 3468 966 3516; x_wconf 90' lang='lat' dir='ltr'><strong>creaturam</strong></span> <span class='ocrx_word' id='word_1_286' title='bbox 987 3459 1017 3515; x_wconf 92' lang='lat' dir='ltr'><strong>in</strong></span> <span class='ocrx_word' id='word_1_287' title='bbox 1039 3460 1146 3525; x_wconf 65' lang='lat' dir='ltr'><strong>verbo}</strong></span> 
     </span>
     <span class='ocr_line' id='line_1_33' title="bbox 71 3536 1146 3639; baseline -0.001 -23"><span class='ocrx_word' id='word_1_288' title='bbox 71 3559 153 3617; x_wconf 89' lang='lat' dir='ltr'><strong>etin</strong></span> <span class='ocrx_word' id='word_1_289' title='bbox 174 3558 294 3635; x_wconf 91' lang='lat' dir='ltr'><strong>proprio</strong></span> <span class='ocrx_word' id='word_1_290' title='bbox 312 3577 428 3635; x_wconf 90' lang='lat' dir='ltr'><strong>genere.</strong></span> <span class='ocrx_word' id='word_1_291' title='bbox 471 3558 572 3617; x_wconf 89' lang='lat' dir='ltr'><strong>Tertia</strong></span> <span class='ocrx_word' id='word_1_292' title='bbox 593 3568 690 3616; x_wconf 89' lang='lat' dir='ltr'><strong>autem</strong></span> <span class='ocrx_word' id='word_1_293' title='bbox 711 3556 784 3615; x_wconf 85' lang='lat' dir='ltr'><strong>visio</strong></span> <span class='ocrx_word' id='word_1_294' title='bbox 805 3565 848 3615; x_wconf 87' lang='lat' dir='ltr'><strong>est</strong></span> <span class='ocrx_word' id='word_1_295' title='bbox 870 3574 922 3632; x_wconf 93' lang='lat' dir='ltr'><strong>per</strong></span> <span class='ocrx_word' id='word_1_296' title='bbox 942 3536 1146 3639; x_wconf 64' lang='lat' dir='ltr'><strong>rejiext&#39;onenali</strong></span> 
     </span>
     <span class='ocr_line' id='line_1_34' title="bbox 71 3644 1146 3739; baseline -0.003 -23"><span class='ocrx_word' id='word_1_297' title='bbox 71 3658 193 3734; x_wconf 90' lang='lat' dir='ltr'><strong>quando</strong></span> <span class='ocrx_word' id='word_1_298' title='bbox 214 3659 327 3732; x_wconf 91' lang='lat' dir='ltr'><strong>species</strong></span> <span class='ocrx_word' id='word_1_299' title='bbox 346 3657 463 3716; x_wconf 92' lang='lat' dir='ltr'><strong>visibilis</strong></span> <span class='ocrx_word' id='word_1_300' title='bbox 482 3676 500 3716; x_wconf 88' lang='lat' dir='ltr'><strong>a</strong></span> <span class='ocrx_word' id='word_1_301' title='bbox 518 3656 638 3734; x_wconf 89' lang='lat' dir='ltr'><strong>speculo</strong></span> <span class='ocrx_word' id='word_1_302' title='bbox 659 3655 812 3714; x_wconf 88' lang='lat' dir='ltr'><strong>reflectitur</strong></span> <span class='ocrx_word' id='word_1_303' title='bbox 833 3654 870 3713; x_wconf 91' lang='lat' dir='ltr'><strong>ad</strong></span> <span class='ocrx_word' id='word_1_304' title='bbox 891 3654 1009 3712; x_wconf 90' lang='lat' dir='ltr'><strong>oculum</strong></span> <span class='ocrx_word' id='word_1_305' title='bbox 1029 3644 1146 3739; x_wconf 66' lang='lat' dir='ltr'><strong>viden-l</strong></span> 
     </span>
     <span class='ocr_line' id='line_1_35' title="bbox 71 3744 1146 3832; baseline 0.002 -18"><span class='ocrx_word' id='word_1_306' title='bbox 71 3766 150 3827; x_wconf 90' lang='lat' dir='ltr'><strong>tem;</strong></span> <span class='ocrx_word' id='word_1_307' title='bbox 180 3755 219 3813; x_wconf 91' lang='lat' dir='ltr'><strong>ita</strong></span> <span class='ocrx_word' id='word_1_308' title='bbox 237 3755 319 3832; x_wconf 91' lang='lat' dir='ltr'><strong>quod</strong></span> <span class='ocrx_word' id='word_1_309' title='bbox 337 3756 432 3831; x_wconf 91' lang='lat' dir='ltr'><strong>prima</strong></span> <span class='ocrx_word' id='word_1_310' title='bbox 452 3756 523 3814; x_wconf 93' lang='lat' dir='ltr'><strong>visio</strong></span> <span class='ocrx_word' id='word_1_311' title='bbox 545 3755 580 3814; x_wconf 90' lang='lat' dir='ltr'><strong>sit</strong></span> <span class='ocrx_word' id='word_1_312' title='bbox 602 3773 654 3831; x_wconf 89' lang='lat' dir='ltr'><strong>per</strong></span> <span class='ocrx_word' id='word_1_313' title='bbox 668 3755 774 3812; x_wconf 91' lang='lat' dir='ltr'><strong>lineam</strong></span> <span class='ocrx_word' id='word_1_314' title='bbox 795 3764 912 3823; x_wconf 89' lang='lat' dir='ltr'><strong>rectam,</strong></span> <span class='ocrx_word' id='word_1_315' title='bbox 930 3753 1059 3813; x_wconf 86' lang='lat' dir='ltr'><strong>secunda</strong></span> <span class='ocrx_word' id='word_1_316' title='bbox 1074 3744 1146 3831; x_wconf 82' lang='lat' dir='ltr'><strong>perl</strong></span> 
     </span>
    </p>
   </div>
   <div class='ocr_carea' id='block_1_4' title="bbox 1142 3824 1145 3945">
    <p class='ocr_par' dir='ltr' id='par_1_7' title="bbox 1142 3824 1145 3945">
     <span class='ocr_line' id='line_1_36' title="bbox 1142 3824 1145 3945; baseline 0 -14"><span class='ocrx_word' id='word_1_317' title='bbox 1142 3824 1145 3945; x_wconf 78' lang='lat' dir='ltr'><strong>l</strong></span> 
     </span>
    </p>
   </div>
   <div class='ocr_carea' id='block_1_5' title="bbox 105 3952 1145 4100">
    <p class='ocr_par' dir='ltr' id='par_1_8' title="bbox 105 3952 1145 4100">
     <span class='ocr_line' id='line_1_37' title="bbox 105 3952 1145 4100; baseline 0.001 -82"><span class='ocrx_word' id='word_1_318' title='bbox 105 3969 115 3998; x_wconf 83' lang='lat'><em>¹</em></span> <span class='ocrx_word' id='word_1_319' title='bbox 132 3969 279 4034; x_wconf 80' lang='lat' dir='ltr'><strong>certissima]</strong></span> <span class='ocrx_word' id='word_1_320' title='bbox 291 3969 427 4033; x_wconf 77' lang='lat' dir='ltr'><strong>potissima.</strong></span> <span class='ocrx_word' id='word_1_321' title='bbox 441 3970 532 4019; x_wconf 72' lang='lat' dir='ltr'><strong>nnc.</strong></span> <span class='ocrx_word' id='word_1_322' title='bbox 545 3969 665 4019; x_wconf 58' lang='lat' dir='ltr'><strong>annuae</strong></span> <span class='ocrx_word' id='word_1_323' title='bbox 676 3984 770 4018; x_wconf 76' lang='lat' dir='ltr'><strong>manus.</strong></span> <span class='ocrx_word' id='word_1_324' title='bbox 951 3968 1125 4100; x_wconf 62' lang='lat' dir='ltr'><strong>&#39;geminaretp</strong></span> <span class='ocrx_word' id='word_1_325' title='bbox 1142 3952 1145 4027; x_wconf 91' lang='grc' dir='ltr'>Ι</span> 
     </span>
    </p>
   </div>
   <div class='ocr_carea' id='block_1_6' title="bbox 68 4030 1145 4324">
    <p class='ocr_par' dir='ltr' id='par_1_9' title="bbox 68 4030 1145 4324">
     <span class='ocr_line' id='line_1_38' title="bbox 143 4033 951 4063; baseline -0.001 -18"><span class='ocrx_word' id='word_1_326' title='bbox 143 4034 148 4045; x_wconf 92' lang='grc'><strong>.</strong></span> <span class='ocrx_word' id='word_1_327' title='bbox 474 4035 485 4063; x_wconf 77' lang='lat'>,</span> <span class='ocrx_word' id='word_1_328' title='bbox 920 4033 951 4061; x_wconf 60' lang='lat'><strong>4.</strong></span> 
     </span>
     <span class='ocr_line' id='line_1_39' title="bbox 68 4030 1145 4179; baseline 0 -28"><span class='ocrx_word' id='word_1_329' title='bbox 68 4034 373 4164; x_wconf 57' lang='lat' dir='ltr'><strong>amota:</strong></span> <span class='ocrx_word' id='word_1_330' title='bbox 479 4034 791 4164; x_wconf 54' lang='lat' dir='ltr'><strong>instruatu.</strong></span> <span class='ocrx_word' id='word_1_331' title='bbox 945 4030 1145 4179; x_wconf 53' lang='lat' dir='ltr'><strong>ammeta?</strong></span> 
     </span>
     <span class='ocr_line' id='line_1_40' title="bbox 72 4163 1144 4236; baseline 0 -20"><span class='ocrx_word' id='word_1_332' title='bbox 72 4167 105 4215; x_wconf 85' lang='lat' dir='ltr'><strong>A.</strong></span> <span class='ocrx_word' id='word_1_333' title='bbox 130 4166 167 4216; x_wconf 87' lang='lat' dir='ltr'><strong>.C.</strong></span> <span class='ocrx_word' id='word_1_334' title='bbox 179 4166 218 4215; x_wconf 86' lang='lat' dir='ltr'><strong>ed.</strong></span> <span class='ocrx_word' id='word_1_335' title='bbox 230 4180 266 4230; x_wconf 88' lang='lat' dir='ltr'><strong>pr.</strong></span> <span class='ocrx_word' id='word_1_336' title='bbox 342 4165 513 4230; x_wconf 75' lang='lat' dir='ltr'><strong>‘corporalis]</strong></span> <span class='ocrx_word' id='word_1_337' title='bbox 526 4166 699 4230; x_wconf 86' lang='lat' dir='ltr'><strong>corruptibilis,</strong></span> <span class='ocrx_word' id='word_1_338' title='bbox 712 4165 750 4215; x_wconf 88' lang='lat' dir='ltr'><strong>ed.</strong></span> <span class='ocrx_word' id='word_1_339' title='bbox 763 4181 799 4229; x_wconf 89' lang='lat' dir='ltr'><strong>pr.</strong></span> <span class='ocrx_word' id='word_1_340' title='bbox 882 4163 1144 4236; x_wconf 66' lang='lat' dir='ltr'><strong>8diophaneitaturn]¹</strong></span> 
     </span>
     <span class='ocr_line' id='line_1_41' title="bbox 72 4229 1143 4324; baseline -0.002 -44"><span class='ocrx_word' id='word_1_341' title='bbox 72 4231 150 4287; x_wconf 78' lang='lat' dir='ltr'><strong>a.13.;</strong></span> <span class='ocrx_word' id='word_1_342' title='bbox 166 4230 368 4294; x_wconf 84' lang='lat' dir='ltr'><strong>dyalaneitatum.</strong></span> <span class='ocrx_word' id='word_1_343' title='bbox 381 4232 425 4287; x_wconf 83' lang='lat' dir='ltr'><em>C..;</em></span> <span class='ocrx_word' id='word_1_344' title='bbox 443 4231 641 4280; x_wconf 81' lang='lat' dir='ltr'><strong>dialfaneitatum.</strong></span> <span class='ocrx_word' id='word_1_345' title='bbox 742 4229 875 4294; x_wconf 64' lang='lat' dir='ltr'><strong>’ridetud</strong></span> <span class='ocrx_word' id='word_1_346' title='bbox 888 4229 987 4279; x_wconf 76' lang='lat' dir='ltr'><strong>onned.</strong></span> <span class='ocrx_word' id='word_1_347' title='bbox 1000 4246 1037 4295; x_wconf 88' lang='lat' dir='ltr'><strong>pr.</strong></span> <span class='ocrx_word' id='word_1_348' title='bbox 1094 4283 1096 4287; x_wconf 15' lang='lat' dir='ltr'>y</span> <span class='ocrx_word' id='word_1_349' title='bbox 1140 4267 1143 4324; x_wconf 43' lang='grc' dir='ltr'>ἑ</span> 
     </span>
    </p>
   </div>
   <div class='ocr_carea' id='block_1_7' title="bbox 0 0 1436 4836">
    <p class='ocr_par' dir='ltr' id='par_1_10' title="bbox 0 0 1436 4836">
     <span class='ocr_line' id='line_1_42' title="bbox 0 0 1436 4836; baseline 0 1"><span class='ocrx_word' id='word_1_350' title='bbox 0 0 1436 4836; x_wconf 95' lang='lat' dir='ltr'><strong> </strong></span> 
     </span>
    </p>
   </div>
  </div>
 </body>
</html>
