2864 4836
212 2130 215 2241 l

213 2296 216 2451 l

499 431 1006 512 JOANNIS·WICLIF
1202 453 1286 488 narr.

226 596 360 657 dividitur
392 605 421 655 et
449 595 571 654 finaliter
599 594 754 666 desolatur,
782 605 811 653 et
839 592 992 670 quomodo
1021 593 1091 669 ejus
1124 591 1281 669 praepositi

226 693 436 765 benedicunt¹3
469 694 507 752 ad
526 703 639 753 tantum
660 693 755 752 enim’
776 694 806 751 in
827 710 859 752 se
881 691 1048 751 dividuntur
1070 691 1178 767 quoad
1199 692 1278 750 bun

226 793 376 850 materiam
391 803 487 851 sectae
500 791 629 861 fratrum,
641 791 722 869 quod
736 791 882 868 quaelibet
895 791 1091 850 contrariatur
1104 789 1244 866 reliquae,
1254 796 1279 845 et

226 891 304 949 nulla
323 890 425 948 fundat
444 889 600 948 efficaciter
618 889 727 948 dictum
746 908 849 961 suum;
875 899 904 947 et
918 889 987 964 quia
1000 888 1126 965 praelati
1139 888 1190 946 sui
1202 902 1279 964 prae·

226 1002 344 1048 sumunt
358 998 478 1064 propter
491 989 646 1064 pecuniam
661 989 833 1047 benedicere
848 987 1008 1046 aDomino
1019 986 1199 1055 maledictis,
1210 985 1278 1043 sicut

226 1087 404 1145 maledicunt
424 1087 552 1144 crebrius
573 1103 591 1143 a
607 1085 738 1144 Domino
760 1085 929 1154 benedictis,
944 1084 1012 1143 ideo
1033 1084 1182 1143 innuebat
1199 1082 1279 1141 nobis

227 1184 382 1244 Dominus.
392 1184 544 1259 quomodo
556 1201 657 1241 eorum
666 1184 831 1243 benedictio
843 1183 1005 1242 secundum
1015 1182 1174 1258 proprium
1182 1197 1278 1241 eorum

227 1284 375 1341 arbitrium
404 1300 491 1357 saepe
520 1281 685 1340 maledictio
714 1282 835 1341 Domini
863 1292 906 1340 est
936 1280 1070 1351 dicenda,
1100 1282 1188 1358 Juxta
1215 1278 1279 1338 illud

228 1378 389 1438 Malachiae
400 1381 431 1437 i.:
448 1381 637 1439 ‘maledicam
645 1380 898 1439 benedictionibus
907 1378 1041 1437 vestris³.’
1069 1377 1187 1438 Dicunt
1194 1379 1279 1446 enirn,

229 1479 310 1552 quod
328 1477 359 1535 in
374 1478 594 1536 consecratione
609 1495 679 1536 suae
694 1476 806 1536 hostiae
820 1477 997 1535 benedicunt
1010 1493 1123 1552 panem
1139 1486 1169 1534 et
1183 1477 1278 1534 unum

229 1577 258 1633 in
278 1574 408 1644 nihilum,
423 1592 491 1633 cum
511 1575 589 1632 nulla
602 1592 669 1650 pars
684 1576 747 1650 ejus
761 1584 891 1633 remanet
908 1574 939 1631 in
952 1572 1060 1631 Christi
1080 1590 1210 1649 corpore
1228 1589 1279 1631 nec

229 1673 258 1730 in
274 1689 327 1730 suo
342 1682 533 1742 sacramento,
547 1683 579 1730 ut
593 1674 734 1749 inquiunt,
750 1673 801 1731 sed
816 1672 967 1748 loquendo
981 1671 1099 1747 proprie
1113 1672 1153 1730 de
1168 1671 1279 1729 annihi-

229 1770 335 1828 latione
350 1770 524 1827 annihilatur
538 1781 567 1829 et
583 1771 614 1827 in
629 1770 699 1828 nihil
719 1771 903 1828 convertitur.
945 1768 1079 1828 Christus
1096 1781 1200 1828 autem
1219 1771 1280 1828 licet

230 1878 350 1926 vocatus
369 1867 455 1926 fuerit
473 1866 565 1926 homo
587 1879 718 1928 austerus
740 1887 758 1926 a
778 1885 862 1926 servo
884 1863 995 1942 pigro⁴,
1009 1883 1167 1943 nunquam
1183 1879 1279 1927 tameo

230 1977 289 2024 tam
305 1984 403 2023 severe
417 1966 500 2024 alicui
516 1967 556 2024 rei
570 1966 702 2041 signabili
717 1965 880 2036 maledixit;
902 1964 1021 2040 quando
1036 1966 1118 2022 enim
1133 1965 1281 2024 maledixit

230 2064 297 2122 ficui
317 2063 409 2121 Marci
423 2065 470 2133 xi»,
485 2064 623 2122 remansit
644 2063 716 2122 ficus
738 2063 906 2133 substantia,
928 2080 995 2120 cum
1016 2061 1153 2122 Christus
1172 2064 1281 2122 nesciat

230 2170 350 2236 propter
360 2172 513 2236 peccatum
527 2162 572 2220 vel
586 2162 708 2237 figuram
723 2162 836 2236 peccati
851 2178 934 2218 suam
949 2159 1123 2218 omnimode
1134 2160 1281 2220 destruere

231 2269 392 2316 creaturam
401 2277 408 2330 ;
437 2269 547 2316 etcum
563 2258 641 2317 nulla
656 2270 786 2318 creatura
804 2268 902 2334 potest
922 2256 1083 2332 quidquam
1104 2256 1213 2328 lacere,
1227 2257 1281 2316 nisi

231 2356 397 2432 praeveniat
419 2356 506 2413 factio
528 2358 673 2426 creatoris,
695 2366 775 2432 patet
795 2367 827 2414 ut
848 2365 999 2424 consonat,
1021 2354 1103 2430 quod
1124 2355 1193 2414 licet
1212 2355 1282 2433 ipsi·

232 2453 407 2512 benedicant
428 2471 545 2529 panem,
560 2466 591 2513 ut
613 2453 684 2513 false
704 2455 813 2524 dicunt,
828 2454 859 2511 in
878 2452 1008 2521 nihilum,
1024 2461 1124 2510 tamen
1141 2452 1281 2523 Christus,

232 2571 299 2610 cum
312 2553 347 2610 sit
362 2570 414 2609 sua
428 2552 545 2621 fabrica,
561 2553 656 2626 ipsum
672 2562 774 2610 servat.
818 2550 882 2608 Nec
897 2561 1012 2625 oportet
1026 2551 1181 2610 mussitare
1196 2571 1282 2628 super

232 2650 331 2707 dictis⁶
341 2648 483 2725 johannis
498 2650 529 2705 de
542 2648 609 2717 Deo,
629 2650 708 2724 quod
729 2649 812 2724 panis
832 2666 986 2706 remanens
1006 2660 1057 2718 est,
1080 2649 1133 2706 sed
1156 2652 1283 2708 nescitur

232 2749 280 2804 ubi
296 2758 356 2817 est;
379 2748 446 2822 quia
458 2747 556 2804 fideles
569 2749 637 2806 satis
649 2749 751 2816 sciunt,
763 2747 843 2822 quod
855 2748 939 2821 panis
953 2748 1054 2805 virtute
1069 2747 1282 2807 benedictionis

232 2844 338 2902 Christi
347 2845 376 2901 in
389 2844 499 2914 melius,
510 2846 578 2919 quia
589 2845 619 2902 in
631 2863 736 2919 corpus
746 2844 875 2914 Domini,
885 2855 928 2902 est
939 2861 1104 2915 conversus,
1114 2857 1142 2903 et
1152 2859 1282 2905 remanet

231 2943 325 3017 paniS,
340 2943 408 3016 quia
423 2955 521 3000 manet
541 2943 786 3000 sacramentaliter
805 2943 901 3017 ipsum
922 2960 1037 3017 corpus.
1080 2942 1157 3002 Etsi
1174 2946 1282 3015 dicunt,

232 3041 313 3116 quod
328 3041 614 3098 transsubstantiatur
626 3041 727 3097 virtute
742 3041 896 3097 verborum
911 3040 1174 3110 sacramentalium,
1190 3042 1283 3118 placet

232 3139 310 3207 mihi,
323 3157 390 3196 cum
406 3139 563 3196 substantia
578 3138 626 3196 illa
641 3157 700 3195 non
716 3138 824 3207 transit,
836 3139 860 3196 si
874 3155 935 3195 non
950 3139 979 3194 in
991 3155 1045 3195 suo
1059 3140 1182 3197 transitu
1196 3140 1284 3200 habet

232 3255 304 3295 esse.
335 3235 502 3294 Laudemus
518 3255 588 3311 ergo
603 3236 705 3313 Jesum
717 3234 872 3304 Christum,
888 3235 969 3310 quod
981 3246 1080 3293 auctor
1092 3236 1190 3295 istius⁷
1201 3257 1283 3297 men-

233 3335 306 3392 dacii
322 3345 442 3392 nonest
457 3334 502 3392 ille
517 3336 566 3409 qui
584 3335 673 3392 ‘dixit
691 3345 720 3391 et
734 3333 810 3391 facta
825 3330 924 3403 sunt⁸,’
940 3333 990 3391 sed
1012 3333 1110 3408 potius
1131 3335 1179 3392 ille
1201 3355 1283 3396 men-

237 3433 303 3502 dax,
319 3433 368 3506 qui
383 3432 454 3489 dixit
467 3443 495 3490 et
510 3450 570 3489 non
586 3432 663 3490 sacta
678 3443 752 3500 sunt,
767 3431 915 3489 mandavit
929 3441 958 3488 et
972 3428 1118 3506 dispersa⁹
1132 3445 1209 3492 sunt

276 3529 367 3600 Quod
389 3532 412 3588 si
427 3530 558 3604 replicas,
574 3549 609 3588 ex
626 3530 682 3587 hoc
702 3531 793 3604 sequi,
808 3529 887 3604 quod
909 3547 986 3604 papa
1007 3540 1034 3586 et
1056 3531 1220 3590 cardinales
1241 3536 1285 3591 sui

233 3626 399 3700 frequenter
410 3628 440 3684 in
452 3628 508 3685 fide
520 3628 656 3685 deficiunt
668 3647 702 3685 ac
717 3645 747 3685 se
759 3639 788 3685 et
799 3628 935 3685 ecclesias
947 3645 1014 3684 suas
1026 3645 1113 3703 saepe
1126 3629 1284 3706 decipiunt,

234 3741 301 3782 vera
315 3733 360 3782 est
374 3725 533 3794 conclusi0,
548 3725 599 3782 sed
616 3725 743 3783 dolenda
749 3725 777 3782 ¹⁰.
814 3725 1024 3783 Verumtamen
1037 3736 1134 3784 utrum
1150 3727 1284 3789 decesse-

268 3934 274 3961 ¹
293 3931 452 3995 uenalium]
465 3932 528 3980 bene
539 3931 630 3987 dicunt.
643 3933 672 3981 C.
828 3932 837 3959 ²
854 3931 931 3996 enirn]
944 3932 1049 4026 quidem,
1062 3934 1134 3989 AC„
1147 3932 1175 3981 B.
1190 3935 1286 3998 primae

234 3997 378 4053 manused.
409 4013 428 4044 r.
533 3997 815 4047 'Rectiushlalachii
831 4012 851 4045 2.
976 3998 1006 4046 ci.
1020 3998 1178 4047 Matthxxr.
1192 4015 1225 4063 ²4
1237 4016 1284 4064 ssq.

234 4062 318 4126 ⁵ipsi]
332 4063 373 4117 ibi,
414 4100 419 4110 .
498 4073 500 4076 ’
533 4062 643 4126 ‘dictis]
656 4063 756 4117 dictum,
769 4064 807 4111 ed.
820 4079 856 4127 pr.
984 4063 1091 4127 'istius]
1104 4063 1183 4127 hujus
1195 4067 1235 4114 ed.
1248 4081 1284 4130 pr.

237 4127 246 4153 ⁸
260 4129 291 4176 ci.
305 4129 342 4175 Ps.
355 4128 434 4176 xxxiii.
448 4128 543 4191 (xxxii.)
556 4143 578 4184 o.
703 4130 712 4155 ⁹
728 4129 848 4193 dispersa]
862 4128 1011 4183 discrasiatn,
1025 4127 1057 4176 D.
1158 4131 1176 4160 ¹⁰
1193 4146 1284 4180 vera-

234 4191 352 4254 dolenda]
366 4209 421 4241 vera
434 4201 469 4241 est
482 4203 505 4240 et
517 4193 623 4242 dolenda
635 4193 768 4249 conclusio,
781 4194 813 4241 D.
