2864 4836
10 438 12 445 '
57 449 151 489 cam
426 432 765 496 TRIALOGUS.

10 606 15 689 Ξ
58 586 123 650 fleri
138 608 232 651 unum
252 595 451 670 compositum
459 615 467 667 3
490 605 520 655 et
539 596 577 656 ad
592 606 704 654 tantum
718 596 834 655 devenit
847 597 1018 666 Aratorem,
1033 597 1114 672 quod

58 687 165 749 suflicit
179 690 274 750 forma
287 692 318 749 in
331 694 460 764 materia,
476 694 518 753 sic
532 694 613 770 quod
632 695 670 753 ad
690 693 927 753 informationem
941 712 1004 752 non
1018 695 1113 771 requi-

57 786 131 847 titur
151 788 228 848 aliud
249 788 449 866 ligamentum,
471 793 548 867 quia,
563 801 596 850 ut
615 811 681 851 vere
703 793 848 869 apparet¹,
869 792 943 850 illius
964 792 1114 868 ligamenti

58 882 136 945 foret
150 886 234 945 'aliud
253 887 453 964 ligamentum,
467 900 497 948 et
518 892 559 949 sic
581 892 611 948 in
631 891 783 949 infinitum.
826 890 900 948 Ideo
922 890 1045 949 delirant
1064 891 1114 966 qui

56 993 184 1061 ιιοιιιιιιι,
208 985 289 1062 quod
313 989 440 1047 actuatio
468 988 570 1065 hujus²
596 987 708 1048 formae
736 988 953 1064 suspendatur⁸.
1007 990 1114 1047 Anima

57 1082 157 1141 euim⁴
170 1082 465 1161 humanadupliciter
479 1097 575 1163 potest
589 1087 716 1165 intelligi,
731 1087 776 1145 vel
792 1087 983 1164 personaliter
996 1105 1051 1163 pro
1066 1087 1115 1145 illo
1149 1087 1169 1112 '¹
1211 1088 1227 1152 ἔ
1237 1087 1270 1152 ἐξ,

55 1179 162 1257 spirim
172 1182 325 1257 separabili
339 1201 358 1241 a
371 1201 503 1259 corpore,
519 1184 679 1244 secundum
695 1185 837 1243 rationem
852 1203 911 1261 qua
924 1185 1058 1255 animat⁵,
1070 1185 1114 1243 vel

55 1276 228 1354 simpliciter
244 1296 299 1356 pro
319 1280 366 1338 illa
384 1282 570 1353 animatione,
586 1301 661 1358 quae
675 1294 719 1342 est
733 1293 815 1343 actus
829 1284 940 1359 primus
955 1282 1114 1359 corporalis

54 1372 136 1435 illius
155 1375 280 1453 spiritus,
296 1387 325 1436 et
345 1377 393 1436 illa
414 1380 553 1438 animatio
574 1391 618 1439 est
639 1381 772 1457 ejusdem
793 1382 912 1439 rationis
931 1399 999 1440 cum
1014 1379 1114 1439 formis

56 1472 124 1533 aliis
137 1473 341 1546 materialibus,
356 1477 395 1534 ita
409 1476 490 1553 quod
504 1478 577 1536 sicut
592 1478 695 1537 sufficit
713 1496 769 1554 pro
789 1497 886 1547 causa,
902 1495 991 1555 quare
1007 1495 1114 1554 corpus

56 1571 170 1632 bestiae
180 1572 255 1642 vivit,
268 1572 349 1650 quod
362 1573 420 1633 hoc
434 1575 501 1633 ideo
516 1576 583 1651 quia
597 1577 763 1652 complexio
778 1576 852 1635 illius
864 1576 996 1652 corporis
1010 1575 1115 1633 sufficit

55 1678 93 1729 ut
117 1670 159 1730 sic
183 1670 266 1740 vivat,
291 1672 348 1730 sic‘
372 1681 417 1731 est
440 1672 598 1732 dicendum
626 1673 663 1732 de
688 1674 816 1733 homine.
868 1673 989 1749 Spiritus
1015 1682 1113 1731 tamen

56 1766 187 1826 hominis
213 1767 301 1828 habet
329 1769 425 1845 legem
453 1788 506 1846 per
533 1789 565 1829 se
598 1789 685 1846 supra
712 1772 825 1829 animas
852 1771 1018 1829 bestiarum
1075 1769 1114 1827 Et

56 1866 193 1944 quamvis
210 1866 281 1925 tales
302 1867 481 1926 actuationes
503 1878 570 1926 sunt
589 1868 783 1927 accidentales
802 1868 940 1926 materiali
961 1867 1113 1938 essentiae,

57 1964 134 2023 sicut
161 1974 228 2023 sunt
255 1965 379 2039 igneitas
403 1975 432 2023 et
455 1976 568 2025 ceterae
593 1965 712 2034 formae,
736 1977 834 2024 tamen
859 1975 927 2024 sunt
955 1964 1114 2023 essentialis

56 2061 205 2139 quidditas
225 2062 312 2121 totius
337 2064 492 2139 compositi
518 2063 683 2122 differenter
707 2082 724 2121 a
749 2062 850 2122 formis
878 2062 1112 2122 accidentalibus.

56 2155 99 2218 Et
112 2159 170 2219 sic⁷
188 2160 303 2237 spiritus
322 2160 451 2219 hominis
470 2171 514 2219 est
532 2163 562 2219 in
581 2161 711 2220 confinio
724 2163 800 2219 inter
818 2161 940 2238 angelos
961 2172 989 2219 et
1004 2161 1114 2219 formas

56 2255 229 2316 materiales.
272 2256 311 2315 Et
329 2257 397 2316 hinc
418 2257 490 2316 dixit
503 2256 598 2329 Plato,
612 2259 693 2336 quod
713 2270 825 2318 creatus
845 2260 933 2318 estin
948 2257 1113 2318 horizonte⁸

56 2355 250 2426 aeternitatis;
278 2355 450 2414 sicutenim
470 2355 591 2414 horizon
610 2367 654 2416 est
674 2357 797 2417 circulus
818 2357 950 2416 dividens
971 2355 1114 2415 mundum

55 2453 184 2512 induas
202 2452 382 2524 medietates,
404 2471 527 2529 quarum
548 2472 608 2513 una
629 2456 698 2514 satis
719 2455 830 2513 videtur
852 2455 944 2514 oculis
966 2464 995 2513 et
1018 2454 1075 2512 alia
1097 2474 1114 2513 a

55 2567 147 2610 sensu
170 2559 273 2608 nostro
297 2552 494 2622 absconditur,
516 2570 592 2628 quae
617 2564 684 2610 sunt
707 2552 766 2610 duo
790 2551 1016 2628 hemisphaeria⁹
1041 2554 1113 2610 inte-

52 2647 199 2726 grantia1⁰
207 2658 303 2707 totum
313 2649 466 2718 mundum,
478 2651 518 2708 sic
532 2651 701 2709 universitas
716 2659 812 2708 creata
826 2649 988 2708 secundum
999 2650 1085 2708 aliam
1093 2649 1112 2681 ¹¹

53 2748 200 2807 rationem
214 2747 348 2805 dividitur
358 2748 388 2804 in
403 2749 518 2823 spiritus
533 2748 723 2818 insensibiles,
735 2765 810 2824 quos
824 2747 991 2824 philosophi
1005 2760 1113 2807 vocant

50 2844 261 2921 intelligentias
279 2853 308 2903 et
327 2862 382 2903 nos
401 2844 556 2921 angelos¹²,
571 2847 644 2905 etin
659 2864 705 2904 res
724 2847 811 2904 nobis
829 2846 988 2917 sensibiles,
1009 2847 1112 2906 saltem

53 2942 220 3004 secundum
241 2960 360 3001 sensum
381 2943 578 3014 intrinsecum,
594 2943 758 3019 cujusmodi
780 2954 847 3002 sunt
868 2946 968 3003 omnia
988 2962 1113 3020 corpora

54 3049 87 3100 et
113 3039 224 3099 formae
252 3040 424 3099 materiales.
470 3039 592 3117 Spiritus
620 3052 727 3111 autem,
751 3043 801 3117 qui
831 3052 897 3100 sunt
926 3042 1020 3117 prima
1044 3060 1113 3117 pars

53 3137 169 3207 mundi,
184 3147 252 3196 sunt
265 3155 284 3196 a
297 3148 378 3213 parte
396 3137 490 3213 post¹³
509 3140 626 3206 aeterni,
643 3149 672 3197 et
691 3158 737 3197 res
756 3140 828 3196 aliae
848 3138 1031 3214 temporales.
1073 3139 1112 3196 Et

55 3235 300 3295 distinctionem¹⁴
319 3237 393 3294 inter
407 3254 452 3294 res
470 3237 548 3306 istas,
568 3255 691 3312 quarum
709 3237 804 3312 prima
824 3237 986 3294 occultatur
1005 3236 1111 3306 sensui,

53 3342 90 3392 ut
99 3332 346 3408 hemisphaerium
361 3334 416 3392 sub
430 3333 590 3405 horizonte,
602 3344 632 3392 et
645 3334 774 3392 secunda
789 3332 989 3391 manifestatur
1004 3334 1110 3404 sensui,

54 3439 89 3489 ut
100 3428 346 3507 hemisphaerium
358 3448 444 3506 supra
456 3431 647 3501 horizontem,
660 3430 876 3489 distinctionem
890 3431 1010 3505 inquam
1024 3430 1110 3487 istam

55 3539 143 3587 vocat
156 3528 243 3586 Plato
263 3527 462 3588 ‘horizontem
481 3529 685 3597 aetemitatis;’
714 3538 743 3586 et
761 3528 829 3603 quia
848 3528 964 3602 spiritus
984 3528 1110 3587 hominis

51 3626 88 3684 in
114 3636 195 3702 parte
220 3628 355 3685 convenit
381 3644 449 3685 cum
478 3626 579 3684 lormis
603 3625 805 3694 materialibus,
831 3635 860 3684 et
883 3625 914 3682 in
938 3636 1019 3701 parte
1041 3643 1109 3684 cum

89 3828 99 3858 ¹
115 3828 231 3894 apparet]
244 3837 347 3906 apparet
358 3829 402 3885 eis,
413 3829 448 3878 D.
552 3829 563 3858 '
579 3829 662 3907 hujus]
675 3828 822 3894 hujusmodi,
834 3830 872 3881 ed.
884 3847 921 3895 pr.
1030 3829 1040 3858 ⁸
1057 3845 1108 3878 sus·

54 3893 191 3960 perdatur]
204 3895 368 3958 suspenditur,
381 3895 474 3945 ΑΒΕ.
594 3895 604 3924 ⁴
620 3895 697 3959 emm]
710 3911 777 3960 ergo.
791 3896 819 3944 B.
831 3912 932 3960 primae,
945 3896 975 3946 C.
987 3895 1109 3944 secundae

54 3975 153 4015 manus,
164 3959 203 4008 ed.
215 3975 252 4024 pr.
392 3959 523 4024 ³animat]
536 3967 610 4017 amat,
621 3960 660 4009 ed.
672 3976 709 4025 pr.
851 3962 913 4010 “sic
938 3962 1009 4016 sicut,
1021 3960 1059 4009 ed.
1071 3976 1108 4035 pr.

52 4022 131 4101 laic]
143 4024 265 4102 sicut,ed.
277 4041 314 4089 pr.
402 4026 422 4101 Ι·
438 4025 578 4101 horizonte]
591 4026 708 4120 orisppte,
721 4025 782 4074 hc.
807 4091 812 4101 Ι
856 4091 861 4102 Ι
889 4027 899 4054 ⁹
934 4024 1107 4089 emisphaena]

55 4089 454 4219 gmaligemssahssrhlathlffilbgpa
481 4156 498 4185 ¹²
510 4162 534 4205 et
546 4171 592 4204 nos
603 4090 1109 4231 angelhxsllesgcrrlnffihhhesgmdg’aedpahre

56 4219 131 4286 post]
143 4226 228 4284 aperte
238 4226 304 4285 post,
315 4220 354 4270 ed.
366 4236 403 4284 pr.
504 4221 520 4249 ¹¹
536 4219 732 4284 distincuonem]
743 4220 920 4277 distinctiones,
932 4218 1026 4271 ΑΒΕ.

559 4320 611 4372 02
