2864 4836
61 450 166 487 cana..
429 428 770 492 TRIALOGUS.

59 585 135 647 tudo
156 588 231 648 inter
251 605 393 666 magnum
412 602 442 650 et
462 609 584 668 parvum
605 610 694 670 quarn
715 595 790 652 inter
810 595 923 654 bonurn
944 604 973 653 et
994 594 1113 653 malum.

60 685 123 745 Sed
144 685 192 757 da,
213 687 238 746 si
258 688 373 760 audes¹,
395 688 476 765 quod
496 689 544 749 tu¹
563 691 602 749 sis
624 691 664 750 ita
684 709 810 768 magnus
830 701 862 750 ut
882 709 996 769 parvus,
1011 703 1040 751 et
1053 710 1115 751 non

59 781 210 862 effugies⁸,
225 787 295 863 quin
309 786 453 862 peridem
467 789 612 864 quaelibet
626 807 693 865 pars
707 791 897 865 quantitative
910 791 952 849 tui
966 792 1002 850 sit
1021 807 1114 868 aeque

59 899 172 958 magna
185 885 260 942 sicut
272 902 369 960 parva,
384 894 414 944 et
428 904 496 944 cum
510 886 653 945 infinitum
671 905 760 964 parva
778 889 814 947 sit
829 889 925 966 aliqua
938 907 1007 965 pars
1021 907 1114 966 quan·

58 980 171 1040 titativa
191 981 393 1059 misequitur,
414 984 496 1061 quod
517 985 771 1061 proportionaliter
791 988 843 1045 erit
864 1005 990 1064 magna;
1022 998 1052 1046 et
1073 989 1115 1047 sic

57 1095 152 1137 omne
166 1096 308 1156 magnum
321 1091 366 1140 est
378 1082 523 1141 infinitum
541 1101 671 1159 parvum,
686 1092 715 1142 et
734 1101 823 1143 omne
846 1103 968 1160 parvum
987 1095 1030 1145 est
1050 1085 1115 1143 infi-

58 1175 157 1236 nitum
169 1194 320 1253 magnum,
335 1178 417 1256 quod
431 1179 597 1239 certissimis
616 1181 913 1242 demonstrationibus
931 1183 1116 1260 geometricis

56 1284 89 1333 et
103 1276 268 1336 veritatibus
281 1295 334 1355 per
346 1296 379 1338 se
394 1280 471 1339 notis
485 1279 650 1357 vulgaribus
664 1281 844 1343 contradicit.

510 1611 604 1672 CAP.
626 1611 680 1672 VI.

335 1760 381 1819 De
394 1780 479 1821 cause
488 1764 645 1839 grwrietri
652 1771 838 1838 peccatorum.

100 1892 264 1952 Phrenesis.
305 1892 429 1965 Video⁴,
443 1892 524 1971 quod
538 1895 569 1952 in
583 1893 705 1953 materia
719 1893 817 1970 logica
833 1893 957 1952 multum
972 1893 1120 1969 captiosa⁵

56 2009 92 2051 es
108 2008 218 2068 pronus
238 2008 370 2066 arguere,
386 2008 454 2050 cum
475 1992 532 2050 huc
546 2009 640 2068 usque
659 1992 690 2050 in
712 1992 833 2050 materia
854 1991 948 2051 solida
963 1991 1073 2050 latebas
1087 2000 1119 2050 ut

56 2089 173 2164 anguis,
198 2088 251 2147 sed
275 2086 358 2147 Deus
381 2089 506 2148 resistet⁸
531 2088 661 2148 tollendo
687 2089 808 2150 faciliter
832 2090 960 2167 argutias
984 2099 1049 2149 tuas
1070 2106 1119 2148 so·

55 2185 205 2264 phisticas.
248 2183 320 2244 Non
348 2186 428 2244 enim
455 2186 550 2257 video,
579 2188 731 2263 quomodo
762 2205 852 2247 omne
885 2196 1039 2264 peccatum
1073 2187 1119 2246 vel

55 2283 167 2360 aliquid
180 2284 217 2342 sit
232 2283 377 2341 infinitum
391 2302 488 2360 grave,
503 2286 573 2362 quia
586 2295 656 2344 tunc
671 2285 816 2345 infinitum
831 2287 911 2362 gravi
929 2303 1028 2364 poena
1043 2284 1118 2345 foret

57 2401 97 2442 ex
121 2380 178 2441 Dei
204 2381 314 2459 justitia
337 2381 527 2456 puniendum,
553 2383 634 2459 quod
662 2394 706 2443 est
733 2383 922 2460 impossibile,
948 2401 1015 2442 curn
1040 2383 1119 2442 nulla

57 2489 191 2540 creatura
209 2488 306 2554 potest
325 2479 470 2538 infinitum
487 2498 606 2556 gravem
627 2498 755 2556 poenam
775 2478 895 2539 subirel.
938 2479 1061 2539 Videtur
1074 2490 1117 2538 ta·

1198 451 1257 518 147

56 2594 129 2636 men
144 2575 215 2634 mihi
229 2575 311 2652 quod
325 2594 415 2635 omne
429 2588 584 2654 peccatum
599 2587 695 2654 potest
710 2577 767 2636 dici
783 2576 1007 2653 quodammodo
1021 2576 1117 2635 infini-
1152 2609 1213 2674 “pne

56 2685 131 2744 tum,
147 2691 208 2732 non
229 2692 291 2750 quo
309 2673 348 2733 ad
366 2675 475 2734 molem
496 2674 541 2734 vel
560 2676 703 2747 virtutem,
718 2693 786 2735 curn
800 2675 879 2734 nulla
897 2675 961 2734 talis
972 2675 1117 2751 quantitas
1153 2691 1207 2755 „⁶
1255 2699 1263 2708 ·

57 2771 115 2832 sibi
135 2772 220 2843 inest,
234 2789 290 2831 nec
311 2788 371 2848 quo
392 2771 430 2831 ad
447 2773 644 2848 gravedinem,
660 2791 728 2832 cum
747 2774 859 2833 nullum
878 2783 1034 2850 peccatum
1049 2773 1118 2833 sita
1152 2763 1248 2852 {ml}
1271 2773 1282 2796 ¹¹

56 2868 127 2928 Deo
143 2869 335 2944 puniendum.
378 2867 436 2928 Sed
450 2880 605 2945 peccatum
619 2871 722 2930 dicitur
736 2871 879 2930 infinitum
894 2870 1117 2948 quodammodo
1153 2854 1207 2961 ἒξ*
1225 2852 1309 2962 Ιιοιιω

57 2967 219 3044 privative„
228 2966 286 3025 hoc
311 2963 372 3026 est⁸
392 2977 547 3044 peccatum
572 2978 650 3028 caret
675 2967 734 3028 fine
754 2968 901 3040 laudabili,
922 2970 1014 3045 gratia
1034 2970 1117 3046 cujus

15 3056 23 3083 '
58 3065 195 3124 deberet*
215 3063 285 3124 fieri.
328 3063 409 3123 Nihil
429 3066 508 3124 enim
529 3067 560 3124 in
580 3066 693 3125 mundo
716 3066 803 3126 habet
827 3065 916 3125 finem
939 3066 1116 3143 hujusmodi,

58 3163 115 3222 nisi
130 3162 263 3222 debeat¹⁰
276 3162 337 3221 fieri
351 3163 444 3239 gratia
457 3161 515 3223 Dei
529 3164 654 3224 finientis
671 3165 868 3242 quodcunque
883 3182 959 3241 opus
973 3163 1117 3223 laudabile

57 3270 216 3320 creaturae.
260 3258 319 3319 Sed
344 3278 399 3320 nec
420 3259 512 3319 homo
535 3260 622 3320 debet
643 3279 766 3338 peccare
791 3280 847 3322 nec
867 3261 1051 3338 peccandum
1073 3271 1118 3319 est

58 3357 183 3417 finaliter
205 3368 325 3439 propter
344 3357 451 3416 Deum.
495 3357 640 3418 Concedo
663 3369 773 3430 tamen,
794 3358 876 3435 quod
897 3360 1011 3416 bonum
1037 3359 1118 3416 inex·

58 3456 151 3516 istens
170 3465 294 3532 peccato
315 3465 359 3514 est
381 3454 502 3514 finaliter
523 3466 643 3532 propter
664 3455 771 3527 Deum,
795 3454 849 3514 sed
872 3457 1016 3531 ‘primum
1039 3454 1118 3513 esse’

59 3553 173 3631 peccati
188 3552 292 3623 deficit,
307 3552 376 3611 ideo
391 3571 452 3611 non
466 3563 511 3613 est
530 3553 652 3612 finaliter
671 3563 790 3630 propter
803 3552 919 3626 Deum;
941 3563 970 3611 et
988 3561 1068 3630 patet
1088 3551 1118 3609 in

60 3659 142 3729 parte
159 3649 265 3710 solutio
279 3650 317 3709 ad
331 3660 412 3710 tuam
426 3651 552 3726 primam
566 3650 741 3709 instantiam.

101 3746 150 3807 Ad
163 3748 308 3807 reomdam
328 3748 439 3819 dicitur,
453 3748 535 3826 quod
553 3749 683 3826 petendo
702 3747 808 3808 falsum
828 3750 961 3819 assumis,
976 3766 1043 3808 cum
1058 3765 1119 3806 non

96 3878 104 3907 ¹
121 3877 210 3942 audes]
228 3878 327 3935 audeas.
339 3878 433 3929 A.B.C.
631 3879 757 3993 'togam
770 3879 833 3929 A.B.
845 3878 967 3929 secundae
981 3892 1076 3932 manus,
1089 3877 1118 3926 C.
1181 3922 1182 3925 ,

58 3943 69 3973 ⁸
153 3943 200 4007 es]
213 3942 357 4007 fugies.C.;
375 3942 573 4010 fingis,ed.pr.;
592 3944 724 4010 tinges..
839 3943 1043 4019 ‘videoJaudio,
1056 3941 1118 3991 ΑΒ.

195 4023 291 4059 manus.
390 4009 540 4074 ‘captiosa]
553 4012 671 4087 captiose,
682 4010 721 4060 ed.
734 4024 772 4074 pr.
871 4007 1006 4072 ‘roes-utet]
1018 4007 1119 4063 resistit,

60 4072 157 4123 A.B.C.
169 4073 209 4123 ad.
220 4088 258 4138 pr.
397 4073 407 4103 ⁷
424 4074 519 4139 subire]
531 4083 657 4132 sustinere,
670 4075 732 4124 ΑΒ.
745 4073 866 4124 secundae
877 4089 973 4130 manus,
984 4073 1014 4123 C.
1026 4072 1121 4136 primae

60 4153 157 4188 manus.
257 4138 332 4203 ’est]
345 4144 390 4194 est.
402 4140 477 4203 quod,
489 4141 582 4190 A.B.C.
632 4165 635 4168 ⁴
681 4139 821 4204 ‘deberet]
832 4139 915 4196 debet,
927 4140 959 4188 Α.
1038 4139 1057 4168 ¹⁰
1073 4138 1119 4186 nisi

62 4202 167 4267 debeat]
179 4202 226 4252 nisi
237 4203 345 4260 deberet.
356 4205 395 4253 ed.
407 4220 459 4269 pr.;
477 4205 536 4269 quin
547 4205 644 4258 debeat.
658 4205 719 4254 ΑΒ.

569 4305 618 4347 Η
