2864 4836
58 468 151 512 msc
419 443 759 506 TRIALOGUS.

59 605 239 676 haereticos3
273 606 355 664 etin
384 606 526 682 majorem
554 606 765 684 blasphemiam
792 625 855 666 ιιοιι
882 616 1039 685 potuerunt
1066 608 1112 666 isti

58 701 197 763 haeretici
211 704 362 764 corruisse.
400 703 479 763 Olim
493 706 572 764 enim
587 707 717 782 episcopi
731 706 824 765 nostri
838 706 971 765 dicuntur
985 705 1112 783 pseudo·

60 799 165 861 fratres
192 813 332 878 tanquam
360 803 493 862 diabolos
521 803 654 875 odivisse,
686 821 754 863 cum
782 804 812 863 in
840 813 972 880 tempore
1000 803 1112 862 domini

58 897 224 959 armacani
245 900 380 959 dicuntur
407 903 502 977 ipsum
530 902 561 959 in
585 902 747 978 sumptibus
772 911 873 960 contra
900 901 956 960 hos
984 901 1110 978 pseudo·

59 998 181 1057 ordines
205 998 378 1057 defendisse.
422 998 480 1057 Sed
505 999 596 1058 modo
622 999 690 1058 facti
715 1009 782 1058 sunt
807 1001 894 1058 amici
918 998 1056 1059 Herodes
1084 1009 1113 1057 et

60 1094 181 1168 Pilatus,
203 1097 253 1173 qui
277 1098 356 1174 prius
378 1097 466 1156 inter1
489 1114 520 1156 se
542 1097 684 1156 fuerant
676 1099 794 1158 mimici
836 1097 905 1157 Duo
925 1110 1023 1158 tamen
1045 1115 1113 1175 pro-

59 1195 197 1270 gnostico
216 1195 246 1253 in
264 1194 320 1254 hac
340 1206 437 1271 parte3
464 1196 599 1271 primum,
616 1214 684 1254 cum
698 1196 752 1255 ista
767 1196 986 1256 confoederatio
1000 1214 1062 1255 non
1076 1197 1113 1256 sit

58 1290 204 1352 fundata
196 1312 227 1352 m
241 1293 306 1369 lege
320 1293 441 1353 Domini
456 1294 546 1352 nostri
559 1293 632 1370 Jesu
645 1293 761 1365 Christi,
775 1295 857 1370 quod
871 1312 933 1353 non
951 1295 1046 1364 stabit,
1062 1294 1114 1353 sed

59 1391 202 1453 cessabit¹
216 1392 254 1451 ad
268 1392 409 1452 damnum
428 1394 575 1468 utriusque
595 1393 683 1467 partis
703 1393 761 1450 sive
781 1392 904 1462 alterius,
920 1410 988 1451 cum
1001 1410 1063 1451 non
1078 1393 1115 1451 sit

60 1490 144 1550 bona
163 1490 288 1549 societas
302 1488 474 1550 Christiani³
486 1491 524 1549 ad
538 1489 637 1549 Belial.
681 1488 849 1549 Secundum
869 1490 950 1566 quod
969 1507 1026 1567 ego
1046 1507 1115 1565 pro-

60 1588 199 1664 gnostico
220 1596 265 1647 est
280 1587 365 1659 istud,
382 1587 428 1647 vel
449 1588 530 1664 quod
550 1598 666 1664 oportet
680 1598 797 1649 nostros
819 1588 976 1665 episcopos
989 1599 1019 1647 et
1032 1589 1115 1663 regni

61 1703 202 1764 proceres
211 1686 366 1763 opiniones
377 1687 499 1746 istomm
514 1685 749 1762 pseudofratrum
763 1686 896 1746 deserere
910 1688 941 1745 in
955 1686 1011 1747 hac
1025 1697 1115 1764 parte,

61 1783 110 1842 vel
130 1782 211 1860 quod
233 1801 301 1842 cum
321 1783 376 1842 illis
397 1784 455 1842 sint
475 1785 506 1842 in
526 1783 687 1843 haeresim⁴
708 1784 836 1843 involuti.
878 1782 958 1844 Nam
977 1785 1007 1842 in
1021 1786 1117 1862 primo

61 1881 186 1942 articulo
205 1881 380 1942 diffinierunt
393 1881 423 1940 hi
442 1882 553 1953 fratres,
566 1892 599 1940 ut
617 1900 785 1959 repugnans
803 1881 924 1952 haeresi,
939 1881 1020 1959 quod
1039 1881 1118 1941 nulla

62 1980 228 2042 subeuntia
235 1981 319 2056 panis
333 1981 488 2039 materialis
500 1980 544 2038 vel
556 1981 613 2038 vini
628 1990 728 2039 manet
741 1988 810 2056 post
824 1980 1075 2040 consecrationem
1087 1980 1117 2039 in

62 2088 249 2140 sacramento
260 2077 356 2137 altaris
365 2096 373 2150 ;
391 2079 569 2155 oppositum,
580 2079 722 2154 inquiunt,
733 2077 820 2154 hujus
831 2087 876 2138 est
885 2077 1014 2137 haeresis
1024 2078 1117 2139 mani·

63 2174 148 2247 festa,
162 2175 237 2235 sicut
250 2185 294 2234 est
308 2174 435 2234 haeresis
449 2175 530 2251 quod
549 2176 712 2235 accidentia
729 2193 791 2234 non
810 2185 948 2234 maneant
967 2176 1030 2234 sine
1050 2176 1118 2239 sub·

60 2274 144 2352 jecto
168 2282 236 2350 post
263 2274 515 2333 consecrationem
542 2274 573 2332 in
602 2275 709 2333 eodem
737 2285 929 2333 sacramento.
976 2272 1119 2345 Quamvis

64 2381 164 2434 autem
177 2372 276 2448 pepigi
287 2381 369 2430 extra
380 2371 511 2430 scholam
526 2389 587 2430 non
597 2389 718 2430 usurum
729 2372 791 2430 istis
802 2372 931 2431 terminis
942 2372 1120 2435 ‘substantia

63 2471 152 2548 panis
165 2470 321 2528 materialis
335 2481 385 2529 aut
398 2467 475 2541 vini:
490 2481 589 2529 tamen
604 2469 677 2527 fides
691 2470 846 2528 necessitat
865 2469 1028 2528 concedere
1048 2487 1119 2527 con·

63 2567 195 2626 vertibile
210 2567 404 2644 propositioni
419 2568 608 2626 terminorum
623 2568 754 2626 istorum.
796 2565 876 2625 Nam
889 2575 921 2624 ut
935 2566 1003 2625 dicit
1017 2567 1120 2625 beatus

64 2664 263 2739 Hi'erorponuq
275 2665 375 2742 panis⁵
389 2683 477 2741 quem
493 2667 570 2742 cepit
585 2664 717 2724 Christus
732 2665 761 2721 in
775 2665 910 2723 manibus
924 2675 1011 2741 atque
1026 2663 1119 2741 fregit,

65 2773 113 2822 est
134 2780 240 2840 corpus
262 2761 383 2821 Domini
406 2763 564 2822 salvatoris.
608 2761 668 2821 Sed
690 2780 764 2839 rogo
787 2763 852 2839 quis
872 2764 957 2839 panis
979 2763 1032 2822 fuit
1054 2763 1120 2821 illc?

65 2858 220 2936 Numquid
239 2861 400 2919 substantia
413 2862 498 2937 panis
512 2861 668 2921 materialis
682 2861 726 2919 vel
746 2861 801 2919 alia
820 2878 867 2920 res
887 2862 1007 2938 ignota?
1043 2861 1120 2920 Cum

65 2977 140 3034 ergo
153 2957 288 3018 Christus
302 2957 375 3016 dixit
388 2957 467 3017 hunc
482 2976 590 3035 panem
605 2976 669 3018 esse
685 2977 792 3035 corpus
806 2976 901 3030 suum,
916 2970 945 3018 et
959 2959 1060 3019 fratres
1075 2959 1120 3018 isti

65 3066 177 3132 negant
191 3057 270 3115 idem
284 3067 425 3132 tanquam
445 3074 559 3115 summe
580 3056 764 3126 haereticum,
780 3067 860 3132 patet
880 3057 960 3132 quod
979 3067 1121 3132 quantum

65 3155 99 3214 in
112 3154 165 3213 illis
178 3163 230 3224 est,
246 3154 387 3212 damnant
402 3152 550 3214 Christum
564 3164 704 3230 tanquam
723 3172 837 3213 surmne
856 3153 1040 3213 haereticum.
1083 3154 1122 3213 Et

67 3269 137 3311 cum
150 3261 267 3328 oportet
281 3252 319 3310 de
330 3250 398 3328 *lege
411 3251 605 3311 damnationis
616 3251 680 3309 talis
690 3251 809 3310 aiteram
820 3262 932 3327 partem
943 3268 1007 3309 esse
1019 3251 1121 3309 haere-

66 3350 167 3420 ticam,
178 3358 256 3426 patet
270 3367 338 3410 cum
350 3348 481 3408 Christus
492 3366 553 3408 non
565 3359 665 3426 posset
675 3366 740 3408 esse
751 3348 920 3419 haereticus,
933 3349 1030 3424 quod⁸
1043 3361 1122 3409 secta

67 3449 124 3508 ista
137 3447 256 3507 fratrum
271 3449 308 3507 sit
328 3448 449 3507 omnino
464 3446 609 3507 haeretica
627 3449 772 3524 expressis
786 3448 970 3506 sermonibus
990 3448 1034 3507 vel
1051 3467 1122 3508 con·

67 3563 167 3609 sensu.
209 3545 285 3605 Item
305 3546 468 3606 substantia
489 3546 620 3621 corporis
636 3544 743 3604 Christi
763 3554 862 3603 manet
880 3555 947 3622 post
967 3563 1122 3606 consecra·

67 3645 180 3703 tionem
190 3644 221 3702 in
233 3653 416 3704 sacramento
427 3643 531 3713 altaris,
542 3653 574 3701 ut
584 3653 699 3719 oportet
709 3642 810 3702 fratres
821 3644 984 3702 concedere
989 3643 1009 3715 ⁷,
1020 3655 1050 3703 et
1060 3645 1122 3704 ubi·

68 3761 196 3820 cumque
210 3753 255 3804 est
268 3743 429 3803 substantia
443 3742 574 3819 corporis
586 3740 691 3802 Christi
706 3753 749 3802 est
762 3742 1013 3818 generalissimum
1027 3761 1122 3820 genus

69 3841 257 3913 substantiae,
278 3858 349 3918 ergo
371 3841 468 3917 ipsum
488 3848 589 3899 manet
609 3849 676 3917 post
698 3840 948 3898 consecrationem
972 3840 1004 3897 in
1026 3857 1122 3899 sacra·

102 4037 111 4066 ¹
128 4036 224 4101 inter]
217 4044 289 4094 intra.
301 4037 340 4086 ed.
351 4052 388 4102 pr.
488 4037 498 4067 ¹
515 4037 632 4101 cessabit]
642 4037 785 4095 cassabitur,
793 4037 855 4087 ΑΒ
947 4037 957 4066 ³
974 4037 1121 4103 Christiani]

69 4117 121 4162 om.
133 4102 215 4159 A..B;
238 4102 573 4168 cf.aCorinthvi.',.1415
753 4074 1103 4167 ‘haeresim]haeresi,.ped
1104 4120 1122 4153 ι.

68 4166 182 4290 'crpeffl
193 4183 291 4297 pdanpp.
284 4167 332 4224 Β.
344 4169 383 4219 ιιι.
395 4185 433 4234 pr.
559 4169 569 4199 ⁶
585 4167 664 4233 quod]
677 4167 728 4222 sed.
739 4168 778 4217 ed.
790 4185 827 4232 pr.
948 4167 959 4197 ¹
975 4169 1121 4234 concedere]

1194 461 1258 528 35

1147 1098 1261 1147 Sedfoederi

1147 1141 1213 1215 Ῐῦῐῖῐςῑῐέ
1182 1149 1253 1214 3Ρὲ
1254 1148 1301 1180 ⁰9⁰⁵

1147 1181 1203 1296 ddi?

1147 1263 1219 1339 handus
1227 1309 1261 1338 est.
