<?xml version="1.0" encoding="UTF-8"?>
<!DOCTYPE html PUBLIC "-//W3C//DTD XHTML 1.0 Transitional//EN"
    "http://www.w3.org/TR/xhtml1/DTD/xhtml1-transitional.dtd">
<html xmlns="http://www.w3.org/1999/xhtml" xml:lang="en" lang="en">
 <head>
  <title>
</title>
<meta http-equiv="Content-Type" content="text/html;charset=utf-8" />
  <meta name='ocr-system' content='tesseract 3.04.00' />
  <meta name='ocr-capabilities' content='ocr_page ocr_carea ocr_par ocr_line ocrx_word'/>
</head>
<body>
  <div class='ocr_page' id='page_1' title='image "./trialoguscumsup00lechgoog_0108.png"; bbox 0 0 2864 4836; ppageno 0'>
   <div class='ocr_carea' id='block_1_1' title="bbox 78 417 779 480">
    <p class='ocr_par' dir='ltr' id='par_1_1' title="bbox 78 417 779 480">
     <span class='ocr_line' id='line_1_1' title="bbox 78 417 779 480; baseline 0.014 -10"><span class='ocrx_word' id='word_1_1' title='bbox 78 435 160 475; x_wconf 55' lang='lat' dir='ltr'>cara.</span> <span class='ocrx_word' id='word_1_2' title='bbox 441 417 779 480; x_wconf 79' lang='lat' dir='ltr'><em>TRIALOGUS.</em></span> 
     </span>
    </p>
   </div>
   <div class='ocr_carea' id='block_1_2' title="bbox 79 579 1155 963">
    <p class='ocr_par' dir='ltr' id='par_1_2' title="bbox 79 579 1155 963">
     <span class='ocr_line' id='line_1_2' title="bbox 79 579 1155 673; baseline 0.008 -37"><span class='ocrx_word' id='word_1_3' title='bbox 79 579 178 637; x_wconf 90' lang='lat' dir='ltr'>munis</span> <span class='ocrx_word' id='word_1_4' title='bbox 199 589 228 637; x_wconf 89' lang='lat' dir='ltr'>et</span> <span class='ocrx_word' id='word_1_5' title='bbox 248 581 337 638; x_wconf 89' lang='lat' dir='ltr'>virtus</span> <span class='ocrx_word' id='word_1_6' title='bbox 357 581 558 656; x_wconf 80' lang='lat' dir='ltr'>imaginativa3</span> <span class='ocrx_word' id='word_1_7' title='bbox 590 602 686 642; x_wconf 66' lang='lat' dir='ltr'>sersus</span> <span class='ocrx_word' id='word_1_8' title='bbox 705 587 854 642; x_wconf 82' lang='lat' dir='ltr'>commum&#39;s</span> <span class='ocrx_word' id='word_1_9' title='bbox 875 586 981 645; x_wconf 85' lang='lat' dir='ltr'>residet</span> <span class='ocrx_word' id='word_1_10' title='bbox 1002 587 1032 644; x_wconf 90' lang='lat' dir='ltr'>in</span> <span class='ocrx_word' id='word_1_11' title='bbox 1053 597 1135 664; x_wconf 89' lang='lat' dir='ltr'>parte</span> <span class='ocrx_word' id='word_1_12' title='bbox 1152 587 1155 673; x_wconf 62' lang='grc' dir='ltr'><em>ξ</em></span> 
     </span>
     <span class='ocr_line' id='line_1_3' title="bbox 79 676 1155 759; baseline 0.007 -25"><span class='ocrx_word' id='word_1_13' title='bbox 79 677 179 753; x_wconf 85' lang='lat' dir='ltr'>priori,</span> <span class='ocrx_word' id='word_1_14' title='bbox 196 677 234 735; x_wconf 89' lang='lat' dir='ltr'>ad</span> <span class='ocrx_word' id='word_1_15' title='bbox 248 696 337 753; x_wconf 91' lang='lat' dir='ltr'>quem</span> <span class='ocrx_word' id='word_1_16' title='bbox 352 690 528 738; x_wconf 87' lang='lat' dir='ltr'>concurrunt</span> <span class='ocrx_word' id='word_1_17' title='bbox 543 681 670 756; x_wconf 87' lang='lat' dir='ltr'>species¹</span> <span class='ocrx_word' id='word_1_18' title='bbox 693 682 825 741; x_wconf 90' lang='lat' dir='ltr'>omnium</span> <span class='ocrx_word' id='word_1_19' title='bbox 846 683 975 759; x_wconf 92' lang='lat' dir='ltr'>quinque</span> <span class='ocrx_word' id='word_1_20' title='bbox 997 702 1135 742; x_wconf 91' lang='lat' dir='ltr'>sensuum</span> <span class='ocrx_word' id='word_1_21' title='bbox 1153 676 1155 735; x_wconf 79' lang='grc' dir='ltr'>ἑ</span> 
     </span>
     <span class='ocr_line' id='line_1_4' title="bbox 80 771 1155 858; baseline 0.007 -25"><span class='ocrx_word' id='word_1_22' title='bbox 80 775 304 850; x_wconf 83' lang='lat' dir='ltr'>particularium,</span> <span class='ocrx_word' id='word_1_23' title='bbox 324 787 353 835; x_wconf 90' lang='lat' dir='ltr'>et</span> <span class='ocrx_word' id='word_1_24' title='bbox 371 777 462 836; x_wconf 91' lang='lat' dir='ltr'>homo</span> <span class='ocrx_word' id='word_1_25' title='bbox 483 779 645 837; x_wconf 88' lang='lat' dir='ltr'>secundum</span> <span class='ocrx_word' id='word_1_26' title='bbox 665 780 745 837; x_wconf 92' lang='lat' dir='ltr'>illum</span> <span class='ocrx_word' id='word_1_27' title='bbox 765 798 883 839; x_wconf 89' lang='lat' dir='ltr'>sensum</span> <span class='ocrx_word' id='word_1_28' title='bbox 900 782 1011 858; x_wconf 87' lang='lat' dir='ltr'>judicat</span> <span class='ocrx_word' id='word_1_29' title='bbox 1026 783 1062 841; x_wconf 91' lang='lat' dir='ltr'>de</span> <span class='ocrx_word' id='word_1_30' title='bbox 1077 771 1155 843; x_wconf 79' lang='lat' dir='ltr'>sin-l</span> 
     </span>
     <span class='ocr_line' id='line_1_5' title="bbox 79 859 1155 963; baseline 0.005 -31"><span class='ocrx_word' id='word_1_31' title='bbox 79 873 157 950; x_wconf 78' lang='lat' dir='ltr'>gulis</span> <span class='ocrx_word' id='word_1_32' title='bbox 171 892 274 932; x_wconf 91' lang='lat' dir='ltr'>eorum</span> <span class='ocrx_word' id='word_1_33' title='bbox 293 885 322 934; x_wconf 92' lang='lat' dir='ltr'>et</span> <span class='ocrx_word' id='word_1_34' title='bbox 336 876 547 934; x_wconf 88' lang='lat' dir='ltr'>convenientiis</span> <span class='ocrx_word' id='word_1_35' title='bbox 561 886 590 934; x_wconf 93' lang='lat' dir='ltr'>et</span> <span class='ocrx_word' id='word_1_36' title='bbox 605 876 799 948; x_wconf 76' lang='lat' dir='ltr'>differentiis²‚</span> <span class='ocrx_word' id='word_1_37' title='bbox 811 888 910 937; x_wconf 87' lang='lat' dir='ltr'>tamen</span> <span class='ocrx_word' id='word_1_38' title='bbox 925 897 986 938; x_wconf 93' lang='lat' dir='ltr'>non</span> <span class='ocrx_word' id='word_1_39' title='bbox 1001 891 1137 956; x_wconf 84' lang='lat' dir='ltr'>operatur</span> <span class='ocrx_word' id='word_1_40' title='bbox 1153 859 1155 963; x_wconf 65' lang='lat' dir='ltr'>l</span> 
     </span>
    </p>
   </div>
   <div class='ocr_carea' id='block_1_3' title="bbox 80 973 1155 1146">
    <p class='ocr_par' dir='ltr' id='par_1_3' title="bbox 80 972 1155 1146">
     <span class='ocr_line' id='line_1_6' title="bbox 80 973 1155 1061; baseline 0.004 -31"><span class='ocrx_word' id='word_1_41' title='bbox 80 973 137 1031; x_wconf 90' lang='lat' dir='ltr'>nisi</span> <span class='ocrx_word' id='word_1_42' title='bbox 158 973 189 1030; x_wconf 95' lang='lat' dir='ltr'>in</span> <span class='ocrx_word' id='word_1_43' title='bbox 210 974 375 1048; x_wconf 86' lang='lat' dir='ltr'>praesentia</span> <span class='ocrx_word' id='word_1_44' title='bbox 396 974 590 1033; x_wconf 83' lang='lat' dir='ltr'>sensibilium³</span> <span class='ocrx_word' id='word_1_45' title='bbox 611 993 714 1034; x_wconf 91' lang='lat' dir='ltr'>sensus</span> <span class='ocrx_word' id='word_1_46' title='bbox 735 977 925 1052; x_wconf 81' lang='lat' dir='ltr'>particulares</span> <span class='ocrx_word' id='word_1_47' title='bbox 946 978 1136 1036; x_wconf 88' lang='lat' dir='ltr'>moventium.</span> <span class='ocrx_word' id='word_1_48' title='bbox 1153 1036 1155 1061; x_wconf 55' lang='grc' dir='ltr'>Ι</span> 
     </span>
     <span class='ocr_line' id='line_1_7' title="bbox 80 1065 1155 1146; baseline 0.007 -24"><span class='ocrx_word' id='word_1_49' title='bbox 80 1065 180 1125; x_wconf 86' lang='lat' dir='ltr'>Virtus</span> <span class='ocrx_word' id='word_1_50' title='bbox 195 1076 293 1124; x_wconf 90' lang='lat' dir='ltr'>autem</span> <span class='ocrx_word' id='word_1_51' title='bbox 307 1068 495 1143; x_wconf 71' lang='lat' dir='ltr'>tinagzbotrira</span> <span class='ocrx_word' id='word_1_52' title='bbox 505 1068 623 1126; x_wconf 91' lang='lat' dir='ltr'>interior</span> <span class='ocrx_word' id='word_1_53' title='bbox 632 1069 663 1126; x_wconf 91' lang='lat' dir='ltr'>in</span> <span class='ocrx_word' id='word_1_54' title='bbox 681 1065 825 1127; x_wconf 87' lang='lat' dir='ltr'>absentia⁴</span> <span class='ocrx_word' id='word_1_55' title='bbox 840 1071 1019 1128; x_wconf 86' lang='lat' dir='ltr'>sensibilium</span> <span class='ocrx_word' id='word_1_56' title='bbox 1033 1089 1137 1146; x_wconf 88' lang='lat' dir='ltr'>opera·</span> <span class='ocrx_word' id='word_1_57' title='bbox 1152 1066 1155 1141; x_wconf 71' lang='lat' dir='ltr'>i</span> 
     </span>
    </p>
   </div>
   <div class='ocr_carea' id='block_1_4' title="bbox 79 1144 1155 3500">
    <p class='ocr_par' dir='ltr' id='par_1_4' title="bbox 79 1144 1155 3500">
     <span class='ocr_line' id='line_1_8' title="bbox 80 1144 1155 1249; baseline 0.007 -28"><span class='ocrx_word' id='word_1_58' title='bbox 80 1173 136 1235; x_wconf 91' lang='lat' dir='ltr'>tur,</span> <span class='ocrx_word' id='word_1_59' title='bbox 151 1164 212 1222; x_wconf 90' lang='lat' dir='ltr'>imo</span> <span class='ocrx_word' id='word_1_60' title='bbox 226 1164 400 1241; x_wconf 78' lang='lat' dir='ltr'>imaginatur</span> <span class='ocrx_word' id='word_1_61' title='bbox 415 1165 451 1223; x_wconf 95' lang='lat' dir='ltr'>de</span> <span class='ocrx_word' id='word_1_62' title='bbox 465 1165 609 1241; x_wconf 87' lang='lat' dir='ltr'>aliquibus</span> <span class='ocrx_word' id='word_1_63' title='bbox 630 1185 705 1243; x_wconf 87' lang='lat' dir='ltr'>quae</span> <span class='ocrx_word' id='word_1_64' title='bbox 724 1168 778 1226; x_wconf 91' lang='lat' dir='ltr'>sub</span> <span class='ocrx_word' id='word_1_65' title='bbox 793 1185 880 1226; x_wconf 90' lang='lat' dir='ltr'>sensu</span> <span class='ocrx_word' id='word_1_66' title='bbox 895 1169 1057 1244; x_wconf 86' lang='lat' dir='ltr'>particulari</span> <span class='ocrx_word' id='word_1_67' title='bbox 1076 1187 1137 1228; x_wconf 93' lang='lat' dir='ltr'>non</span> <span class='ocrx_word' id='word_1_68' title='bbox 1152 1144 1155 1249; x_wconf 65' lang='lat' dir='ltr'>l</span> 
     </span>
     <span class='ocr_line' id='line_1_9' title="bbox 81 1256 1155 1341; baseline 0.003 -22"><span class='ocrx_word' id='word_1_69' title='bbox 81 1271 208 1338; x_wconf 88' lang='lat' dir='ltr'>possunt</span> <span class='ocrx_word' id='word_1_70' title='bbox 232 1261 353 1334; x_wconf 88' lang='lat' dir='ltr'>eadere;</span> <span class='ocrx_word' id='word_1_71' title='bbox 386 1272 415 1320; x_wconf 91' lang='lat' dir='ltr'>et</span> <span class='ocrx_word' id='word_1_72' title='bbox 436 1263 508 1321; x_wconf 86' lang='lat' dir='ltr'>baec</span> <span class='ocrx_word' id='word_1_73' title='bbox 530 1273 573 1322; x_wconf 91' lang='lat' dir='ltr'>est</span> <span class='ocrx_word' id='word_1_74' title='bbox 594 1265 682 1322; x_wconf 93' lang='lat' dir='ltr'>virtus</span> <span class='ocrx_word' id='word_1_75' title='bbox 703 1282 778 1341; x_wconf 90' lang='lat' dir='ltr'>quae</span> <span class='ocrx_word' id='word_1_76' title='bbox 799 1265 829 1321; x_wconf 95' lang='lat' dir='ltr'>in</span> <span class='ocrx_word' id='word_1_77' title='bbox 850 1264 971 1323; x_wconf 90' lang='lat' dir='ltr'>somniis</span> <span class='ocrx_word' id='word_1_78' title='bbox 992 1256 1155 1340; x_wconf 78' lang='lat' dir='ltr'>operatur?</span> 
     </span>
     <span class='ocr_line' id='line_1_10' title="bbox 81 1320 1155 1438; baseline 0.004 -20"><span class='ocrx_word' id='word_1_79' title='bbox 81 1359 119 1418; x_wconf 91' lang='lat' dir='ltr'>In</span> <span class='ocrx_word' id='word_1_80' title='bbox 140 1359 238 1417; x_wconf 90' lang='lat' dir='ltr'>medio</span> <span class='ocrx_word' id='word_1_81' title='bbox 260 1369 357 1418; x_wconf 89' lang='lat' dir='ltr'>autem</span> <span class='ocrx_word' id='word_1_82' title='bbox 378 1358 550 1419; x_wconf 84' lang='lat' dir='ltr'>ventriculo⁶</span> <span class='ocrx_word' id='word_1_83' title='bbox 571 1363 679 1420; x_wconf 86' lang='lat' dir='ltr'>cerebri</span> <span class='ocrx_word' id='word_1_84' title='bbox 701 1362 849 1438; x_wconf 82' lang='lat' dir='ltr'>fingrmtur</span> <span class='ocrx_word' id='word_1_85' title='bbox 870 1362 928 1421; x_wconf 93' lang='lat' dir='ltr'>duo</span> <span class='ocrx_word' id='word_1_86' title='bbox 949 1360 1013 1421; x_wconf 82' lang='lat' dir='ltr'>alii⁶</span> <span class='ocrx_word' id='word_1_87' title='bbox 1033 1320 1155 1425; x_wconf 62' lang='lat' dir='ltr'>sensus!</span> 
     </span>
     <span class='ocr_line' id='line_1_11' title="bbox 83 1432 1154 1536; baseline -0.002 -20"><span class='ocrx_word' id='word_1_88' title='bbox 83 1458 239 1528; x_wconf 88' lang='lat' dir='ltr'>intrinseci,</span> <span class='ocrx_word' id='word_1_89' title='bbox 251 1458 361 1517; x_wconf 87' lang='lat' dir='ltr'>scilicet</span> <span class='ocrx_word' id='word_1_90' title='bbox 371 1459 459 1517; x_wconf 92' lang='lat' dir='ltr'>virtus</span> <span class='ocrx_word' id='word_1_91' title='bbox 469 1461 645 1517; x_wconf 69' lang='lat' dir='ltr'>aestimabo</span> <span class='ocrx_word' id='word_1_92' title='bbox 656 1471 685 1519; x_wconf 91' lang='lat' dir='ltr'>et</span> <span class='ocrx_word' id='word_1_93' title='bbox 698 1462 786 1519; x_wconf 88' lang='lat' dir='ltr'>virtus</span> <span class='ocrx_word' id='word_1_94' title='bbox 796 1461 983 1536; x_wconf 78' lang='lat' dir='ltr'>phantastica.</span> <span class='ocrx_word' id='word_1_95' title='bbox 1026 1459 1136 1520; x_wconf 90' lang='lat' dir='ltr'>Secun·</span> <span class='ocrx_word' id='word_1_96' title='bbox 1152 1432 1154 1514; x_wconf 77' lang='lat' dir='ltr'>l</span> 
     </span>
     <span class='ocr_line' id='line_1_12' title="bbox 82 1556 1135 1635; baseline 0.002 -21"><span class='ocrx_word' id='word_1_97' title='bbox 82 1556 155 1615; x_wconf 91' lang='lat' dir='ltr'>dum</span> <span class='ocrx_word' id='word_1_98' title='bbox 181 1557 313 1615; x_wconf 90' lang='lat' dir='ltr'>virtutem</span> <span class='ocrx_word' id='word_1_99' title='bbox 341 1568 439 1616; x_wconf 91' lang='lat' dir='ltr'>autem</span> <span class='ocrx_word' id='word_1_100' title='bbox 467 1559 670 1616; x_wconf 80' lang='lat' dir='ltr'>aestimativam</span> <span class='ocrx_word' id='word_1_101' title='bbox 702 1558 812 1635; x_wconf 88' lang='lat' dir='ltr'>judicat</span> <span class='ocrx_word' id='word_1_102' title='bbox 838 1559 947 1617; x_wconf 87' lang='lat' dir='ltr'>animal</span> <span class='ocrx_word' id='word_1_103' title='bbox 975 1559 1135 1618; x_wconf 89' lang='lat' dir='ltr'>secundum</span> 
     </span>
     <span class='ocr_line' id='line_1_13' title="bbox 80 1655 1135 1734; baseline 0.001 -21"><span class='ocrx_word' id='word_1_104' title='bbox 80 1655 267 1725; x_wconf 88' lang='lat' dir='ltr'>intentiones,</span> <span class='ocrx_word' id='word_1_105' title='bbox 288 1672 364 1731; x_wconf 88' lang='lat' dir='ltr'>quae</span> <span class='ocrx_word' id='word_1_106' title='bbox 386 1657 441 1714; x_wconf 91' lang='lat' dir='ltr'>sub</span> <span class='ocrx_word' id='word_1_107' title='bbox 463 1673 550 1714; x_wconf 90' lang='lat' dir='ltr'>sensu</span> <span class='ocrx_word' id='word_1_108' title='bbox 571 1656 736 1733; x_wconf 84' lang='lat' dir='ltr'>particulari</span> <span class='ocrx_word' id='word_1_109' title='bbox 756 1674 818 1715; x_wconf 90' lang='lat' dir='ltr'>non</span> <span class='ocrx_word' id='word_1_110' title='bbox 839 1666 964 1734; x_wconf 91' lang='lat' dir='ltr'>possunt</span> <span class='ocrx_word' id='word_1_111' title='bbox 978 1657 1090 1732; x_wconf 82' lang='lat' dir='ltr'>cadere,</span> <span class='ocrx_word' id='word_1_112' title='bbox 1104 1666 1135 1714; x_wconf 92' lang='lat' dir='ltr'>ut</span> 
     </span>
     <span class='ocr_line' id='line_1_14' title="bbox 81 1749 1133 1830; baseline 0.001 -17"><span class='ocrx_word' id='word_1_113' title='bbox 81 1752 119 1813; x_wconf 93' lang='lat' dir='ltr'>de</span> <span class='ocrx_word' id='word_1_114' title='bbox 138 1749 356 1830; x_wconf 79' lang='lat' dir='ltr'>persecutione⁷</span> <span class='ocrx_word' id='word_1_115' title='bbox 372 1764 401 1812; x_wconf 91' lang='lat' dir='ltr'>et</span> <span class='ocrx_word' id='word_1_116' title='bbox 416 1753 486 1830; x_wconf 80' lang='lat' dir='ltr'>fuga</span> <span class='ocrx_word' id='word_1_117' title='bbox 500 1772 567 1812; x_wconf 91' lang='lat' dir='ltr'>cum</span> <span class='ocrx_word' id='word_1_118' title='bbox 582 1755 644 1813; x_wconf 92' lang='lat' dir='ltr'>aliis</span> <span class='ocrx_word' id='word_1_119' title='bbox 659 1755 868 1813; x_wconf 90' lang='lat' dir='ltr'>convenientiis</span> <span class='ocrx_word' id='word_1_120' title='bbox 889 1765 918 1813; x_wconf 92' lang='lat' dir='ltr'>et</span> <span class='ocrx_word' id='word_1_121' title='bbox 932 1755 1118 1814; x_wconf 89' lang='lat' dir='ltr'>dissonantiis</span> <span class='ocrx_word' id='word_1_122' title='bbox 1126 1774 1133 1827; x_wconf 95' lang='lat'>;</span> 
     </span>
     <span class='ocr_line' id='line_1_15' title="bbox 80 1848 1135 1935; baseline 0 -25"><span class='ocrx_word' id='word_1_123' title='bbox 80 1850 245 1910; x_wconf 89' lang='lat' dir='ltr'>secundum</span> <span class='ocrx_word' id='word_1_124' title='bbox 259 1851 337 1910; x_wconf 88' lang='lat' dir='ltr'>illam</span> <span class='ocrx_word' id='word_1_125' title='bbox 352 1848 488 1928; x_wconf 82' lang='lat' dir='ltr'>quidem⁸</span> <span class='ocrx_word' id='word_1_126' title='bbox 498 1853 559 1911; x_wconf 84' lang='lat' dir='ltr'>avis</span> <span class='ocrx_word' id='word_1_127' title='bbox 574 1851 646 1928; x_wconf 80' lang='lat' dir='ltr'>fugit</span> <span class='ocrx_word' id='word_1_128' title='bbox 660 1853 699 1911; x_wconf 88' lang='lat' dir='ltr'>ad</span> <span class='ocrx_word' id='word_1_129' title='bbox 713 1852 807 1911; x_wconf 89' lang='lat' dir='ltr'>minas</span> <span class='ocrx_word' id='word_1_130' title='bbox 822 1862 850 1910; x_wconf 92' lang='lat' dir='ltr'>et</span> <span class='ocrx_word' id='word_1_131' title='bbox 863 1853 957 1928; x_wconf 87' lang='lat' dir='ltr'>jactus</span> <span class='ocrx_word' id='word_1_132' title='bbox 971 1851 1135 1935; x_wconf 78' lang='lat' dir='ltr'>hominum,</span> 
     </span>
     <span class='ocr_line' id='line_1_16' title="bbox 81 1943 1153 2026; baseline 0.002 -19"><span class='ocrx_word' id='word_1_133' title='bbox 81 1958 112 2007; x_wconf 92' lang='lat' dir='ltr'>et</span> <span class='ocrx_word' id='word_1_134' title='bbox 130 1949 194 2007; x_wconf 89' lang='lat' dir='ltr'>ovis</span> <span class='ocrx_word' id='word_1_135' title='bbox 214 1951 366 2026; x_wconf 80' lang='lat' dir='ltr'>cognoscit</span> <span class='ocrx_word' id='word_1_136' title='bbox 384 1950 485 2026; x_wconf 88' lang='lat' dir='ltr'>lupum</span> <span class='ocrx_word' id='word_1_137' title='bbox 506 1969 570 2010; x_wconf 90' lang='lat' dir='ltr'>esse</span> <span class='ocrx_word' id='word_1_138' title='bbox 590 1951 741 2010; x_wconf 91' lang='lat' dir='ltr'>inimicum</span> <span class='ocrx_word' id='word_1_139' title='bbox 762 1968 863 2022; x_wconf 91' lang='lat' dir='ltr'>suum;</span> <span class='ocrx_word' id='word_1_140' title='bbox 894 1960 922 2009; x_wconf 91' lang='lat' dir='ltr'>et</span> <span class='ocrx_word' id='word_1_141' title='bbox 941 1961 984 2009; x_wconf 92' lang='lat' dir='ltr'>est</span> <span class='ocrx_word' id='word_1_142' title='bbox 1005 1943 1153 2019; x_wconf 70' lang='lat' dir='ltr'>subtiliori</span> 
     </span>
     <span class='ocr_line' id='line_1_17' title="bbox 81 2024 1153 2125; baseline 0.002 -19"><span class='ocrx_word' id='word_1_143' title='bbox 81 2065 186 2106; x_wconf 86' lang='lat' dir='ltr'>sensus</span> <span class='ocrx_word' id='word_1_144' title='bbox 206 2066 296 2124; x_wconf 90' lang='lat' dir='ltr'>quam</span> <span class='ocrx_word' id='word_1_145' title='bbox 313 2048 506 2125; x_wconf 79' lang='lat' dir='ltr'>imaginativa,</span> <span class='ocrx_word' id='word_1_146' title='bbox 522 2067 590 2108; x_wconf 89' lang='lat' dir='ltr'>cum</span> <span class='ocrx_word' id='word_1_147' title='bbox 610 2050 771 2108; x_wconf 88' lang='lat' dir='ltr'>secundum</span> <span class='ocrx_word' id='word_1_148' title='bbox 790 2048 920 2125; x_wconf 89' lang='lat' dir='ltr'>phisicos</span> <span class='ocrx_word' id='word_1_149' title='bbox 939 2048 1051 2108; x_wconf 90' lang='lat' dir='ltr'>habens</span> <span class='ocrx_word' id='word_1_150' title='bbox 1072 2024 1153 2108; x_wconf 72' lang='lat' dir='ltr'>rec-l</span> 
     </span>
     <span class='ocr_line' id='line_1_18' title="bbox 81 2146 1135 2224; baseline 0.002 -20"><span class='ocrx_word' id='word_1_151' title='bbox 81 2157 143 2204; x_wconf 90' lang='lat' dir='ltr'>tarn</span> <span class='ocrx_word' id='word_1_152' title='bbox 161 2146 379 2221; x_wconf 81' lang='lat' dir='ltr'>imaginativam</span> <span class='ocrx_word' id='word_1_153' title='bbox 395 2157 424 2205; x_wconf 89' lang='lat' dir='ltr'>et</span> <span class='ocrx_word' id='word_1_154' title='bbox 443 2165 545 2205; x_wconf 88' lang='lat' dir='ltr'>sanam</span> <span class='ocrx_word' id='word_1_155' title='bbox 559 2146 667 2206; x_wconf 87' lang='lat' dir='ltr'>directe</span> <span class='ocrx_word' id='word_1_156' title='bbox 686 2147 801 2224; x_wconf 89' lang='lat' dir='ltr'>projicit</span> <span class='ocrx_word' id='word_1_157' title='bbox 819 2148 923 2205; x_wconf 91' lang='lat' dir='ltr'>vitrum</span> <span class='ocrx_word' id='word_1_158' title='bbox 944 2148 981 2207; x_wconf 90' lang='lat' dir='ltr'>de</span> <span class='ocrx_word' id='word_1_159' title='bbox 1001 2146 1135 2218; x_wconf 87' lang='lat' dir='ltr'>fenestra,</span> 
     </span>
     <span class='ocr_line' id='line_1_19' title="bbox 80 2244 1135 2323; baseline 0.003 -21"><span class='ocrx_word' id='word_1_160' title='bbox 80 2254 110 2302; x_wconf 92' lang='lat' dir='ltr'>et</span> <span class='ocrx_word' id='word_1_161' title='bbox 124 2255 222 2303; x_wconf 85' lang='lat' dir='ltr'>tamen</span> <span class='ocrx_word' id='word_1_162' title='bbox 236 2245 416 2303; x_wconf 87' lang='lat' dir='ltr'>aestimativa</span> <span class='ocrx_word' id='word_1_163' title='bbox 430 2245 533 2315; x_wconf 89' lang='lat' dir='ltr'>deficit,</span> <span class='ocrx_word' id='word_1_164' title='bbox 549 2244 731 2323; x_wconf 82' lang='lat' dir='ltr'>fragilitatem</span> <span class='ocrx_word' id='word_1_165' title='bbox 745 2246 808 2305; x_wconf 90' lang='lat' dir='ltr'>vitri</span> <span class='ocrx_word' id='word_1_166' title='bbox 823 2248 919 2305; x_wconf 92' lang='lat' dir='ltr'>minus</span> <span class='ocrx_word' id='word_1_167' title='bbox 938 2247 1135 2306; x_wconf 90' lang='lat' dir='ltr'>considerans.</span> 
     </span>
     <span class='ocr_line' id='line_1_20' title="bbox 80 2342 1135 2422; baseline 0.003 -23"><span class='ocrx_word' id='word_1_168' title='bbox 80 2342 181 2402; x_wconf 87' lang='lat' dir='ltr'>Virtus</span> <span class='ocrx_word' id='word_1_169' title='bbox 199 2353 296 2401; x_wconf 91' lang='lat' dir='ltr'>autem</span> <span class='ocrx_word' id='word_1_170' title='bbox 305 2343 486 2418; x_wconf 52' lang='lat' dir='ltr'>phantastica</span> <span class='ocrx_word' id='word_1_171' title='bbox 500 2345 604 2403; x_wconf 88' lang='lat' dir='ltr'>situata</span> <span class='ocrx_word' id='word_1_172' title='bbox 617 2347 647 2403; x_wconf 91' lang='lat' dir='ltr'>in</span> <span class='ocrx_word' id='word_1_173' title='bbox 662 2356 744 2421; x_wconf 87' lang='lat' dir='ltr'>parte</span> <span class='ocrx_word' id='word_1_174' title='bbox 759 2345 912 2421; x_wconf 90' lang='lat' dir='ltr'>posteriori</span> <span class='ocrx_word' id='word_1_175' title='bbox 930 2344 1017 2422; x_wconf 86' lang='lat' dir='ltr'>hujus</span> <span class='ocrx_word' id='word_1_176' title='bbox 1031 2345 1135 2403; x_wconf 90' lang='lat' dir='ltr'>ventri·</span> 
     </span>
     <span class='ocr_line' id='line_1_21' title="bbox 81 2441 1135 2519; baseline -0.002 -17"><span class='ocrx_word' id='word_1_177' title='bbox 81 2441 149 2512; x_wconf 86' lang='lat' dir='ltr'>culi,</span> <span class='ocrx_word' id='word_1_178' title='bbox 164 2443 247 2518; x_wconf 89' lang='lat' dir='ltr'>quasi</span> <span class='ocrx_word' id='word_1_179' title='bbox 261 2441 292 2499; x_wconf 90' lang='lat' dir='ltr'>in</span> <span class='ocrx_word' id='word_1_180' title='bbox 303 2441 401 2500; x_wconf 89' lang='lat' dir='ltr'>medio</span> <span class='ocrx_word' id='word_1_181' title='bbox 413 2442 523 2517; x_wconf 88' lang='lat' dir='ltr'>capitis,</span> <span class='ocrx_word' id='word_1_182' title='bbox 535 2443 564 2500; x_wconf 94' lang='lat' dir='ltr'>in</span> <span class='ocrx_word' id='word_1_183' title='bbox 579 2442 646 2502; x_wconf 93' lang='lat' dir='ltr'>loco</span> <span class='ocrx_word' id='word_1_184' title='bbox 661 2461 764 2519; x_wconf 88' lang='lat' dir='ltr'>parum</span> <span class='ocrx_word' id='word_1_185' title='bbox 779 2443 879 2514; x_wconf 90' lang='lat' dir='ltr'>altiori,</span> <span class='ocrx_word' id='word_1_186' title='bbox 893 2453 937 2501; x_wconf 89' lang='lat' dir='ltr'>est</span> <span class='ocrx_word' id='word_1_187' title='bbox 952 2444 1135 2502; x_wconf 85' lang='lat' dir='ltr'>subtilissima</span> 
     </span>
     <span class='ocr_line' id='line_1_22' title="bbox 81 2539 1135 2616; baseline 0.002 -20"><span class='ocrx_word' id='word_1_188' title='bbox 81 2540 180 2610; x_wconf 89' lang='lat' dir='ltr'>virtus,</span> <span class='ocrx_word' id='word_1_189' title='bbox 198 2556 273 2615; x_wconf 89' lang='lat' dir='ltr'>quae</span> <span class='ocrx_word' id='word_1_190' title='bbox 293 2539 421 2597; x_wconf 90' lang='lat' dir='ltr'>animam</span> <span class='ocrx_word' id='word_1_191' title='bbox 442 2540 609 2599; x_wconf 91' lang='lat' dir='ltr'>sensitivam</span> <span class='ocrx_word' id='word_1_192' title='bbox 629 2541 825 2616; x_wconf 89' lang='lat' dir='ltr'>consequitur.</span> <span class='ocrx_word' id='word_1_193' title='bbox 869 2540 1039 2600; x_wconf 85' lang='lat' dir='ltr'>Secundum</span> <span class='ocrx_word' id='word_1_194' title='bbox 1057 2540 1135 2598; x_wconf 88' lang='lat' dir='ltr'>illam</span> 
     </span>
     <span class='ocr_line' id='line_1_23' title="bbox 81 2635 1136 2715; baseline 0 -20"><span class='ocrx_word' id='word_1_195' title='bbox 81 2637 162 2696; x_wconf 90' lang='lat' dir='ltr'>enirn</span> <span class='ocrx_word' id='word_1_196' title='bbox 179 2637 269 2695; x_wconf 92' lang='lat' dir='ltr'>virtus</span> <span class='ocrx_word' id='word_1_197' title='bbox 283 2635 466 2712; x_wconf 90' lang='lat' dir='ltr'>phantastica</span> <span class='ocrx_word' id='word_1_198' title='bbox 480 2637 516 2695; x_wconf 91' lang='lat' dir='ltr'>de</span> <span class='ocrx_word' id='word_1_199' title='bbox 534 2638 751 2713; x_wconf 87' lang='lat' dir='ltr'>particularibus</span> <span class='ocrx_word' id='word_1_200' title='bbox 770 2639 917 2714; x_wconf 84' lang='lat' dir='ltr'>sillogisat,</span> <span class='ocrx_word' id='word_1_201' title='bbox 928 2647 960 2697; x_wconf 92' lang='lat' dir='ltr'>ut</span> <span class='ocrx_word' id='word_1_202' title='bbox 975 2638 1136 2715; x_wconf 85' lang='lat' dir='ltr'>specialiter</span> 
     </span>
     <span class='ocr_line' id='line_1_24' title="bbox 82 2734 1135 2813; baseline -0.001 -19"><span class='ocrx_word' id='word_1_203' title='bbox 82 2744 164 2813; x_wconf 91' lang='lat' dir='ltr'>patet</span> <span class='ocrx_word' id='word_1_204' title='bbox 178 2735 215 2794; x_wconf 91' lang='lat' dir='ltr'>de</span> <span class='ocrx_word' id='word_1_205' title='bbox 230 2753 302 2795; x_wconf 90' lang='lat' dir='ltr'>cane</span> <span class='ocrx_word' id='word_1_206' title='bbox 316 2746 345 2793; x_wconf 90' lang='lat' dir='ltr'>et</span> <span class='ocrx_word' id='word_1_207' title='bbox 359 2734 454 2812; x_wconf 86' lang='lat' dir='ltr'>vulpe,</span> <span class='ocrx_word' id='word_1_208' title='bbox 469 2745 501 2793; x_wconf 95' lang='lat' dir='ltr'>ut</span> <span class='ocrx_word' id='word_1_209' title='bbox 516 2745 632 2794; x_wconf 87' lang='lat' dir='ltr'>narrant</span> <span class='ocrx_word' id='word_1_210' title='bbox 646 2737 922 2811; x_wconf 87' lang='lat' dir='ltr'>experimentatores</span> <span class='ocrx_word' id='word_1_211' title='bbox 937 2735 988 2794; x_wconf 67' lang='lat' dir='ltr'>del</span> <span class='ocrx_word' id='word_1_212' title='bbox 1008 2736 1135 2813; x_wconf 89' lang='lat' dir='ltr'>pmden·</span> 
     </span>
     <span class='ocr_line' id='line_1_25' title="bbox 81 2831 1134 2911; baseline -0.004 -17"><span class='ocrx_word' id='word_1_213' title='bbox 81 2833 157 2894; x_wconf 87' lang='lat' dir='ltr'>tiis¹⁰</span> <span class='ocrx_word' id='word_1_214' title='bbox 176 2833 343 2892; x_wconf 89' lang='lat' dir='ltr'>bestiamm.</span> <span class='ocrx_word' id='word_1_215' title='bbox 386 2831 496 2904; x_wconf 89' lang='lat' dir='ltr'>Quinta</span> <span class='ocrx_word' id='word_1_216' title='bbox 517 2843 614 2891; x_wconf 89' lang='lat' dir='ltr'>autem</span> <span class='ocrx_word' id='word_1_217' title='bbox 633 2844 677 2892; x_wconf 91' lang='lat' dir='ltr'>est</span> <span class='ocrx_word' id='word_1_218' title='bbox 697 2834 784 2893; x_wconf 90' lang='lat' dir='ltr'>virtus</span> <span class='ocrx_word' id='word_1_219' title='bbox 805 2836 991 2905; x_wconf 80' lang='lat' dir='ltr'>mentorairba,</span> <span class='ocrx_word' id='word_1_220' title='bbox 1011 2835 1134 2911; x_wconf 88' lang='lat' dir='ltr'>quaein</span> 
     </span>
     <span class='ocr_line' id='line_1_26' title="bbox 81 2931 1135 3011; baseline -0.002 -19"><span class='ocrx_word' id='word_1_221' title='bbox 81 2943 164 3011; x_wconf 91' lang='lat' dir='ltr'>parte</span> <span class='ocrx_word' id='word_1_222' title='bbox 185 2931 320 2990; x_wconf 90' lang='lat' dir='ltr'>anteriori</span> <span class='ocrx_word' id='word_1_223' title='bbox 340 2931 413 2990; x_wconf 92' lang='lat' dir='ltr'>tertii</span> <span class='ocrx_word' id='word_1_224' title='bbox 435 2931 583 2989; x_wconf 89' lang='lat' dir='ltr'>ventriculi</span> <span class='ocrx_word' id='word_1_225' title='bbox 605 2931 714 2990; x_wconf 88' lang='lat' dir='ltr'>cerebri</span> <span class='ocrx_word' id='word_1_226' title='bbox 736 2933 863 2991; x_wconf 91' lang='lat' dir='ltr'>situatur.</span> <span class='ocrx_word' id='word_1_227' title='bbox 907 2933 944 2991; x_wconf 94' lang='lat' dir='ltr'>In</span> <span class='ocrx_word' id='word_1_228' title='bbox 964 2943 1046 3009; x_wconf 89' lang='lat' dir='ltr'>parte</span> <span class='ocrx_word' id='word_1_229' title='bbox 1066 2951 1135 2991; x_wconf 91' lang='lat' dir='ltr'>vero</span> 
     </span>
     <span class='ocr_line' id='line_1_27' title="bbox 80 3028 1136 3108; baseline -0.002 -17"><span class='ocrx_word' id='word_1_230' title='bbox 80 3031 235 3108; x_wconf 87' lang='lat' dir='ltr'>posteriori</span> <span class='ocrx_word' id='word_1_231' title='bbox 250 3029 369 3088; x_wconf 88' lang='lat' dir='ltr'>situatur</span> <span class='ocrx_word' id='word_1_232' title='bbox 383 3029 472 3088; x_wconf 92' lang='lat' dir='ltr'>virtus</span> <span class='ocrx_word' id='word_1_233' title='bbox 490 3028 650 3087; x_wconf 91' lang='lat' dir='ltr'>secundum</span> <span class='ocrx_word' id='word_1_234' title='bbox 670 3029 767 3088; x_wconf 89' lang='lat' dir='ltr'>locum</span> <span class='ocrx_word' id='word_1_235' title='bbox 787 3032 898 3102; x_wconf 68' lang='lat' dir='ltr'>mosibo,</span> <span class='ocrx_word' id='word_1_236' title='bbox 918 3041 947 3089; x_wconf 89' lang='lat' dir='ltr'>et</span> <span class='ocrx_word' id='word_1_237' title='bbox 965 3050 1017 3108; x_wconf 87' lang='lat' dir='ltr'>per</span> <span class='ocrx_word' id='word_1_238' title='bbox 1032 3048 1136 3092; x_wconf 85' lang='lat' dir='ltr'>nervos</span> 
     </span>
     <span class='ocr_line' id='line_1_28' title="bbox 81 3117 1135 3206; baseline -0.003 -17"><span class='ocrx_word' id='word_1_239' title='bbox 81 3132 111 3189; x_wconf 90' lang='lat' dir='ltr'>in</span> <span class='ocrx_word' id='word_1_240' title='bbox 124 3127 301 3206; x_wconf 89' lang='lat' dir='ltr'>juncturas¹¹</span> <span class='ocrx_word' id='word_1_241' title='bbox 316 3127 419 3203; x_wconf 90' lang='lat' dir='ltr'>spinae</span> <span class='ocrx_word' id='word_1_242' title='bbox 432 3125 512 3186; x_wconf 91' lang='lat' dir='ltr'>dorsi</span> <span class='ocrx_word' id='word_1_243' title='bbox 529 3127 566 3186; x_wconf 88' lang='lat' dir='ltr'>ad</span> <span class='ocrx_word' id='word_1_244' title='bbox 580 3128 704 3204; x_wconf 90' lang='lat' dir='ltr'>reliquas</span> <span class='ocrx_word' id='word_1_245' title='bbox 723 3139 819 3204; x_wconf 89' lang='lat' dir='ltr'>partes</span> <span class='ocrx_word' id='word_1_246' title='bbox 838 3129 970 3205; x_wconf 93' lang='lat' dir='ltr'>corporis</span> <span class='ocrx_word' id='word_1_247' title='bbox 985 3117 1135 3187; x_wconf 84' lang='lat' dir='ltr'>derivatur·</span> 
     </span>
     <span class='ocr_line' id='line_1_29' title="bbox 79 3224 1135 3303; baseline -0.004 -17"><span class='ocrx_word' id='word_1_248' title='bbox 79 3227 133 3286; x_wconf 92' lang='lat' dir='ltr'>Est</span> <span class='ocrx_word' id='word_1_249' title='bbox 144 3236 241 3284; x_wconf 90' lang='lat' dir='ltr'>autem</span> <span class='ocrx_word' id='word_1_250' title='bbox 253 3224 380 3284; x_wconf 86' lang='lat' dir='ltr'>officium</span> <span class='ocrx_word' id='word_1_251' title='bbox 391 3224 501 3284; x_wconf 86' lang='lat' dir='ltr'>virtutis</span> <span class='ocrx_word' id='word_1_252' title='bbox 512 3228 726 3296; x_wconf 89' lang='lat' dir='ltr'>memorativae,</span> <span class='ocrx_word' id='word_1_253' title='bbox 738 3238 797 3285; x_wconf 90' lang='lat' dir='ltr'>tam</span> <span class='ocrx_word' id='word_1_254' title='bbox 812 3228 924 3303; x_wconf 89' lang='lat' dir='ltr'>species</span> <span class='ocrx_word' id='word_1_255' title='bbox 937 3244 1027 3302; x_wconf 89' lang='lat' dir='ltr'>quam</span> <span class='ocrx_word' id='word_1_256' title='bbox 1041 3228 1135 3284; x_wconf 91' lang='lat' dir='ltr'>inten-</span> 
     </span>
     <span class='ocr_line' id='line_1_30' title="bbox 79 3322 1135 3400; baseline -0.002 -17"><span class='ocrx_word' id='word_1_257' title='bbox 79 3323 204 3383; x_wconf 86' lang='lat' dir='ltr'>tiones¹¹</span> <span class='ocrx_word' id='word_1_258' title='bbox 214 3323 394 3383; x_wconf 86' lang='lat' dir='ltr'>sensibilium</span> <span class='ocrx_word' id='word_1_259' title='bbox 404 3340 582 3381; x_wconf 89' lang='lat' dir='ltr'>conservare.</span> <span class='ocrx_word' id='word_1_260' title='bbox 627 3322 714 3383; x_wconf 91' lang='lat' dir='ltr'>Unde</span> <span class='ocrx_word' id='word_1_261' title='bbox 729 3324 810 3382; x_wconf 90' lang='lat' dir='ltr'>locus</span> <span class='ocrx_word' id='word_1_262' title='bbox 825 3325 869 3382; x_wconf 88' lang='lat' dir='ltr'>ille</span> <span class='ocrx_word' id='word_1_263' title='bbox 884 3325 1017 3400; x_wconf 90' lang='lat' dir='ltr'>occipitis</span> <span class='ocrx_word' id='word_1_264' title='bbox 1031 3323 1135 3382; x_wconf 91' lang='lat' dir='ltr'>dicitur</span> 
     </span>
     <span class='ocr_line' id='line_1_31' title="bbox 80 3420 1134 3500; baseline -0.003 -19"><span class='ocrx_word' id='word_1_265' title='bbox 80 3440 185 3500; x_wconf 89' lang='lat' dir='ltr'>parum</span> <span class='ocrx_word' id='word_1_266' title='bbox 203 3421 369 3498; x_wconf 90' lang='lat' dir='ltr'>depressior</span> <span class='ocrx_word' id='word_1_267' title='bbox 389 3439 478 3496; x_wconf 91' lang='lat' dir='ltr'>quam</span> <span class='ocrx_word' id='word_1_268' title='bbox 498 3420 580 3479; x_wconf 91' lang='lat' dir='ltr'>locus</span> <span class='ocrx_word' id='word_1_269' title='bbox 598 3421 721 3490; x_wconf 91' lang='lat' dir='ltr'>medius,</span> <span class='ocrx_word' id='word_1_270' title='bbox 736 3431 765 3479; x_wconf 92' lang='lat' dir='ltr'>et</span> <span class='ocrx_word' id='word_1_271' title='bbox 785 3423 860 3480; x_wconf 90' lang='lat' dir='ltr'>inter</span> <span class='ocrx_word' id='word_1_272' title='bbox 878 3420 951 3479; x_wconf 92' lang='lat' dir='ltr'>haec</span> <span class='ocrx_word' id='word_1_273' title='bbox 970 3421 1056 3479; x_wconf 84' lang='lat' dir='ltr'>duo¹³</span> <span class='ocrx_word' id='word_1_274' title='bbox 1069 3421 1134 3479; x_wconf 92' lang='lat' dir='ltr'>loca</span> 
     </span>
    </p>
   </div>
   <div class='ocr_carea' id='block_1_5' title="bbox 78 3606 1133 4259">
    <p class='ocr_par' dir='ltr' id='par_1_5' title="bbox 78 3606 1133 4259">
     <span class='ocr_line' id='line_1_32' title="bbox 116 3606 1131 3674; baseline -0.006 -13"><span class='ocrx_word' id='word_1_275' title='bbox 116 3611 290 3661; x_wconf 88' lang='lat' dir='ltr'>¹concurrunt</span> <span class='ocrx_word' id='word_1_276' title='bbox 317 3608 422 3674; x_wconf 87' lang='lat' dir='ltr'>species]</span> <span class='ocrx_word' id='word_1_277' title='bbox 445 3615 593 3659; x_wconf 88' lang='lat' dir='ltr'>concurrunt</span> <span class='ocrx_word' id='word_1_278' title='bbox 621 3607 784 3673; x_wconf 84' lang='lat' dir='ltr'>operationes.</span> <span class='ocrx_word' id='word_1_279' title='bbox 808 3606 857 3663; x_wconf 83' lang='lat' dir='ltr'>D.;</span> <span class='ocrx_word' id='word_1_280' title='bbox 886 3613 1074 3671; x_wconf 81' lang='lat' dir='ltr'>consequuntur,</span> <span class='ocrx_word' id='word_1_281' title='bbox 1103 3606 1131 3655; x_wconf 93' lang='grc' dir='ltr'>Β.</span> 
     </span>
     <span class='ocr_line' id='line_1_33' title="bbox 80 3672 1132 3738; baseline -0.003 -14"><span class='ocrx_word' id='word_1_282' title='bbox 80 3673 414 3738; x_wconf 76' lang='lat' dir='ltr'>¹differentiis]differentiis</span> <span class='ocrx_word' id='word_1_283' title='bbox 425 3674 566 3730; x_wconf 88' lang='lat' dir='ltr'>eorundem,</span> <span class='ocrx_word' id='word_1_284' title='bbox 579 3674 608 3723; x_wconf 90' lang='lat' dir='ltr'>C.</span> <span class='ocrx_word' id='word_1_285' title='bbox 621 3675 660 3723; x_wconf 84' lang='lat' dir='ltr'>ed.</span> <span class='ocrx_word' id='word_1_286' title='bbox 690 3688 709 3723; x_wconf 91' lang='lat' dir='ltr'>r.</span> <span class='ocrx_word' id='word_1_287' title='bbox 807 3672 996 3736; x_wconf 78' lang='lat' dir='ltr'>¹sensibiliuur]</span> <span class='ocrx_word' id='word_1_288' title='bbox 1009 3687 1132 3728; x_wconf 85' lang='lat' dir='ltr'>sensuum,</span> 
     </span>
     <span class='ocr_line' id='line_1_34' title="bbox 81 3688 1131 3832; baseline -0.002 -44"><span class='ocrx_word' id='word_1_289' title='bbox 81 3741 121 3818; x_wconf 69' lang='lat' dir='ltr'>ed.</span> <span class='ocrx_word' id='word_1_290' title='bbox 134 3756 185 3805; x_wconf 85' lang='lat' dir='ltr'>pr.;</span> <span class='ocrx_word' id='word_1_291' title='bbox 203 3740 350 3816; x_wconf 70' lang='lat' dir='ltr'>exteriorum</span> <span class='ocrx_word' id='word_1_292' title='bbox 361 3739 521 3795; x_wconf 85' lang='lat' dir='ltr'>sensibilium,</span> <span class='ocrx_word' id='word_1_293' title='bbox 533 3739 566 3787; x_wconf 77' lang='lat' dir='ltr'>A.</span> <span class='ocrx_word' id='word_1_294' title='bbox 671 3688 798 3832; x_wconf 54' lang='lat' dir='ltr'>l,interiqr</span> <span class='ocrx_word' id='word_1_295' title='bbox 808 3738 834 3788; x_wconf 89' lang='lat' dir='ltr'>iu</span> <span class='ocrx_word' id='word_1_296' title='bbox 845 3739 957 3815; x_wconf 79' lang='lat' dir='ltr'>absentia</span> <span class='ocrx_word' id='word_1_297' title='bbox 968 3738 1131 3813; x_wconf 80' lang='lat' dir='ltr'>sensibilium]</span> 
     </span>
     <span class='ocr_line' id='line_1_35' title="bbox 80 3803 1132 3935; baseline -0.005 -14"><span class='ocrx_word' id='word_1_298' title='bbox 80 3803 676 3935; x_wconf 55' lang='lat' dir='ltr'>sitm¹¹¹¹“¹⁰‘=¹bffili¹t¹2ntldsn.</span> <span class='ocrx_word' id='word_1_299' title='bbox 690 3868 748 3918; x_wconf 75' lang='lat' dir='ltr'>sc.</span> <span class='ocrx_word' id='word_1_300' title='bbox 778 3803 1132 3933; x_wconf 55' lang='lat' dir='ltr'>rstss‘¹rt¹iisf‘13¹??⁹a¹.¹·,51</span> 
     </span>
     <span class='ocr_line' id='line_1_36' title="bbox 79 3885 1131 4010; baseline -0.004 -25"><span class='ocrx_word' id='word_1_301' title='bbox 79 3935 89 3965; x_wconf 86' lang='lat'>⁷</span> <span class='ocrx_word' id='word_1_302' title='bbox 106 3934 288 4000; x_wconf 81' lang='lat' dir='ltr'>persecutione]</span> <span class='ocrx_word' id='word_1_303' title='bbox 300 3935 463 3999; x_wconf 83' lang='lat' dir='ltr'>percussione.</span> <span class='ocrx_word' id='word_1_304' title='bbox 476 3934 535 3985; x_wconf 65' lang='grc' dir='ltr'>ΒΩ.</span> <span class='ocrx_word' id='word_1_305' title='bbox 548 3934 586 3984; x_wconf 88' lang='lat' dir='ltr'>ed.</span> <span class='ocrx_word' id='word_1_306' title='bbox 617 3951 636 3983; x_wconf 86' lang='lat' dir='ltr'>r.</span> <span class='ocrx_word' id='word_1_307' title='bbox 652 4000 666 4010; x_wconf 89' lang='lat'>..</span> <span class='ocrx_word' id='word_1_308' title='bbox 758 3885 893 4010; x_wconf 48' lang='lat' dir='ltr'>J&#39;quidem</span> <span class='ocrx_word' id='word_1_309' title='bbox 906 3933 1033 3998; x_wconf 84' lang='lat' dir='ltr'>quaedam,</span> <span class='ocrx_word' id='word_1_310' title='bbox 1045 3933 1084 3982; x_wconf 86' lang='lat' dir='ltr'>ed.</span> <span class='ocrx_word' id='word_1_311' title='bbox 1096 3948 1131 4009; x_wconf 87' lang='lat' dir='ltr'>pr.</span> 
     </span>
     <span class='ocr_line' id='line_1_37' title="bbox 81 3949 1132 4065; baseline -0.005 -14"><span class='ocrx_word' id='word_1_312' title='bbox 81 4001 92 4031; x_wconf 82' lang='lat'>&#39;</span> <span class='ocrx_word' id='word_1_313' title='bbox 109 4000 153 4064; x_wconf 87' lang='lat' dir='ltr'>de]</span> <span class='ocrx_word' id='word_1_314' title='bbox 166 4008 191 4050; x_wconf 82' lang='lat' dir='ltr'>et</span> <span class='ocrx_word' id='word_1_315' title='bbox 201 3999 240 4055; x_wconf 88' lang='lat' dir='ltr'>de.</span> <span class='ocrx_word' id='word_1_316' title='bbox 252 4000 282 4050; x_wconf 90' lang='lat' dir='ltr'>C.</span> <span class='ocrx_word' id='word_1_317' title='bbox 294 4000 333 4050; x_wconf 89' lang='lat' dir='ltr'>ed.</span> <span class='ocrx_word' id='word_1_318' title='bbox 347 4016 383 4065; x_wconf 93' lang='lat' dir='ltr'>pr.</span> <span class='ocrx_word' id='word_1_319' title='bbox 510 4000 528 4028; x_wconf 81' lang='lat'>¹⁰</span> <span class='ocrx_word' id='word_1_320' title='bbox 546 3949 692 4064; x_wconf 63' lang='lat' dir='ltr'>prulensis]</span> <span class='ocrx_word' id='word_1_321' title='bbox 705 4000 841 4064; x_wconf 80' lang='lat' dir='ltr'>prudentia,</span> <span class='ocrx_word' id='word_1_322' title='bbox 853 4000 891 4048; x_wconf 84' lang='lat' dir='ltr'>ed.</span> <span class='ocrx_word' id='word_1_323' title='bbox 905 4015 941 4064; x_wconf 87' lang='lat' dir='ltr'>pr.</span> <span class='ocrx_word' id='word_1_324' title='bbox 1072 3998 1089 4027; x_wconf 84' lang='lat'>¹¹</span> <span class='ocrx_word' id='word_1_325' title='bbox 1107 4014 1132 4046; x_wconf 90' lang='lat' dir='ltr'>rn</span> 
     </span>
     <span class='ocr_line' id='line_1_38' title="bbox 78 4063 1133 4141; baseline -0.003 -26"><span class='ocrx_word' id='word_1_326' title='bbox 78 4064 218 4130; x_wconf 79' lang='lat' dir='ltr'>juncturas]</span> <span class='ocrx_word' id='word_1_327' title='bbox 231 4072 256 4115; x_wconf 87' lang='lat' dir='ltr'>et</span> <span class='ocrx_word' id='word_1_328' title='bbox 266 4080 313 4129; x_wconf 84' lang='lat' dir='ltr'>per¹</span> <span class='ocrx_word' id='word_1_329' title='bbox 321 4065 427 4115; x_wconf 63' lang='lat' dir='ltr'>numam</span> <span class='ocrx_word' id='word_1_330' title='bbox 439 4080 483 4129; x_wconf 86' lang='lat' dir='ltr'>per</span> <span class='ocrx_word' id='word_1_331' title='bbox 491 4063 624 4141; x_wconf 81' lang='lat' dir='ltr'>juncturas,</span> <span class='ocrx_word' id='word_1_332' title='bbox 635 4065 673 4113; x_wconf 85' lang='lat' dir='ltr'>ed.</span> <span class='ocrx_word' id='word_1_333' title='bbox 686 4080 722 4140; x_wconf 77' lang='lat' dir='ltr'>pr.</span> <span class='ocrx_word' id='word_1_334' title='bbox 859 4064 878 4093; x_wconf 82' lang='lat'>¹²</span> <span class='ocrx_word' id='word_1_335' title='bbox 892 4072 944 4113; x_wconf 83' lang='lat' dir='ltr'>tarn</span> <span class='ocrx_word' id='word_1_336' title='bbox 956 4063 1049 4128; x_wconf 76' lang='lat' dir='ltr'>species</span> <span class='ocrx_word' id='word_1_337' title='bbox 1059 4078 1133 4127; x_wconf 85' lang='lat' dir='ltr'>quam</span> 
     </span>
     <span class='ocr_line' id='line_1_39' title="bbox 80 4128 1133 4244; baseline -0.005 -63"><span class='ocrx_word' id='word_1_338' title='bbox 80 4130 231 4244; x_wconf 61' lang='lat' dir='ltr'>intuitignes</span> <span class='ocrx_word' id='word_1_339' title='bbox 256 4137 488 4194; x_wconf 82' lang='lat' dir='ltr'>tanrsensusquam</span> <span class='ocrx_word' id='word_1_340' title='bbox 502 4129 640 4180; x_wconf 83' lang='lat' dir='ltr'>intellectus</span> <span class='ocrx_word' id='word_1_341' title='bbox 651 4144 752 4194; x_wconf 84' lang='lat' dir='ltr'>species,</span> <span class='ocrx_word' id='word_1_342' title='bbox 766 4128 827 4177; x_wconf 63' lang='lat' dir='ltr'>AB.</span> <span class='ocrx_word' id='word_1_343' title='bbox 970 4129 988 4158; x_wconf 77' lang='lat'>¹³</span> <span class='ocrx_word' id='word_1_344' title='bbox 1008 4128 1071 4192; x_wconf 90' lang='lat' dir='ltr'>duo]</span> <span class='ocrx_word' id='word_1_345' title='bbox 1083 4128 1133 4177; x_wconf 92' lang='lat' dir='ltr'>duo</span> 
     </span>
     <span class='ocr_line' id='line_1_40' title="bbox 80 4197 293 4259; baseline -0.014 -13"><span class='ocrx_word' id='word_1_346' title='bbox 80 4197 151 4249; x_wconf 83' lang='lat' dir='ltr'>haec.</span> <span class='ocrx_word' id='word_1_347' title='bbox 188 4230 193 4245; x_wconf 93' lang='lat'><em>.</em></span> <span class='ocrx_word' id='word_1_348' title='bbox 239 4210 293 4259; x_wconf 90' lang='lat' dir='ltr'>.pr.</span> 
     </span>
    </p>
   </div>
   <div class='ocr_carea' id='block_1_6' title="bbox 1149 4242 1153 4293">
    <p class='ocr_par' dir='ltr' id='par_1_6' title="bbox 1149 4242 1153 4293">
     <span class='ocr_line' id='line_1_41' title="bbox 1149 4242 1151 4257; baseline 0 0"><span class='ocrx_word' id='word_1_349' title='bbox 1149 4242 1151 4257; x_wconf 87' lang='grc' dir='ltr'>ι</span> 
     </span>
     <span class='ocr_line' id='line_1_42' title="bbox 1149 4266 1153 4293; baseline 0 0"><span class='ocrx_word' id='word_1_350' title='bbox 1149 4266 1153 4293; x_wconf 89' lang='lat' dir='ltr'>l</span> 
     </span>
    </p>
   </div>
   <div class='ocr_carea' id='block_1_7' title="bbox 0 0 1439 4836">
    <p class='ocr_par' dir='ltr' id='par_1_7' title="bbox 0 0 1439 4836">
     <span class='ocr_line' id='line_1_43' title="bbox 0 0 1439 4836; baseline 0 0"><span class='ocrx_word' id='word_1_351' title='bbox 0 0 1439 4836; x_wconf 95' lang='lat' dir='ltr'> </span> 
     </span>
    </p>
   </div>
  </div>
 </body>
</html>
