2864 4836
60 500 159 542 cerm.
420 472 761 540 TRIALOGUS.

54 636 131 699 idco
150 637 205 698 illis
227 639 394 716 suppositis,
413 647 531 716 oportet
549 637 587 697 ad
606 637 661 697 alia
682 635 880 715 pertransire¹.
927 636 1031 696 Certus
1051 653 1116 696 sum

55 735 182 815 quidem
196 755 233 798 ex
247 736 329 809 fide²,
343 737 425 815 quod
443 736 627 796 antichristus
646 746 675 794 et
689 753 794 794 omnes
813 736 877 812 ejus
897 734 1039 812 discipuli,
1056 735 1118 793 imo

57 852 168 895 omnes
189 834 304 906 diaboli,
319 853 382 894 non
403 845 527 912 possunt
547 833 674 911 aliquam
699 843 812 910 partem
835 833 993 910 scripturae
1018 851 1118 892 sacrae

58 933 117 994 de·
138 933 240 993 virtute
264 933 408 993 sermonis
433 932 587 992 efficaciter
610 933 793 1010 impugnare.
844 930 904 991 Sed
928 932 958 989 in
982 930 1120 991 emmaus

58 1030 128 1092 istis
137 1031 248 1091 videtur
257 1031 336 1103 mihi,
347 1031 429 1108 quod
443 1030 536 1090 fidelis
551 1031 639 1090 debet
648 1031 689 1088 uti
703 1029 760 1088 hac
771 1029 888 1105 regula:
911 1030 935 1088 si
949 1031 1120 1107 scripturam

58 1146 178 1190 sacram
197 1147 267 1190 sane
285 1129 424 1206 intelligit,
438 1129 536 1188 laudet
550 1127 664 1200 Deum;
687 1127 711 1186 si
726 1128 764 1186 ab
781 1127 927 1187 intellectu
946 1128 995 1186 tali
1015 1129 1119 1198 deficit,

58 1244 120 1306 pro
140 1227 286 1288 intellectu
305 1245 378 1286 sano
391 1226 513 1295 laboret,
528 1236 556 1285 et
570 1226 702 1284 interim⁴
715 1226 745 1283 in
759 1226 840 1285 litera
861 1237 1002 1303 tanquam
1024 1246 1120 1304 gram-

59 1325 189 1387 mancia
214 1326 410 1401 conquiescat,
435 1336 465 1383 et
488 1325 612 1383 omnino
640 1335 740 1383 caveat
766 1323 803 1382 de
828 1342 916 1382 sensu
939 1325 1121 1402 imponendo

60 1423 232 1500 scripturae,
252 1441 342 1500 quem
366 1441 403 1481 ex
425 1423 480 1482 sibi
501 1422 591 1482 dubio
614 1421 737 1497 Spiritus
762 1421 887 1480 Sanctus
912 1439 973 1481 non
1000 1422 1120 1499 flagitat.

60 1519 148 1582 Talis
162 1520 241 1580 enim
256 1520 418 1580 secundum
432 1516 609 1594 Iermymum
623 1529 667 1578 est
681 1518 851 1590 haereticus,
866 1529 896 1577 et
915 1520 1007 1579 multo
1027 1522 1121 1597 magis

59 1617 117 1698 qui
128 1617 319 1695 blasphemat,
333 1627 442 1678 temere
456 1616 637 1695 imponendo
653 1618 809 1694 scripturae
823 1635 923 1676 sacrae
936 1621 1120 1690 sententiam,

60 1733 156 1799 quam
168 1716 293 1794 ipsemet
307 1714 376 1776 dicit
389 1711 468 1776 esse‘
481 1714 703 1792 impossibilem.

95 1877 283 1949 ¹petrsnsire]
295 1877 405 1936 transire,
416 1878 451 1928 A.
563 1875 691 1942 ¹exiidt]
703 1892 752 1928 orn.
765 1878 797 1928 Α.
911 1877 1120 1944 ’de]etiamde,

57 1943 210 2076 ἓὲοὲ
221 1960 260 2011 pr.
324 1943 335 1976 ⁴
350 1943 461 2009 interim]
472 1944 569 2002 iterum,
581 1942 611 1994 B.
621 1942 717 2010 primae
727 1958 824 2003 manus,
837 1941 877 1994 ed.
888 1958 928 2010 pr.
1027 1945 1036 1975 ⁶
1053 1947 1119 2012 esse]
