2864 4836
76 464 160 503 cerae.
197 439 689 503 SUPPLEMENTUM
718 444 1015 507 TRIALOGI.

78 603 110 663 ln
134 605 196 664 istis
220 605 316 676 sectis,
341 622 360 662 a
384 614 516 681 tempore
541 622 601 681 quo
628 606 806 682 inceperant,
832 605 1051 682 sophisticatur¹
1081 627 1135 668 sua

79 703 192 779 privata
210 702 327 779 religi03
353 713 382 762 et
400 703 547 762 evidenter
566 711 662 779 potest
682 703 795 775 elicere,
809 704 890 781 quod
909 705 939 763 in
959 705 1135 766 secularibus

79 809 137 860 stet
155 800 257 877 religio
272 800 437 861 Christiana
450 800 615 878 perfectius,
635 818 703 860 cum
717 802 748 860 in
766 802 828 862 istis
848 803 966 879 privatis
984 803 1135 864 ordinibus

79 898 117 958 sit
141 899 281 976 obligatio
304 900 399 976 maJ'or
423 908 451 958 et
474 898 583 958 fructus
608 900 729 976 parcior.
780 898 845 959 Nec
870 912 957 960 sonat
979 901 1010 959 in
1032 919 1135 960 eorum

79 994 299 1074 perfectionem,
324 996 405 1073 quod
429 997 622 1056 incastrantur
641 997 687 1057 vel
709 999 924 1057 incarcerantur
949 1000 979 1058 in
1003 999 1135 1061 claustris

79 1096 140 1155 suis
154 1096 356 1167 materialibus,
375 1095 418 1154 vel
433 1095 515 1172 quod
529 1095 637 1155 habent
657 1097 773 1173 pejores
793 1098 843 1174 qui
863 1097 972 1157 debent
991 1099 1074 1174 ipsos
1091 1116 1135 1157 re-

79 1212 149 1271 gere
163 1205 192 1252 et
206 1193 320 1260 docere,
332 1195 401 1271 quia
415 1212 470 1253 nec
482 1192 613 1253 Christus
624 1211 680 1253 nec
694 1195 757 1271 ejus
768 1195 894 1271 apostoli
904 1205 972 1255 ante
986 1196 1134 1255 ascensio·

79 1309 149 1350 nem
168 1291 212 1350 vel
233 1303 300 1368 post
320 1292 362 1350 sic
381 1292 520 1350 vixerant.
563 1290 628 1350 Nec
648 1302 792 1352 consonat
813 1294 934 1364 rationi;
963 1294 1034 1352 nulli
1055 1294 1135 1353 enim

79 1390 136 1449 nisi
160 1388 234 1448 forte
259 1390 474 1449 incontinentes
500 1388 609 1448 debent
629 1390 671 1448 sic
692 1390 871 1460 incarcerari,
893 1409 949 1450 nec
969 1392 1057 1468 aliqui
1078 1392 1133 1451 nisi

79 1486 155 1548 forte
174 1487 252 1547 stulti
265 1499 294 1546 et
316 1487 468 1547 dementes
488 1487 596 1546 debent
616 1487 783 1564 regulariter
804 1489 845 1548 sic
866 1488 971 1548 talibus
991 1490 1134 1566 prioribus

79 1585 211 1663 obligari,
232 1587 301 1663 quia
321 1587 352 1644 in
374 1585 471 1644 multis
497 1585 612 1644 casibus
633 1584 707 1645 foret
730 1585 906 1646 tolerabilius
931 1586 1052 1664 obligari
1074 1588 1135 1647 dia·

80 1683 178 1744 bolo&

121 1780 160 1841 Et
180 1799 233 1860 per
249 1781 306 1842 boc
325 1790 405 1859 patet
423 1781 529 1841 solutio
543 1779 581 1840 ad
599 1779 726 1858 objectum
744 1781 863 1852 lernam,
883 1782 933 1858 qui
951 1781 984 1841 lit
1002 1800 1134 1842 commu·

80 1878 156 1939 niter
182 1878 213 1938 in
240 1881 360 1939 materia
386 1881 449 1938 ista
501 1877 613 1937 Dicitur
636 1880 724 1950 enim,
753 1878 833 1955 quod
860 1897 879 1937 a
906 1888 1050 1956 tempore,
1074 1898 1134 1957 quo

80 1977 199 2039 ordines
211 1979 258 2037 isti
276 1979 453 2054 inceperant,
468 1976 564 2053 plures
584 1985 651 2035 sunt
669 1977 828 2035 canenisoti
839 1976 877 2035 de
891 1976 945 2036 illis
959 1996 1049 2054 quam
1064 1978 1134 2050 aliis,

1215 464 1281 532 433

80 2075 148 2154 plus
161 2076 354 2136 communiter
363 2076 529 2152 praedicant
540 2084 628 2151 atque
642 2084 735 2146 orant,
751 2084 779 2134 et
793 2076 835 2135 sic
852 2076 890 2135 de
903 2076 1015 2153 reliquo
1034 2076 1134 2138 labore
1223 2122 1226 2127 ,

80 2182 110 2234 et
122 2174 227 2234 ceteris
240 2174 377 2252 operibus
390 2174 512 2250 pietatis.
554 2172 634 2232 Nam
647 2175 816 2232 caneue'sate'o
835 2191 896 2232 non
911 2174 979 2234 facit
993 2176 1135 2252 majorem

81 2271 264 2344 evidentiam,
287 2272 312 2332 si
335 2273 400 2349 quis
422 2280 555 2348 argueret
579 2269 730 2330 hominem
758 2289 824 2331 esse
848 2271 1029 2333 luxuriosum
1051 2275 1076 2333 si
1099 2274 1137 2333 sit

80 2379 225 2448 comptus,
240 2387 309 2429 cum
330 2371 513 2430 canonisatio
535 2371 575 2430 sic
597 2379 676 2429 emta
695 2382 724 2430 et
745 2369 823 2431 falsis
843 2372 964 2431 testibus
985 2373 1137 2432 testificata

80 2467 195 2527 nonsit
212 2466 367 2528 fundabilis
386 2469 416 2527 in
435 2468 582 2544 scripnua
626 2466 690 2527 Nec
704 2469 874 2543 praedicant
890 2469 1045 2529 efficaciter
1064 2469 1136 2529 veri·

80 2575 172 2625 tatem
185 2566 383 2643 evangelicam
404 2565 572 2643 plusquam
593 2564 641 2624 alii
662 2565 815 2637 seculares,
830 2583 885 2626 nec
907 2567 937 2624 in
958 2567 1136 2626 orationibus

81 2663 142 2724 suis
155 2663 268 2740 longis⁸
281 2673 337 2725 stat
350 2663 498 2742 profectus
512 2663 652 2724 ecclesiae
665 2663 733 2741 plus
747 2682 836 2741 quam
850 2665 882 2724 in
895 2664 1026 2725 ethnicis.

524 3089 620 3152 CAP.
642 3091 696 3152 VI.

393 3246 439 3306 De
451 3246 596 3307 ordebr'brtr
610 3247 830 3305 menda'cantriem.

124 3413 318 3490 Consequens
335 3411 373 3471 ad
390 3412 468 3472 dicta
482 3408 541 3471 est⁴
559 3421 681 3471 tractare
699 3411 731 3469 de
749 3412 966 3486 expreprr'etarie
984 3409 1192 3508 ve'ventr'beer
1193 3440 1251 3507 n?

84 3513 159 3571 sicut
173 3512 210 3570 de
224 3510 365 3582 fratribus,
380 3511 430 3588 qui
449 3529 486 3570 ex
504 3509 562 3569 hoc
578 3509 674 3586 qu0d⁵
688 3521 755 3569 sunt
773 3511 900 3587 majores
920 3509 1089 3587 hypocritae
1108 3484 1192 3589 et:a

84 3611 229 3669 recentius
250 3609 407 3680 adinventi,
427 3608 523 3685 magis
541 3607 665 3667 illudunt
685 3607 835 3667 ecclesiae.
877 3607 1019 3667 Rationes
1039 3617 1137 3666 autem
1171 3605 1182 3629 ²

83 3724 160 3784 quae
179 3706 287 3766 lactae⁰
306 3718 373 3766 sunt
392 3717 494 3766 contra
511 3707 582 3765 istos
600 3707 836 3782 possessionatos
856 3705 996 3777 ordines',
1014 3716 1138 3782 possunt

82 3805 244 3864 evidentius
258 3805 319 3864 fieri
334 3814 437 3864 contra
450 3804 522 3864 illos
564 3803 623 3864 Sed
637 3805 732 3882 primo
746 3805 863 3882 expedit
877 3804 1026 3863 describere
1039 3804 1137 3880 hujus-

83 3904 166 3963 modi
195 3902 419 3981 pseudofratres.
474 3902 560 3962 Ponit
588 3913 686 3963 autem
714 3902 920 3962 Leiecolm'enre's
949 3904 980 3961 in
1009 3902 1136 3979 quodam

119 4084 126 4113 ¹
145 4098 174 4132 s
192 4081 332 4148 histioatur]
344 4082 486 4178 mphrstrm
480 4082 529 4139 C
693 4081 770 4131 'obli
805 4098 824 4130 n
817 4080 950 4145 diabolo]
963 4079 1065 4129 diabolo
1076 4079 1138 4129 obli-

83 4147 190 4277 Faddod]
203 4229 252 4262 om
265 4213 294 4263 C.
378 4147 593 4278 eddidtessdacvtiae}
595 4212 662 4277 quod
673 4219 761 4269 sectae,
723 4146 858 4262 Cdieta
869 4145 1138 4276 fsgglsggffglsstabd

127 4313 308 4358 animosus.
586 4313 605 4354 r
620 4296 634 4355 i
