2864 4836
536 447 794 526 sorranus
835 450 1056 511 νήσω*
1251 477 1334 510 cn...

274 610 317 667 vel
333 611 491 686 improbet¹
507 610 547 668 sic
561 611 793 670 remurmurans²
806 611 907 689 Jesum
922 622 1072 683 nostrum,
1085 625 1117 671 et
1128 614 1332 672 verecundetur

274 707 310 766 de
336 710 390 765 ista
414 709 521 767 infideli
546 711 673 784 argutia:
705 712 797 769 sancti
822 711 958 769 doctores
984 712 1216 786 expositionem
1240 709 1333 768 istam¹

275 804 437 865 tacuerant⁴
452 807 495 865 vel
517 807 602 865 aliam
623 820 837 882 expresserunt,
852 810 937 884 igitur
958 810 1015 867 ista
1029 811 1187 885 expositio
1208 821 1253 866 cst
1273 809 1329 865 inli-

274 904 354 962 delis.
406 904 530 963 Ostendi
555 923 623 963 vero
651 907 771 981 potest⁶,
796 907 893 982 quod⁸
921 925 957 964 ex
987 907 1051 965 istis
1081 909 1184 966 verbis
1215 907 1331 983 Spiritus

275 1002 398 1060 Sanctus
420 1002 519 1060 haberi
539 1004 628 1061 voluit
649 1005 736 1062 istum
760 1022 887 1063 sensum.
931 1004 1012 1062 Nam
1032 1006 1129 1063 verba
1151 1006 1209 1064 ista
1231 1004 1330 1063 Christi

274 1102 342 1158 satis
365 1111 433 1158 sunt
455 1102 623 1159 communia
644 1112 672 1159 et
693 1120 811 1161 sensum
832 1103 919 1161 istum
941 1100 1145 1174 includentia;
1178 1104 1248 1162 ideo
1269 1121 1329 1161 curn

274 1216 432 1257 commune
450 1199 519 1257 dicit
538 1199 702 1275 quodlibet*¹
716 1201 779 1276 ejus
798 1201 950 1274 singulare,
965 1211 1055 1277 patet,
1072 1201 1159 1277 quod
1173 1203 1264 1259 verba
1281 1202 1333 1259 ista

274 1294 406 1372 signant⁸
427 1299 513 1356 istum
539 1299 739 1374 particularem
764 1317 891 1370 sensum,
917 1317 1007 1375 quem
1035 1300 1068 1356 in
1100 1303 1329 1376 praesentiarum

274 1395 412 1453 videmus.
463 1396 584 1470 Spiritus
613 1396 736 1455 Sanctus
764 1398 849 1472 igitur
875 1415 928 1472 per
956 1396 1012 1454 ista
1040 1399 1136 1455 verba
1164 1401 1329 1457 communia

274 1493 452 1551 intellexerat
466 1496 550 1552 istum
566 1513 683 1553 sensnm
692 1514 699 1566 ;
722 1505 831 1553 etcum
849 1512 950 1553 sensus
963 1495 1033 1552 iste⁸
1054 1495 1094 1553 sit
1115 1497 1277 1554 catholicus
1294 1495 1327 1553 ad

274 1592 423 1649 utilitatem
438 1592 586 1660 ecclesiae,
602 1603 689 1669 patet,
705 1592 784 1669 quod
799 1591 880 1650 Deus
894 1592 1079 1650 aeternaliter
1095 1594 1263 1652 intenderat
1277 1611 1328 1651 nos

274 1689 377 1747 elicere
391 1691 477 1747 istum
493 1708 620 1748 sensum.

720 2052 814 2111 CAP.
837 2051 873 2111 X.

310 2209 354 2266 De
362 2213 488 2284 perr'culo
501 2214 662 2269 animarum
677 2213 707 2268 in
717 2212 898 2285 persecutam
912 2210 1147 2286 ultrinafclr'cr'ter
1160 2211 1293 2269 evr'lando.

312 2364 461 2436 Quoniam
477 2366 607 2424 Christus
627 2366 705 2435 dicit,
720 2368 750 2423 in
768 2364 895 2423 ultima¹⁰
913 2365 1118 2440 persecutione
1139 2376 1254 2425 tantum
1273 2368 1321 2424 im·

271 2465 380 2522 minere
395 2464 563 2540 periculum,
578 2474 610 2521 ut
625 2462 833 2533 seducantur¹¹,
849 2464 872 2521 si
879 2462 900 2495 ¹²
919 2463 979 2520 fieri
999 2472 1107 2537 potest,
1123 2465 1213 2522 etiam
1236 2464 1321 2532 electi,

270 2573 297 2617 et
321 2575 352 2618 ut
375 2562 461 2634 logici
485 2562 674 2631 contendunt,
697 2561 828 2619 absolute
849 2561 1045 2618 necessarium
1070 2571 1115 2618 est
1139 2562 1223 2637 quod
1243 2562 1321 2619 electi

270 2672 392 2733 possunt
416 2660 522 2729 seduci,
544 2659 609 2716 licet
632 2660 822 2733 postmodum
848 2659 1023 2734 resipiscant,
1040 2658 1201 2716 videndum
1224 2672 1265 2717 est
1287 2659 1320 2716 de

270 2756 362 2813 forma
383 2768 410 2813 et
433 2757 572 2813 medela¹³
594 2757 673 2813 istius
695 2757 820 2831 periculi.
864 2755 942 2813 Nam
963 2755 1078 2831 psalmo
1086 2757 1106 2788 ¹⁴
1122 2775 1170 2814 xc.
1193 2760 1321 2815 scribitur

268 2867 295 2911 et
319 2856 355 2911 de
379 2865 513 2929 quattuor
532 2855 665 2929 periculis
688 2854 820 2911 ordinate
843 2854 1030 2929 sequentibus
1053 2854 1083 2909 in
1107 2872 1162 2911 sua
1184 2855 1319 2914 ecclesia:

270 2959 355 3020 ‘n0n,
371 2954 471 3025 inquit,
487 2953 601 3009 timebis
617 2971 634 3008 a
650 2953 751 3008 timore
768 2964 919 3020 nocturno,
937 2970 954 3008 a
969 2951 1072 3025 sagitta
1087 2952 1206 3010 volante
1222 2955 1252 3010 in
1267 2954 1318 3020 die,

268 3070 284 3106 a
310 3052 428 3125 negotio
454 3050 671 3125 perambulante
698 3051 727 3106 in
752 3050 885 3119 tenebris,
912 3050 949 3107 ab
971 3051 1090 3107 incursu
1112 3062 1142 3108 et
1166 3053 1318 3110 daemonio

268 3149 446 3205 meridiano!
491 3147 549 3204 Sed
564 3158 720 3222 antequam
739 3147 931 3222 procedamus
951 3147 988 3205 ad
1008 3149 1228 3222 expositionem
1243 3152 1318 3208 istius

268 3248 344 3303 verbi
361 3246 530 3321 prophetici,
547 3246 680 3302 tollamus
695 3247 862 3302 instantiam
877 3245 1075 3320 sophisticam.
1120 3245 1246 3306 Constat
1259 3250 1317 3324 qui·

268 3347 334 3401 dem
364 3345 469 3419 legenti
498 3346 660 3418 scripturas,
687 3344 839 3417 quomodo
868 3343 1034 3400 nominatur
1059 3343 1118 3400 hoc
1144 3363 1236 3420 posse
1261 3346 1316 3404 fieri

267 3443 351 3499 sire¹·'¹
376 3460 436 3498 non
463 3442 531 3510 fieri,
558 3453 585 3499 et
611 3440 815 3516 quandoque¹¹
840 3439 1048 3515 singulariter¹⁷
1077 3444 1252 3501 enunciatur
1279 3446 1316 3500 sie

300 3615 305 3642 ¹
324 3614 459 3676 improbet]
473 3615 604 3677 improbat.
618 3613 647 3661 C.
829 3610 838 3638 ²
855 3610 1048 3674 remurmurans]
1061 3628 1228 3671 murmurans,
1240 3613 1314 3662 n.b.C.

264 3678 272 3704 ³
291 3679 468 3740 expositionem
482 3678 565 3741 istam]
579 3679 651 3726 istam
662 3676 849 3740 expositionem,
862 3677 891 3725 C.
966 3677 974 3703 ¹
990 3678 1129 3742 tacuerant]
1143 3687 1275 3730 tatuerant.
1287 3680 1314 3727 C.

262 3744 270 3768 ⁵
291 3744 384 3805 potest]
398 3752 506 3806 propter.
520 3745 548 3792 C.
677 3743 686 3769 ⁶
703 3741 782 3804 quod]
796 3757 880 3789 omnes
889 3741 945 3789 libn'
957 3757 1031 3789 manu
1043 3743 1130 3806 scripti
1141 3744 1235 3793 habent
1247 3746 1313 3808 quim

265 3809 307 3856 sed
320 3816 448 3856 contextus
461 3807 568 3871 postulat
581 3809 648 3868 quod.
731 3806 739 3832 ⁷
758 3805 897 3868 quodlibet]
910 3807 1040 3869 quotlibet,
1053 3807 1082 3855 C.
1179 3810 1189 3836 ¹
1207 3807 1312 3873 signant]

265 3881 370 3924 servant.
384 3875 413 3922 C.
529 3873 539 3901 ⁰
556 3888 640 3921 sensus
653 3873 707 3932 iste]
719 3872 765 3919 iste
777 3887 869 3926 sensus,
882 3874 911 3920 C.
1044 3872 1063 3899 ¹⁰
1080 3872 1105 3919 in
1119 3873 1220 3939 ultima]
1233 3876 1258 3922 in
1269 3875 1312 3921 ista

246 3909 249 3973 l
265 3938 358 3989 ultima,
371 3939 449 3986 a.b.C.
615 3939 632 3967 ¹¹
650 3936 808 3998 seducantur]
821 3937 946 3987 seducant.
959 3937 988 3985 C.
1128 3938 1145 3966 ¹²
1161 3939 1195 4002 si]
1209 3940 1273 3991 etsi.
1285 3940 1312 3988 C.

266 4003 282 4029 ¹³
299 4003 406 4065 medela]
420 4001 524 4056 modela,
537 4003 566 4051 C.
731 4001 749 4029 ¹⁴
765 4000 873 4064 psalmo]
887 4001 1003 4064 psalmus
1015 4003 1059 4057 C.;
1079 4003 1119 4051 Ps.
1132 4018 1170 4051 xc.
1183 4005 1312 4052 sectandum

265 4069 401 4115 versionem
419 4068 551 4130 vulgatam,
569 4068 615 4115 xci.
634 4067 767 4116 secundum
786 4073 878 4114 textum
901 4067 1061 4123 Hebraicum,
1083 4067 1154 4116 Lxx
1176 4078 1202 4118 et
1225 4080 1313 4117 ceteras

264 4134 394 4180 versiones.
494 4132 512 4161 ¹¹
528 4133 589 4193 sive]
603 4134 649 4184 vel.
662 4135 691 4181 C.
791 4132 809 4161 ¹⁶
827 4131 984 4194 quandoque]
997 4133 1103 4194 quando.
1117 4134 1147 4182 C.
1235 4134 1251 4165 ¹¹
1269 4135 1313 4181 sin-

265 4197 392 4259 gulariter]
406 4198 556 4261 simpliciter,
570 4199 599 4246 C.
