2864 4836
163 472 266 518 carm.
534 455 873 519 TRIALOGUS.

120 660 122 665 -
165 616 256 677 multi
280 619 358 676 enim
383 616 463 694 plus¹
488 619 610 677 credunt
633 619 694 678 istis
721 619 829 679 frivolis
856 619 977 679 fratrum
1005 616 1107 680 literis¹
1135 638 1224 698 quam

157 712 295 774 eredunt
317 715 406 774 istum
430 716 581 776 articulum
605 717 672 776 fidei
701 717 737 776 de
766 718 975 778 communione
1003 728 1171 778 sanctorum
1194 727 1224 778 et

168 811 266 874 nlute
283 813 384 891 populi
403 832 456 891 per
469 813 632 874 Dominum
650 813 752 892 Jesum
773 813 929 875 Christum.
971 814 1134 888 Quomodo
1152 832 1224 892 ergo

168 925 237 969 non
260 909 310 968 dat
334 910 420 970 haec³
444 911 573 971 haeresis
596 912 740 971 viantibus
768 913 954 972 occasionem
979 910 1110 990 publice⁴
1133 913 1224 972 delin-

168 1005 302 1084 quendi?
345 1006 420 1080 Quis
442 1010 521 1067 enim
546 1009 675 1068 timeret⁶
702 1025 793 1085 opera
820 1008 993 1085 voluptuosa
1017 1010 1061 1068 vel
1087 1009 1225 1071 lucrativa

167 1102 293 1175 {acere⁸,
308 1105 331 1163 si
345 1105 536 1181 postmodum
556 1104 686 1166 crederet
705 1106 752 1165 se⁷
767 1117 886 1184 propter
904 1108 1053 1167 modicam
1067 1109 1223 1184 pecuniam

166 1201 286 1262 datam·
307 1201 440 1262 fratribus
460 1203 570 1262 absolvi
591 1203 757 1280 simpliciter
777 1222 795 1262 a
816 1213 878 1262 toto
900 1206 1020 1264 crimine
1041 1205 1122 1282 quod
1143 1223 1224 1266 com·

167 1299 270 1359 misit?
315 1298 400 1359 Haec
424 1301 509 1377 igitur
532 1299 660 1361 haeresis
687 1300 806 1360 fratrum
835 1303 1007 1377 supponitur
1035 1319 1100 1361 esse
1128 1320 1224 1374 causa,

166 1412 262 1476 quare
276 1397 348 1458 fides
364 1399 438 1458 inter
452 1398 542 1460 laicos
557 1399 598 1458 sic
612 1399 732 1458 vacillat.

588 1722 684 1782 CAP.
706 1720 818 1780 XXXI.

315 1868 503 1945 Prosequitur
516 1870 642 1940 ulfertics,
656 1888 777 1928 errorem
792 1870 823 1926 de
836 1870 941 1926 meretri
943 1865 1081 1943 fratrum

479 1967 711 2026 communicandis
726 1967 918 2043 impugnando.

210 2115 333 2176 Atetta.
376 2114 452 2175 Cum
474 2115 531 2173 sint
553 2114 636 2173 multi
659 2112 813 2174 Maeandri
835 2112 954 2172 fratrum
975 2113 1006 2170 in
1027 2112 1074 2171 illa
1095 2113 1223 2182 materia,

165 2231 245 2293 rogo
268 2223 301 2272 ut
324 2211 452 2272 radicem
476 2230 579 2272 eorum
603 2213 743 2283 destruas,
767 2224 799 2271 ut
826 2212 884 2272 hoc
909 2211 1019 2271 crimen
1044 2211 1159 2288 penitus
1183 2211 1222 2270 ab

164 2310 292 2372 ecclesia
313 2310 349 2370 sit
369 2310 510 2382 evulsum,
525 2312 594 2387 quia
614 2312 683 2370 satis
702 2310 787 2369 video
808 2308 889 2387 quod
910 2307 1011 2369 fratres
1033 2307 1220 2386 promittunt⁹

167 2407 314 2487 superflue
328 2426 365 2467 ex
379 2409 434 2468 ista
448 2407 740 2467 communicatione¹⁰
751 2409 795 2467 sui
809 2408 902 2467 meriti
912 2408 986 2466 ultra
1000 2424 1089 2483 quam
1100 2416 1223 2483 possunt

168 2506 332 2568 concedere
347 2505 392 2564 vel
412 2506 500 2565 etiam
522 2506 576 2565 sibi
597 2505 667 2581 ipsis
688 2505 828 2581 accipere,
843 2514 872 2564 et
892 2504 1054 2582 specialiter
1068 2504 1105 2563 de
1127 2503 1223 2563 fucata

168 2604 363 2664 concessione
384 2621 402 2662 a
424 2604 515 2680 signis
532 2602 649 2661 fratrum
664 2603 708 2661 vel
727 2602 815 2661 literis
835 2602 1027 2662 indistincta¹¹
1042 2603 1159 2661 veritate
1173 2613 1222 2661 aut

169 2699 345 2760 nimietate?²
365 2701 511 2758 infinitum
532 2700 597 2778 plus
618 2700 711 2759 valida
733 2718 822 2776 quam
843 2700 898 2759 hae
919 2700 1016 2760 literae
1038 2699 1082 2759 vel
1103 2699 1221 2777 aliquod

168 2798 228 2857 tale
242 2799 366 2875 signum.
411 2797 516 2857 Nullus
530 2799 608 2856 enim
621 2797 708 2857 frater
721 2817 789 2875 prae
795 2799 817 2832 ¹³
830 2799 1004 2858 verecundia
1018 2799 1186 2858 mentiretur
1191 2799 1222 2866 ¹⁴,

168 2894 252 2974 quod
271 2896 407 2957 concedit
429 2896 541 2955 homini
561 2895 648 2954 talem
669 2896 779 2956 literam
800 2915 862 2955 non
877 2898 1029 2972 signatam,
1044 2905 1073 2955 et
1093 2896 1142 2955 illo
1163 2899 1222 2974 sig·

167 2993 266 3054 nato¹⁸
280 3004 382 3054 notato
396 2992 550 3053 manifeste
565 2993 701 3070 pateret1·
715 2993 796 3070 quod
810 2992 911 3053 fratres
930 2994 1053 3053 innuunt
1067 3011 1099 3052 se
1116 3012 1222 3054 conce·

170 3092 241 3153 dere
255 3092 335 3170 quod
349 3109 412 3151 non
426 3101 557 3168 possunt

209 3189 373 3250 Phronesai.
416 3188 516 3248 Placet
538 3187 609 3247 mihi
633 3188 713 3265 quod
734 3198 846 3247 tanturm
868 3188 999 3264 concipis
1020 3188 1057 3248 de
1078 3189 1222 3248 erroribus

169 3287 415 3367 pseudofratrum,
430 3295 458 3346 et
478 3286 573 3345 adhuc
587 3285 697 3346 videbis
716 3286 840 3362 amplius
860 3287 890 3344 in
910 3286 968 3345 suis
986 3286 1222 3346 excusau'onibus

168 3386 301 3446 subdolis
328 3398 358 3445 et
384 3384 625 3462 responsionibus
652 3382 833 3442 fraudufosis.
889 3382 999 3443 Dicunt
1026 3384 1104 3442 enim
1128 3385 1222 3458 prmo

168 3482 326 3555 verbumst,
341 3481 394 3542 scd
416 3481 495 3553 false,
510 3482 591 3558 quod
612 3497 674 3539 non
694 3491 817 3557 possunt
837 3481 996 3558 quidquam
1017 3480 1116 3541 talium
1137 3481 1222 3542 alicui

202 3647 211 3676 ¹
229 3645 294 3696 enim
305 3645 375 3711 plus]
391 3645 456 3696 enim
468 3645 570 3696 credunt
582 3641 712 3708 simplices.
724 3643 762 3692 ed.
774 3658 811 3707 pr.
890 3643 900 3674 ¹
916 3643 1018 3693 fratrum
1030 3644 1118 3708 literis]
1131 3645 1222 3696 talibus

167 3710 255 3768 literis,
271 3711 309 3761 ed
326 3726 363 3776 pr.
502 3708 600 3773 'haec]
618 3724 668 3758 om.
685 3706 741 3756 Α.Β
749 3709 793 3764 C.;
820 3708 881 3760 baec
897 3709 1004 3759 haeresis
1019 3725 1070 3759 non
1086 3711 1222 3804 praeberet,

168 3776 257 3841 edpr.
355 3774 496 3888 ⁴publice)
508 3773 640 3840 publicam.
653 3772 985 3839 B.primaemanus,ed.pr.
1112 3775 1208 3825 timeret

168 3840 345 3917 timet,ed.pr.
456 3841 466 3869 ⁸
491 3855 561 3889 acere
585 3839 667 3894 fratre,
679 3838 708 3887 B.
720 3839 841 3889 secundae
852 3855 946 3896 manus,
957 3839 997 3889 ed.
1009 3855 1047 3904 pr.
1155 3838 1208 3890 'se

168 3919 221 3954 om,
233 3904 262 3954 B.
292 3921 368 3956 rimae
380 3921 479 3962 manus,
491 3904 525 3953 D.
569 3920 624 3968 ‚pr.
712 3903 834 3968 ‘datam]
846 3905 945 3961 dictam,
954 3905 992 3954 ed.
1004 3921 1041 3969 pr.
1139 3905 1222 3970 'pro-

167 3969 270 4020 mittunt
295 3971 450 4035 permittunt,
463 3969 501 4019 ed.
514 3985 551 4033 pr.
660 3968 679 3998 ¹⁰
695 3970 930 4034 communicatione]
942 3971 1121 4024 communione,
1133 3970 1171 4020 ed.
1184 3986 1221 4035 pr,

168 4035 186 4066 ¹¹
202 4034 357 4100 indistincta]
369 4044 395 4086 et
407 4035 531 4091 distincta,
543 4033 576 4082 D.
588 4032 626 4082 ed.
638 4049 675 4098 pr.
734 4033 752 4062 ¹¹
768 4034 893 4084 nimietate
914 4035 1075 4090 immunitate,
1087 4034 1115 4083 B.
1127 4036 1222 4100 primae

168 4115 266 4156 manus,
275 4100 309 4148 D.
320 4101 359 4150 ed.
371 4116 408 4165 pr.
510 4100 528 4129 ¹⁸
543 4113 603 4163 prae
627 4097 786 4162 pro,B.O.D.
885 4101 894 4130 ¹
919 4098 1075 4163 mentiretur]
1084 4102 1221 4156 mentietur,

169 4165 232 4215 B.C.
244 4165 283 4214 ed.
295 4181 332 4230 pr.
465 4165 484 4198 ²⁵
499 4165 596 4229 signato
621 4165 717 4227 signato
729 4164 861 4227 signanter.
872 4164 911 4215 ed.
923 4179 959 4228 pr.
1083 4164 1101 4194 ¹⁸
1117 4166 1222 4232 pateret]

170 4237 247 4295 patet,
259 4232 290 4280 A.
302 4231 341 4281 ed.
353 4246 390 4295 pr.
491 4230 508 4261 ¹⁷
524 4228 638 4292 uerbum]
650 4244 741 4284 verum.
754 4230 791 4278 ed.
804 4243 841 4293 pr.

213 4330 393 4374 mainbodus.
673 4328 695 4369 Δ
709 4331 725 4372 a
