<?xml version="1.0" encoding="UTF-8"?>
<!DOCTYPE html PUBLIC "-//W3C//DTD XHTML 1.0 Transitional//EN"
    "http://www.w3.org/TR/xhtml1/DTD/xhtml1-transitional.dtd">
<html xmlns="http://www.w3.org/1999/xhtml" xml:lang="en" lang="en">
 <head>
  <title>
</title>
<meta http-equiv="Content-Type" content="text/html;charset=utf-8" />
  <meta name='ocr-system' content='tesseract 3.04.00' />
  <meta name='ocr-capabilities' content='ocr_page ocr_carea ocr_par ocr_line ocrx_word'/>
</head>
<body>
  <div class='ocr_page' id='page_1' title='image "./trialoguscumsup00lechgoog_0362.png"; bbox 0 0 2864 4836; ppageno 0'>
   <div class='ocr_carea' id='block_1_1' title="bbox 134 457 843 526">
    <p class='ocr_par' dir='ltr' id='par_1_1' title="bbox 134 457 843 526">
     <span class='ocr_line' id='line_1_1' title="bbox 134 457 843 526; baseline 0.001 -7"><span class='ocrx_word' id='word_1_1' title='bbox 134 479 235 526; x_wconf 44' lang='lat' dir='ltr'><strong>car.»</strong></span> <span class='ocrx_word' id='word_1_2' title='bbox 499 457 843 522; x_wconf 80' lang='lat' dir='ltr'><em>TRIALOGUS.</em></span> 
     </span>
    </p>
   </div>
   <div class='ocr_carea' id='block_1_2' title="bbox 118 619 1195 895">
    <p class='ocr_par' dir='ltr' id='par_1_2' title="bbox 118 619 1195 895">
     <span class='ocr_line' id='line_1_2' title="bbox 136 619 1194 699; baseline -0.002 -19"><span class='ocrx_word' id='word_1_3' title='bbox 136 620 306 680; x_wconf 77' lang='lat' dir='ltr'><strong>nescientes</strong></span> <span class='ocrx_word' id='word_1_4' title='bbox 321 620 395 681; x_wconf 89' lang='lat' dir='ltr'><strong>inter</strong></span> <span class='ocrx_word' id='word_1_5' title='bbox 408 630 610 699; x_wconf 80' lang='lat' dir='ltr'><strong>paupertatem</strong></span> <span class='ocrx_word' id='word_1_6' title='bbox 623 629 652 680; x_wconf 98' lang='lat' dir='ltr'><strong>et</strong></span> <span class='ocrx_word' id='word_1_7' title='bbox 666 620 914 681; x_wconf 89' lang='lat' dir='ltr'><strong>mendicationem</strong></span> <span class='ocrx_word' id='word_1_8' title='bbox 928 619 1115 698; x_wconf 82' lang='lat' dir='ltr'><strong>distinguere,</strong></span> <span class='ocrx_word' id='word_1_9' title='bbox 1134 620 1194 698; x_wconf 92' lang='lat' dir='ltr'><strong>pri·</strong></span> 
     </span>
     <span class='ocr_line' id='line_1_3' title="bbox 118 717 1195 797; baseline -0.001 -19"><span class='ocrx_word' id='word_1_10' title='bbox 118 733 231 793; x_wconf 60' lang='lat' dir='ltr'><strong>⁸rursum,</strong></span> <span class='ocrx_word' id='word_1_11' title='bbox 246 737 322 796; x_wconf 86' lang='lat' dir='ltr'><strong>quae</strong></span> <span class='ocrx_word' id='word_1_12' title='bbox 336 717 545 797; x_wconf 86' lang='lat' dir='ltr'><strong>perfectionem</strong></span> <span class='ocrx_word' id='word_1_13' title='bbox 559 728 686 792; x_wconf 87' lang='lat' dir='ltr'><strong>sonaret,</strong></span> <span class='ocrx_word' id='word_1_14' title='bbox 701 717 856 789; x_wconf 90' lang='lat' dir='ltr'><strong>dimittunt,</strong></span> <span class='ocrx_word' id='word_1_15' title='bbox 871 728 899 779; x_wconf 91' lang='lat' dir='ltr'><strong>et</strong></span> <span class='ocrx_word' id='word_1_16' title='bbox 913 718 1075 780; x_wconf 87' lang='lat' dir='ltr'><strong>secundam</strong></span> <span class='ocrx_word' id='word_1_17' title='bbox 1089 717 1195 796; x_wconf 91' lang='lat' dir='ltr'><strong>cupide</strong></span> 
     </span>
     <span class='ocr_line' id='line_1_4' title="bbox 136 815 586 895; baseline -0.002 -18"><span class='ocrx_word' id='word_1_18' title='bbox 136 825 174 877; x_wconf 83' lang='lat' dir='ltr'><strong>ut</strong></span> <span class='ocrx_word' id='word_1_19' title='bbox 188 815 351 878; x_wconf 84' lang='lat' dir='ltr'><strong>ischarioth</strong></span> <span class='ocrx_word' id='word_1_20' title='bbox 365 816 586 895; x_wconf 85' lang='lat' dir='ltr'><strong>amplectuntur.</strong></span> 
     </span>
    </p>
   </div>
   <div class='ocr_carea' id='block_1_3' title="bbox 240 1240 1106 1481">
    <p class='ocr_par' dir='ltr' id='par_1_3' title="bbox 240 1240 1106 1481">
     <span class='ocr_line' id='line_1_5' title="bbox 563 1240 779 1302; baseline 0 0"><span class='ocrx_word' id='word_1_21' title='bbox 563 1240 660 1302; x_wconf 84' lang='lat' dir='ltr'><strong>CAP.</strong></span> <span class='ocrx_word' id='word_1_22' title='bbox 681 1241 779 1302; x_wconf 86' lang='lat' dir='ltr'><strong>XXX.</strong></span> 
     </span>
     <span class='ocr_line' id='line_1_6' title="bbox 240 1400 1106 1481; baseline -0.001 -20"><span class='ocrx_word' id='word_1_23' title='bbox 240 1400 286 1461; x_wconf 81' lang='lat' dir='ltr'><strong>De</strong></span> <span class='ocrx_word' id='word_1_24' title='bbox 287 1401 424 1481; x_wconf 80' lang='lat' dir='ltr'><strong>fratrum</strong></span> <span class='ocrx_word' id='word_1_25' title='bbox 437 1400 598 1462; x_wconf 79' lang='lat' dir='ltr'><strong>haeresibus</strong></span> <span class='ocrx_word' id='word_1_26' title='bbox 610 1423 621 1464; x_wconf 90' lang='lat'><em>:</em></span> <span class='ocrx_word' id='word_1_27' title='bbox 645 1421 672 1479; x_wconf 75' lang='lat'><strong>3.</strong></span> <span class='ocrx_word' id='word_1_28' title='bbox 686 1412 769 1479; x_wconf 76' lang='lat' dir='ltr'><strong>super</strong></span> <span class='ocrx_word' id='word_1_29' title='bbox 782 1403 872 1462; x_wconf 72' lang='lat' dir='ltr'><strong>dierat</strong></span> <span class='ocrx_word' id='word_1_30' title='bbox 874 1400 1106 1480; x_wconf 78' lang='lat' dir='ltr'><strong>froterm&#39;fatum,</strong></span> 
     </span>
    </p>
   </div>
   <div class='ocr_carea' id='block_1_4' title="bbox 1272 472 1336 539">
    <p class='ocr_par' dir='ltr' id='par_1_4' title="bbox 1272 472 1336 539">
     <span class='ocr_line' id='line_1_7' title="bbox 1272 472 1336 539; baseline 0 0"><span class='ocrx_word' id='word_1_31' title='bbox 1272 472 1336 539; x_wconf 82' lang='lat'><strong>349</strong></span> 
     </span>
    </p>
   </div>
   <div class='ocr_carea' id='block_1_5' title="bbox 182 1555 1285 1621">
    <p class='ocr_par' dir='ltr' id='par_1_5' title="bbox 182 1555 1285 1621">
     <span class='ocr_line' id='line_1_8' title="bbox 182 1555 1285 1621; baseline 0.002 -5"><span class='ocrx_word' id='word_1_32' title='bbox 182 1555 305 1617; x_wconf 71' lang='lat' dir='ltr'><strong>Athin.</strong></span> <span class='ocrx_word' id='word_1_33' title='bbox 348 1558 422 1619; x_wconf 89' lang='lat' dir='ltr'><strong>Satis</strong></span> <span class='ocrx_word' id='word_1_34' title='bbox 436 1570 520 1620; x_wconf 90' lang='lat' dir='ltr'><strong>acute</strong></span> <span class='ocrx_word' id='word_1_35' title='bbox 533 1559 646 1621; x_wconf 86' lang='lat' dir='ltr'><strong>locutus</strong></span> <span class='ocrx_word' id='word_1_36' title='bbox 660 1578 693 1620; x_wconf 92' lang='lat' dir='ltr'><strong>es</strong></span> <span class='ocrx_word' id='word_1_37' title='bbox 707 1560 745 1621; x_wconf 93' lang='lat' dir='ltr'><strong>de</strong></span> <span class='ocrx_word' id='word_1_38' title='bbox 759 1560 813 1620; x_wconf 90' lang='lat' dir='ltr'><strong>ista</strong></span> <span class='ocrx_word' id='word_1_39' title='bbox 832 1557 962 1621; x_wconf 88' lang='lat' dir='ltr'><strong>secunda</strong></span> <span class='ocrx_word' id='word_1_40' title='bbox 981 1557 1103 1618; x_wconf 82' lang='lat' dir='ltr'><strong>fratrum</strong></span> <span class='ocrx_word' id='word_1_41' title='bbox 1122 1557 1198 1618; x_wconf 83' lang='lat' dir='ltr'><strong>blas·</strong></span> <span class='ocrx_word' id='word_1_42' title='bbox 1280 1573 1285 1577; x_wconf 77' lang='grc'><strong><em>’</em></strong></span> 
     </span>
    </p>
   </div>
   <div class='ocr_carea' id='block_1_6' title="bbox 129 1652 1201 2894">
    <p class='ocr_par' dir='ltr' id='par_1_6' title="bbox 129 1652 1200 1834">
     <span class='ocr_line' id='line_1_9' title="bbox 143 1652 1200 1737; baseline 0 -23"><span class='ocrx_word' id='word_1_43' title='bbox 143 1652 272 1735; x_wconf 90' lang='lat' dir='ltr'><strong>phemia‚</strong></span> <span class='ocrx_word' id='word_1_44' title='bbox 293 1654 346 1716; x_wconf 84' lang='lat' dir='ltr'><strong>sed</strong></span> <span class='ocrx_word' id='word_1_45' title='bbox 365 1674 440 1734; x_wconf 89' lang='lat' dir='ltr'><strong>rogo</strong></span> <span class='ocrx_word' id='word_1_46' title='bbox 458 1668 491 1717; x_wconf 91' lang='lat' dir='ltr'><strong>ut</strong></span> <span class='ocrx_word' id='word_1_47' title='bbox 511 1656 548 1717; x_wconf 93' lang='lat' dir='ltr'><strong>de</strong></span> <span class='ocrx_word' id='word_1_48' title='bbox 570 1659 652 1718; x_wconf 90' lang='lat' dir='ltr'><strong>tertia</strong></span> <span class='ocrx_word' id='word_1_49' title='bbox 671 1675 776 1737; x_wconf 90' lang='lat' dir='ltr'><strong>parum</strong></span> <span class='ocrx_word' id='word_1_50' title='bbox 798 1656 887 1718; x_wconf 91' lang='lat' dir='ltr'><strong>dicas.</strong></span> <span class='ocrx_word' id='word_1_51' title='bbox 930 1654 1010 1715; x_wconf 86' lang='lat' dir='ltr'><strong>Nam</strong></span> <span class='ocrx_word' id='word_1_52' title='bbox 1030 1674 1084 1734; x_wconf 90' lang='lat' dir='ltr'><strong>per</strong></span> <span class='ocrx_word' id='word_1_53' title='bbox 1102 1656 1200 1716; x_wconf 73' lang='lat' dir='ltr'><strong>lucras</strong></span> 
     </span>
     <span class='ocr_line' id='line_1_10' title="bbox 129 1753 1021 1834; baseline 0.001 -21"><span class='ocrx_word' id='word_1_54' title='bbox 129 1753 355 1834; x_wconf 65' lang='lat' dir='ltr'><strong>fraternitatum</strong></span> <span class='ocrx_word' id='word_1_55' title='bbox 369 1755 456 1822; x_wconf 87' lang='lat' dir='ltr'><strong>nimis</strong></span> <span class='ocrx_word' id='word_1_56' title='bbox 470 1772 580 1833; x_wconf 87' lang='lat' dir='ltr'><strong>magna</strong></span> <span class='ocrx_word' id='word_1_57' title='bbox 592 1773 661 1833; x_wconf 87' lang='lat' dir='ltr'><strong>pars</strong></span> <span class='ocrx_word' id='word_1_58' title='bbox 676 1755 817 1815; x_wconf 88' lang='lat' dir='ltr'><strong>ecclesiae</strong></span> <span class='ocrx_word' id='word_1_59' title='bbox 831 1765 875 1814; x_wconf 86' lang='lat' dir='ltr'><strong>est</strong></span> <span class='ocrx_word' id='word_1_60' title='bbox 889 1753 1021 1832; x_wconf 86' lang='lat' dir='ltr'><strong>decepta.</strong></span> 
     </span>
    </p>

    <p class='ocr_par' dir='ltr' id='par_1_7' title="bbox 144 1850 1201 2894">
     <span class='ocr_line' id='line_1_11' title="bbox 186 1850 1199 1930; baseline -0.002 -18"><span class='ocrx_word' id='word_1_61' title='bbox 186 1851 349 1913; x_wconf 75' lang='lat' dir='ltr'><strong>Piromsai.</strong></span> <span class='ocrx_word' id='word_1_62' title='bbox 391 1853 489 1914; x_wconf 80' lang='lat' dir='ltr'><strong>Placet</strong></span> <span class='ocrx_word' id='word_1_63' title='bbox 510 1853 547 1914; x_wconf 90' lang='lat' dir='ltr'><strong>de</strong></span> <span class='ocrx_word' id='word_1_64' title='bbox 569 1854 623 1914; x_wconf 89' lang='lat' dir='ltr'><strong>illis</strong></span> <span class='ocrx_word' id='word_1_65' title='bbox 644 1853 739 1914; x_wconf 86' lang='lat' dir='ltr'><strong>dicere</strong></span> <span class='ocrx_word' id='word_1_66' title='bbox 760 1854 791 1912; x_wconf 90' lang='lat' dir='ltr'><strong>in</strong></span> <span class='ocrx_word' id='word_1_67' title='bbox 809 1851 925 1924; x_wconf 87' lang='lat' dir='ltr'><strong>Latino,</strong></span> <span class='ocrx_word' id='word_1_68' title='bbox 945 1852 1028 1930; x_wconf 91' lang='lat' dir='ltr'><strong>quod</strong></span> <span class='ocrx_word' id='word_1_69' title='bbox 1047 1850 1199 1928; x_wconf 85' lang='lat' dir='ltr'><strong>quondam</strong></span> 
     </span>
     <span class='ocr_line' id='line_1_12' title="bbox 147 1949 1199 2035; baseline -0.003 -23"><span class='ocrx_word' id='word_1_70' title='bbox 147 1950 280 2035; x_wconf 79' lang='lat' dir='ltr'><strong>expressi</strong></span> <span class='ocrx_word' id='word_1_71' title='bbox 298 1952 329 2010; x_wconf 90' lang='lat' dir='ltr'><strong>iu</strong></span> <span class='ocrx_word' id='word_1_72' title='bbox 347 1950 492 2029; x_wconf 76' lang='lat' dir='ltr'><strong>Anglic03</strong></span> <span class='ocrx_word' id='word_1_73' title='bbox 522 1952 576 2012; x_wconf 88' lang='lat' dir='ltr'><strong>sed</strong></span> <span class='ocrx_word' id='word_1_74' title='bbox 594 1952 684 2011; x_wconf 89' lang='lat' dir='ltr'><strong>timeo</strong></span> <span class='ocrx_word' id='word_1_75' title='bbox 704 1950 740 2011; x_wconf 93' lang='lat' dir='ltr'><strong>de</strong></span> <span class='ocrx_word' id='word_1_76' title='bbox 758 1949 879 2011; x_wconf 90' lang='lat' dir='ltr'><strong>Pseuste</strong></span> <span class='ocrx_word' id='word_1_77' title='bbox 899 1951 949 2028; x_wconf 91' lang='lat' dir='ltr'><strong>qui</strong></span> <span class='ocrx_word' id='word_1_78' title='bbox 970 1949 1042 2010; x_wconf 89' lang='lat' dir='ltr'><strong>mihi</strong></span> <span class='ocrx_word' id='word_1_79' title='bbox 1058 1950 1199 2026; x_wconf 89' lang='lat' dir='ltr'><strong>imponet,</strong></span> 
     </span>
     <span class='ocr_line' id='line_1_13' title="bbox 144 2045 1200 2128; baseline -0.003 -19"><span class='ocrx_word' id='word_1_80' title='bbox 144 2045 242 2128; x_wconf 90' lang='lat' dir='ltr'><strong>quod¹</strong></span> <span class='ocrx_word' id='word_1_81' title='bbox 256 2047 401 2125; x_wconf 87' lang='lat' dir='ltr'><strong>superflue</strong></span> <span class='ocrx_word' id='word_1_82' title='bbox 414 2048 509 2110; x_wconf 89' lang='lat' dir='ltr'><strong>lavem</strong></span> <span class='ocrx_word' id='word_1_83' title='bbox 522 2049 651 2121; x_wconf 90' lang='lat' dir='ltr'><strong>laterem,</strong></span> <span class='ocrx_word' id='word_1_84' title='bbox 665 2060 728 2109; x_wconf 89' lang='lat' dir='ltr'><strong>tum</strong></span> <span class='ocrx_word' id='word_1_85' title='bbox 747 2048 815 2126; x_wconf 85' lang='lat' dir='ltr'><strong>quia</strong></span> <span class='ocrx_word' id='word_1_86' title='bbox 833 2066 920 2127; x_wconf 90' lang='lat' dir='ltr'><strong>saepe</strong></span> <span class='ocrx_word' id='word_1_87' title='bbox 939 2049 1060 2126; x_wconf 89' lang='lat' dir='ltr'><strong>gemino</strong></span> <span class='ocrx_word' id='word_1_88' title='bbox 1074 2047 1200 2107; x_wconf 88' lang='lat' dir='ltr'><strong>eandem</strong></span> 
     </span>
     <span class='ocr_line' id='line_1_14' title="bbox 146 2146 1200 2226; baseline -0.002 -18"><span class='ocrx_word' id='word_1_89' title='bbox 146 2147 406 2221; x_wconf 85' lang='lat' dir='ltr'><strong>sententiam,n1m</strong></span> <span class='ocrx_word' id='word_1_90' title='bbox 427 2149 515 2208; x_wconf 90' lang='lat' dir='ltr'><strong>etiam</strong></span> <span class='ocrx_word' id='word_1_91' title='bbox 534 2149 603 2226; x_wconf 90' lang='lat' dir='ltr'><strong>quia</strong></span> <span class='ocrx_word' id='word_1_92' title='bbox 622 2159 771 2209; x_wconf 90' lang='lat' dir='ltr'><strong>crescente</strong></span> <span class='ocrx_word' id='word_1_93' title='bbox 790 2146 910 2208; x_wconf 82' lang='lat' dir='ltr'><strong>fratrum</strong></span> <span class='ocrx_word' id='word_1_94' title='bbox 928 2147 1037 2208; x_wconf 87' lang='lat' dir='ltr'><strong>invidia</strong></span> <span class='ocrx_word' id='word_1_95' title='bbox 1054 2147 1129 2208; x_wconf 90' lang='lat' dir='ltr'><strong>facio</strong></span> <span class='ocrx_word' id='word_1_96' title='bbox 1146 2147 1200 2206; x_wconf 94' lang='lat' dir='ltr'><strong>im-</strong></span> 
     </span>
     <span class='ocr_line' id='line_1_15' title="bbox 145 2243 1200 2325; baseline -0.003 -20"><span class='ocrx_word' id='word_1_97' title='bbox 145 2243 304 2325; x_wconf 90' lang='lat' dir='ltr'><strong>prudenter</strong></span> <span class='ocrx_word' id='word_1_98' title='bbox 331 2247 489 2306; x_wconf 88' lang='lat' dir='ltr'><strong>novissima</strong></span> <span class='ocrx_word' id='word_1_99' title='bbox 515 2263 618 2306; x_wconf 89' lang='lat' dir='ltr'><strong>eorum</strong></span> <span class='ocrx_word' id='word_1_100' title='bbox 650 2247 752 2324; x_wconf 91' lang='lat' dir='ltr'><strong>pejora</strong></span> <span class='ocrx_word' id='word_1_101' title='bbox 779 2247 932 2324; x_wconf 84' lang='lat' dir='ltr'><strong>prioribus</strong></span> <span class='ocrx_word' id='word_1_102' title='bbox 988 2245 1200 2306; x_wconf 86' lang='lat' dir='ltr'><strong>Verumtamen</strong></span> 
     </span>
     <span class='ocr_line' id='line_1_16' title="bbox 145 2342 1199 2422; baseline -0.004 -18"><span class='ocrx_word' id='word_1_103' title='bbox 145 2343 235 2404; x_wconf 86' lang='lat' dir='ltr'><strong>istum</strong></span> <span class='ocrx_word' id='word_1_104' title='bbox 249 2342 339 2403; x_wconf 87' lang='lat' dir='ltr'><strong>finem</strong></span> <span class='ocrx_word' id='word_1_105' title='bbox 352 2343 502 2421; x_wconf 84' lang='lat' dir='ltr'><strong>regulante</strong></span> <span class='ocrx_word' id='word_1_106' title='bbox 515 2344 572 2404; x_wconf 92' lang='lat' dir='ltr'><strong>Dei</strong></span> <span class='ocrx_word' id='word_1_107' title='bbox 586 2345 679 2421; x_wconf 90' lang='lat' dir='ltr'><strong>gratia</strong></span> <span class='ocrx_word' id='word_1_108' title='bbox 693 2361 756 2403; x_wconf 89' lang='lat' dir='ltr'><strong>non</strong></span> <span class='ocrx_word' id='word_1_109' title='bbox 769 2342 898 2406; x_wconf 88' lang='lat' dir='ltr'><strong>intendo.</strong></span> <span class='ocrx_word' id='word_1_110' title='bbox 935 2343 1078 2422; x_wconf 86' lang='lat' dir='ltr'><strong>Suppono</strong></span> <span class='ocrx_word' id='word_1_111' title='bbox 1092 2352 1199 2414; x_wconf 88' lang='lat' dir='ltr'><strong>autem,</strong></span> 
     </span>
     <span class='ocr_line' id='line_1_17' title="bbox 145 2439 1199 2521; baseline -0.002 -21"><span class='ocrx_word' id='word_1_112' title='bbox 145 2439 229 2521; x_wconf 90' lang='lat' dir='ltr'><strong>quod</strong></span> <span class='ocrx_word' id='word_1_113' title='bbox 250 2441 337 2518; x_wconf 85' lang='lat' dir='ltr'><strong>aliqui</strong></span> <span class='ocrx_word' id='word_1_114' title='bbox 359 2441 467 2513; x_wconf 88' lang='lat' dir='ltr'><strong>fratres,</strong></span> <span class='ocrx_word' id='word_1_115' title='bbox 482 2458 558 2519; x_wconf 92' lang='lat' dir='ltr'><strong>quos</strong></span> <span class='ocrx_word' id='word_1_116' title='bbox 571 2441 654 2502; x_wconf 92' lang='lat' dir='ltr'><strong>Deus</strong></span> <span class='ocrx_word' id='word_1_117' title='bbox 674 2440 808 2519; x_wconf 78' lang='lat' dir='ltr'><strong>dignatur</strong></span> <span class='ocrx_word' id='word_1_118' title='bbox 827 2440 958 2513; x_wconf 60' lang='lat' dir='ltr'><strong>doceret</strong></span> <span class='ocrx_word' id='word_1_119' title='bbox 974 2442 1012 2501; x_wconf 85' lang='lat' dir='ltr'><strong>ad</strong></span> <span class='ocrx_word' id='word_1_120' title='bbox 1030 2441 1199 2517; x_wconf 83' lang='lat' dir='ltr'><strong>religionem</strong></span> 
     </span>
     <span class='ocr_line' id='line_1_18' title="bbox 145 2537 1201 2617; baseline -0.001 -19"><span class='ocrx_word' id='word_1_121' title='bbox 145 2537 327 2617; x_wconf 86' lang='lat' dir='ltr'><strong>primaevam</strong></span> <span class='ocrx_word' id='word_1_122' title='bbox 340 2537 446 2600; x_wconf 85' lang='lat' dir='ltr'><strong>Christi</strong></span> <span class='ocrx_word' id='word_1_123' title='bbox 465 2538 596 2600; x_wconf 87' lang='lat' dir='ltr'><strong>devotius</strong></span> <span class='ocrx_word' id='word_1_124' title='bbox 615 2549 827 2611; x_wconf 89' lang='lat' dir='ltr'><strong>convertentur,</strong></span> <span class='ocrx_word' id='word_1_125' title='bbox 841 2549 870 2599; x_wconf 89' lang='lat' dir='ltr'><strong>et</strong></span> <span class='ocrx_word' id='word_1_126' title='bbox 884 2541 982 2600; x_wconf 90' lang='lat' dir='ltr'><strong>relicta</strong></span> <span class='ocrx_word' id='word_1_127' title='bbox 1000 2557 1054 2599; x_wconf 88' lang='lat' dir='ltr'><strong>sua</strong></span> <span class='ocrx_word' id='word_1_128' title='bbox 1071 2538 1201 2616; x_wconf 87' lang='lat' dir='ltr'><strong>perfidia,</strong></span> 
     </span>
     <span class='ocr_line' id='line_1_19' title="bbox 148 2636 1200 2716; baseline 0 -20"><span class='ocrx_word' id='word_1_129' title='bbox 148 2636 209 2696; x_wconf 82' lang='lat' dir='ltr'><strong>sive</strong></span> <span class='ocrx_word' id='word_1_130' title='bbox 233 2637 354 2697; x_wconf 88' lang='lat' dir='ltr'><strong>obtenta</strong></span> <span class='ocrx_word' id='word_1_131' title='bbox 379 2638 438 2697; x_wconf 88' lang='lat' dir='ltr'><strong>sive</strong></span> <span class='ocrx_word' id='word_1_132' title='bbox 459 2639 549 2716; x_wconf 89' lang='lat' dir='ltr'><strong>petita</strong></span> <span class='ocrx_word' id='word_1_133' title='bbox 573 2637 732 2698; x_wconf 85' lang='lat' dir='ltr'><strong>antichristi</strong></span> <span class='ocrx_word' id='word_1_134' title='bbox 756 2637 872 2698; x_wconf 88' lang='lat' dir='ltr'><strong>licentia</strong></span> <span class='ocrx_word' id='word_1_135' title='bbox 896 2638 1032 2698; x_wconf 90' lang='lat' dir='ltr'><strong>redibunt</strong></span> <span class='ocrx_word' id='word_1_136' title='bbox 1052 2638 1140 2697; x_wconf 91' lang='lat' dir='ltr'><strong>libere</strong></span> <span class='ocrx_word' id='word_1_137' title='bbox 1161 2636 1200 2696; x_wconf 88' lang='lat' dir='ltr'><strong>ad</strong></span> 
     </span>
     <span class='ocr_line' id='line_1_20' title="bbox 148 2733 1200 2813; baseline 0.001 -20"><span class='ocrx_word' id='word_1_138' title='bbox 148 2733 322 2812; x_wconf 90' lang='lat' dir='ltr'><strong>religionem</strong></span> <span class='ocrx_word' id='word_1_139' title='bbox 344 2734 451 2796; x_wconf 85' lang='lat' dir='ltr'><strong>Christi</strong></span> <span class='ocrx_word' id='word_1_140' title='bbox 473 2737 661 2813; x_wconf 87' lang='lat' dir='ltr'><strong>primaevam,</strong></span> <span class='ocrx_word' id='word_1_141' title='bbox 686 2744 716 2795; x_wconf 93' lang='lat' dir='ltr'><strong>et</strong></span> <span class='ocrx_word' id='word_1_142' title='bbox 737 2745 806 2796; x_wconf 90' lang='lat' dir='ltr'><strong>tunc</strong></span> <span class='ocrx_word' id='word_1_143' title='bbox 831 2735 1026 2796; x_wconf 89' lang='lat' dir='ltr'><strong>aedificabunt</strong></span> <span class='ocrx_word' id='word_1_144' title='bbox 1047 2735 1200 2796; x_wconf 87' lang='lat' dir='ltr'><strong>ecclesiam</strong></span> 
     </span>
     <span class='ocr_line' id='line_1_21' title="bbox 148 2830 1200 2894; baseline 0 -3"><span class='ocrx_word' id='word_1_145' title='bbox 148 2830 223 2892; x_wconf 85' lang='lat' dir='ltr'><strong>sicut</strong></span> <span class='ocrx_word' id='word_1_146' title='bbox 243 2831 372 2894; x_wconf 85' lang='lat' dir='ltr'><strong>Paulus⁸.</strong></span> <span class='ocrx_word' id='word_1_147' title='bbox 414 2831 607 2893; x_wconf 90' lang='lat' dir='ltr'><strong>Procedendo</strong></span> <span class='ocrx_word' id='word_1_148' title='bbox 627 2844 725 2894; x_wconf 89' lang='lat' dir='ltr'><strong>autem</strong></span> <span class='ocrx_word' id='word_1_149' title='bbox 746 2832 784 2893; x_wconf 91' lang='lat' dir='ltr'><strong>ad</strong></span> <span class='ocrx_word' id='word_1_150' title='bbox 805 2843 958 2894; x_wconf 88' lang='lat' dir='ltr'><strong>tractatum</strong></span> <span class='ocrx_word' id='word_1_151' title='bbox 982 2832 1019 2893; x_wconf 91' lang='lat' dir='ltr'><strong>de</strong></span> <span class='ocrx_word' id='word_1_152' title='bbox 1039 2833 1101 2893; x_wconf 90' lang='lat' dir='ltr'><strong>istis</strong></span> <span class='ocrx_word' id='word_1_153' title='bbox 1122 2832 1200 2894; x_wconf 85' lang='lat' dir='ltr'><strong>falsis</strong></span> 
     </span>
    </p>
   </div>
   <div class='ocr_carea' id='block_1_7' title="bbox 146 2927 1325 3010">
    <p class='ocr_par' dir='ltr' id='par_1_8' title="bbox 146 2927 1325 3010">
     <span class='ocr_line' id='line_1_22' title="bbox 146 2927 1325 3010; baseline 0 -20"><span class='ocrx_word' id='word_1_154' title='bbox 146 2927 236 2991; x_wconf 88' lang='lat' dir='ltr'><strong>literis</strong></span> <span class='ocrx_word' id='word_1_155' title='bbox 254 2930 472 3003; x_wconf 88' lang='lat' dir='ltr'><strong>fraternitatum,</strong></span> <span class='ocrx_word' id='word_1_156' title='bbox 486 2941 602 3010; x_wconf 90' lang='lat' dir='ltr'><strong>oportet</strong></span> <span class='ocrx_word' id='word_1_157' title='bbox 622 2927 811 3010; x_wconf 90' lang='lat' dir='ltr'><strong>supponere⁴,</strong></span> <span class='ocrx_word' id='word_1_158' title='bbox 829 2940 858 2991; x_wconf 92' lang='lat' dir='ltr'><strong>te</strong></span> <span class='ocrx_word' id='word_1_159' title='bbox 877 2949 977 2992; x_wconf 74' lang='lat' dir='ltr'><strong>eanum</strong></span> <span class='ocrx_word' id='word_1_160' title='bbox 996 2933 1100 2992; x_wconf 89' lang='lat' dir='ltr'><strong>seriem</strong></span> <span class='ocrx_word' id='word_1_161' title='bbox 1119 2930 1200 2992; x_wconf 90' lang='lat' dir='ltr'><strong>audi·</strong></span> <span class='ocrx_word' id='word_1_162' title='bbox 1307 2945 1325 2970; x_wconf 72' lang='lat'><strong>¹⁰</strong></span> 
     </span>
    </p>
   </div>
   <div class='ocr_carea' id='block_1_8' title="bbox 146 3023 1203 3693">
    <p class='ocr_par' dir='ltr' id='par_1_9' title="bbox 146 3023 1203 3693">
     <span class='ocr_line' id='line_1_23' title="bbox 147 3023 1200 3106; baseline -0.002 -18"><span class='ocrx_word' id='word_1_163' title='bbox 147 3026 232 3100; x_wconf 83' lang='lat' dir='ltr'><strong>visse,</strong></span> <span class='ocrx_word' id='word_1_164' title='bbox 246 3045 307 3105; x_wconf 93' lang='lat' dir='ltr'><strong>quo</strong></span> <span class='ocrx_word' id='word_1_165' title='bbox 328 3029 490 3106; x_wconf 89' lang='lat' dir='ltr'><strong>supposito,</strong></span> <span class='ocrx_word' id='word_1_166' title='bbox 504 3037 584 3106; x_wconf 91' lang='lat' dir='ltr'><strong>patet</strong></span> <span class='ocrx_word' id='word_1_167' title='bbox 604 3028 717 3106; x_wconf 78' lang='lat' dir='ltr'><strong>primo⁸</strong></span> <span class='ocrx_word' id='word_1_168' title='bbox 735 3045 836 3088; x_wconf 78' lang='lat' dir='ltr'><strong>eanum</strong></span> <span class='ocrx_word' id='word_1_169' title='bbox 853 3028 980 3088; x_wconf 89' lang='lat' dir='ltr'><strong>haeresis</strong></span> <span class='ocrx_word' id='word_1_170' title='bbox 1001 3023 1200 3106; x_wconf 81' lang='lat' dir='ltr'><strong>Symoniaca⁸,</strong></span> 
     </span>
     <span class='ocr_line' id='line_1_24' title="bbox 147 3124 1200 3204; baseline -0.003 -18"><span class='ocrx_word' id='word_1_171' title='bbox 147 3143 218 3186; x_wconf 90' lang='lat' dir='ltr'><strong>cum</strong></span> <span class='ocrx_word' id='word_1_172' title='bbox 235 3144 296 3186; x_wconf 90' lang='lat' dir='ltr'><strong>non</strong></span> <span class='ocrx_word' id='word_1_173' title='bbox 313 3125 383 3187; x_wconf 90' lang='lat' dir='ltr'><strong>dant</strong></span> <span class='ocrx_word' id='word_1_174' title='bbox 397 3126 469 3186; x_wconf 89' lang='lat' dir='ltr'><strong>tales</strong></span> <span class='ocrx_word' id='word_1_175' title='bbox 483 3126 596 3187; x_wconf 86' lang='lat' dir='ltr'><strong>literas⁷</strong></span> <span class='ocrx_word' id='word_1_176' title='bbox 609 3127 665 3186; x_wconf 90' lang='lat' dir='ltr'><strong>nisi</strong></span> <span class='ocrx_word' id='word_1_177' title='bbox 679 3126 735 3186; x_wconf 86' lang='lat' dir='ltr'><strong>sub</strong></span> <span class='ocrx_word' id='word_1_178' title='bbox 753 3144 806 3204; x_wconf 88' lang='lat' dir='ltr'><strong>spe</strong></span> <span class='ocrx_word' id='word_1_179' title='bbox 825 3135 854 3185; x_wconf 90' lang='lat' dir='ltr'><strong>et</strong></span> <span class='ocrx_word' id='word_1_180' title='bbox 872 3126 1032 3186; x_wconf 89' lang='lat' dir='ltr'><strong>intentione</strong></span> <span class='ocrx_word' id='word_1_181' title='bbox 1050 3124 1200 3202; x_wconf 89' lang='lat' dir='ltr'><strong>probabili,</strong></span> 
     </span>
     <span class='ocr_line' id='line_1_25' title="bbox 146 3221 1202 3303; baseline -0.003 -20"><span class='ocrx_word' id='word_1_182' title='bbox 146 3223 230 3303; x_wconf 90' lang='lat' dir='ltr'><strong>quod</strong></span> <span class='ocrx_word' id='word_1_183' title='bbox 244 3242 281 3284; x_wconf 88' lang='lat' dir='ltr'><strong>ex</strong></span> <span class='ocrx_word' id='word_1_184' title='bbox 302 3225 344 3284; x_wconf 87' lang='lat' dir='ltr'><strong>eis</strong></span> <span class='ocrx_word' id='word_1_185' title='bbox 358 3225 470 3284; x_wconf 91' lang='lat' dir='ltr'><strong>lucrum</strong></span> <span class='ocrx_word' id='word_1_186' title='bbox 491 3224 695 3302; x_wconf 86' lang='lat' dir='ltr'><strong>temporalium</strong></span> <span class='ocrx_word' id='word_1_187' title='bbox 715 3234 745 3283; x_wconf 91' lang='lat' dir='ltr'><strong>et</strong></span> <span class='ocrx_word' id='word_1_188' title='bbox 765 3221 1054 3283; x_wconf 85' lang='lat' dir='ltr'><strong>confoederationem</strong></span> <span class='ocrx_word' id='word_1_189' title='bbox 1073 3221 1202 3281; x_wconf 87' lang='lat' dir='ltr'><strong>illicitam</strong></span> 
     </span>
     <span class='ocr_line' id='line_1_26' title="bbox 151 3318 1202 3400; baseline -0.005 -18"><span class='ocrx_word' id='word_1_190' title='bbox 151 3323 358 3399; x_wconf 88' lang='lat' dir='ltr'><strong>reportabunt;</strong></span> <span class='ocrx_word' id='word_1_191' title='bbox 388 3320 540 3400; x_wconf 90' lang='lat' dir='ltr'><strong>quomodo</strong></span> <span class='ocrx_word' id='word_1_192' title='bbox 560 3339 633 3399; x_wconf 89' lang='lat' dir='ltr'><strong>ergo</strong></span> <span class='ocrx_word' id='word_1_193' title='bbox 653 3339 715 3380; x_wconf 90' lang='lat' dir='ltr'><strong>non</strong></span> <span class='ocrx_word' id='word_1_194' title='bbox 735 3330 803 3381; x_wconf 91' lang='lat' dir='ltr'><strong>sunt</strong></span> <span class='ocrx_word' id='word_1_195' title='bbox 827 3319 962 3379; x_wconf 88' lang='lat' dir='ltr'><strong>haeretici</strong></span> <span class='ocrx_word' id='word_1_196' title='bbox 984 3318 1151 3398; x_wconf 79' lang='lat' dir='ltr'><strong>symoniaci</strong></span> <span class='ocrx_word' id='word_1_197' title='bbox 1172 3319 1202 3377; x_wconf 92' lang='lat' dir='ltr'><strong>in</strong></span> 
     </span>
     <span class='ocr_line' id='line_1_27' title="bbox 147 3416 1203 3495; baseline -0.004 -15"><span class='ocrx_word' id='word_1_198' title='bbox 147 3418 277 3480; x_wconf 83' lang='lat' dir='ltr'><strong>affectui</strong></span> <span class='ocrx_word' id='word_1_199' title='bbox 318 3419 406 3481; x_wconf 87' lang='lat' dir='ltr'><strong>Unde</strong></span> <span class='ocrx_word' id='word_1_200' title='bbox 427 3420 458 3479; x_wconf 92' lang='lat' dir='ltr'><strong>in</strong></span> <span class='ocrx_word' id='word_1_201' title='bbox 479 3419 732 3481; x_wconf 89' lang='lat' dir='ltr'><strong>confirmationem</strong></span> <span class='ocrx_word' id='word_1_202' title='bbox 753 3418 843 3491; x_wconf 87' lang='lat' dir='ltr'><strong>istius,</strong></span> <span class='ocrx_word' id='word_1_203' title='bbox 860 3425 967 3495; x_wconf 90' lang='lat' dir='ltr'><strong>negato</strong></span> <span class='ocrx_word' id='word_1_204' title='bbox 986 3416 1040 3476; x_wconf 88' lang='lat' dir='ltr'><strong>illis</strong></span> <span class='ocrx_word' id='word_1_205' title='bbox 1059 3417 1203 3494; x_wconf 78' lang='lat' dir='ltr'><strong>adJ&#39;utorio</strong></span> 
     </span>
     <span class='ocr_line' id='line_1_28' title="bbox 146 3513 1202 3597; baseline -0.003 -20"><span class='ocrx_word' id='word_1_206' title='bbox 146 3535 209 3597; x_wconf 91' lang='lat' dir='ltr'><strong>quo</strong></span> <span class='ocrx_word' id='word_1_207' title='bbox 223 3518 262 3578; x_wconf 89' lang='lat' dir='ltr'><strong>ad</strong></span> <span class='ocrx_word' id='word_1_208' title='bbox 275 3518 445 3597; x_wconf 86' lang='lat' dir='ltr'><strong>temporalia</strong></span> <span class='ocrx_word' id='word_1_209' title='bbox 463 3527 550 3595; x_wconf 89' lang='lat' dir='ltr'><strong>atque</strong></span> <span class='ocrx_word' id='word_1_210' title='bbox 570 3513 794 3588; x_wconf 60' lang='lat' dir='ltr'><strong>defensionem,</strong></span> <span class='ocrx_word' id='word_1_211' title='bbox 809 3515 906 3574; x_wconf 90' lang='lat' dir='ltr'><strong>statim</strong></span> <span class='ocrx_word' id='word_1_212' title='bbox 922 3524 1134 3574; x_wconf 89' lang='lat' dir='ltr'><strong>remurmurant</strong></span> <span class='ocrx_word' id='word_1_213' title='bbox 1148 3532 1202 3575; x_wconf 90' lang='lat' dir='ltr'><strong>nec</strong></span> 
     </span>
     <span class='ocr_line' id='line_1_29' title="bbox 148 3611 1202 3693; baseline -0.002 -19"><span class='ocrx_word' id='word_1_214' title='bbox 148 3615 332 3693; x_wconf 87' lang='lat' dir='ltr'><strong>ingeminant</strong></span> <span class='ocrx_word' id='word_1_215' title='bbox 356 3616 428 3676; x_wconf 89' lang='lat' dir='ltr'><strong>tales</strong></span> <span class='ocrx_word' id='word_1_216' title='bbox 451 3616 548 3675; x_wconf 88' lang='lat' dir='ltr'><strong>literas</strong></span> <span class='ocrx_word' id='word_1_217' title='bbox 572 3614 676 3675; x_wconf 87' lang='lat' dir='ltr'><strong>talibus</strong></span> <span class='ocrx_word' id='word_1_218' title='bbox 698 3612 871 3684; x_wconf 86' lang='lat' dir='ltr'><strong>offerendas,</strong></span> <span class='ocrx_word' id='word_1_219' title='bbox 892 3613 966 3672; x_wconf 91' lang='lat' dir='ltr'><strong>etsi</strong></span> <span class='ocrx_word' id='word_1_220' title='bbox 991 3611 1086 3690; x_wconf 75' lang='lat' dir='ltr'><strong>ipsas&#39;</strong></span> <span class='ocrx_word' id='word_1_221' title='bbox 1106 3613 1202 3691; x_wconf 91' lang='lat' dir='ltr'><strong>perdi·</strong></span> 
     </span>
    </p>
   </div>
   <div class='ocr_carea' id='block_1_9' title="bbox 148 3703 1304 3790">
    <p class='ocr_par' dir='ltr' id='par_1_10' title="bbox 148 3703 1304 3790">
     <span class='ocr_line' id='line_1_30' title="bbox 148 3703 1304 3790; baseline -0.003 -16"><span class='ocrx_word' id='word_1_222' title='bbox 148 3713 259 3774; x_wconf 84' lang='lat' dir='ltr'><strong>derant</strong></span> <span class='ocrx_word' id='word_1_223' title='bbox 312 3712 377 3774; x_wconf 89' lang='lat' dir='ltr'><strong>Nec</strong></span> <span class='ocrx_word' id='word_1_224' title='bbox 407 3714 527 3774; x_wconf 86' lang='lat' dir='ltr'><strong>dubium</strong></span> <span class='ocrx_word' id='word_1_225' title='bbox 556 3714 627 3790; x_wconf 89' lang='lat' dir='ltr'><strong>quin</strong></span> <span class='ocrx_word' id='word_1_226' title='bbox 654 3711 792 3789; x_wconf 91' lang='lat' dir='ltr'><strong>implicite</strong></span> <span class='ocrx_word' id='word_1_227' title='bbox 816 3712 853 3772; x_wconf 88' lang='lat' dir='ltr'><strong>sit</strong></span> <span class='ocrx_word' id='word_1_228' title='bbox 880 3712 910 3771; x_wconf 91' lang='lat' dir='ltr'><strong>in</strong></span> <span class='ocrx_word' id='word_1_229' title='bbox 938 3711 994 3771; x_wconf 87' lang='lat' dir='ltr'><strong>isto</strong></span> <span class='ocrx_word' id='word_1_230' title='bbox 1022 3709 1204 3772; x_wconf 89' lang='lat' dir='ltr'><strong>fraudulenta</strong></span> <span class='ocrx_word' id='word_1_231' title='bbox 1300 3703 1304 3709; x_wconf 85' lang='grc'><strong>’</strong></span> 
     </span>
    </p>
   </div>
   <div class='ocr_carea' id='block_1_10' title="bbox 149 3808 1203 3890">
    <p class='ocr_par' dir='ltr' id='par_1_11' title="bbox 149 3808 1203 3890">
     <span class='ocr_line' id='line_1_31' title="bbox 149 3808 1203 3890; baseline -0.003 -18"><span class='ocrx_word' id='word_1_232' title='bbox 149 3810 262 3890; x_wconf 88' lang='lat' dir='ltr'><strong>emptio</strong></span> <span class='ocrx_word' id='word_1_233' title='bbox 276 3821 364 3889; x_wconf 90' lang='lat' dir='ltr'><strong>atque</strong></span> <span class='ocrx_word' id='word_1_234' title='bbox 378 3811 514 3882; x_wconf 90' lang='lat' dir='ltr'><strong>venditio,</strong></span> <span class='ocrx_word' id='word_1_235' title='bbox 527 3829 581 3871; x_wconf 86' lang='lat' dir='ltr'><strong>nec</strong></span> <span class='ocrx_word' id='word_1_236' title='bbox 596 3808 718 3870; x_wconf 89' lang='lat' dir='ltr'><strong>dubium</strong></span> <span class='ocrx_word' id='word_1_237' title='bbox 732 3810 804 3888; x_wconf 88' lang='lat' dir='ltr'><strong>quin</strong></span> <span class='ocrx_word' id='word_1_238' title='bbox 821 3809 877 3869; x_wconf 90' lang='lat' dir='ltr'><strong>tale</strong></span> <span class='ocrx_word' id='word_1_239' title='bbox 891 3808 1107 3887; x_wconf 81' lang='lat' dir='ltr'><strong>hypocritarum</strong></span> <span class='ocrx_word' id='word_1_240' title='bbox 1121 3827 1203 3869; x_wconf 92' lang='lat' dir='ltr'><strong>com·</strong></span> 
     </span>
    </p>
   </div>
   <div class='ocr_carea' id='block_1_11' title="bbox 149 3978 1204 4308">
    <p class='ocr_par' dir='ltr' id='par_1_12' title="bbox 149 3978 1204 4308">
     <span class='ocr_line' id='line_1_32' title="bbox 182 3978 1204 4076; baseline -0.001 -45"><span class='ocrx_word' id='word_1_241' title='bbox 182 3979 192 4011; x_wconf 93' lang='lat'><strong>¹</strong></span> <span class='ocrx_word' id='word_1_242' title='bbox 207 3979 287 4046; x_wconf 87' lang='lat' dir='ltr'><strong>quod]</strong></span> <span class='ocrx_word' id='word_1_243' title='bbox 299 3988 339 4038; x_wconf 75' lang='lat' dir='ltr'><strong>ut·</strong></span> <span class='ocrx_word' id='word_1_244' title='bbox 347 3980 429 4076; x_wconf 73' lang='lat' dir='ltr'><strong>ll.D.⁸</strong></span> <span class='ocrx_word' id='word_1_245' title='bbox 488 3979 498 4010; x_wconf 83' lang='lat'><strong>¹</strong></span> <span class='ocrx_word' id='word_1_246' title='bbox 512 3980 628 4058; x_wconf 66' lang='lat' dir='ltr'><strong>dignatur</strong></span> <span class='ocrx_word' id='word_1_247' title='bbox 639 3979 741 4046; x_wconf 83' lang='lat' dir='ltr'><strong>docere]</strong></span> <span class='ocrx_word' id='word_1_248' title='bbox 752 3980 842 4032; x_wconf 85' lang='lat' dir='ltr'><strong>docere</strong></span> <span class='ocrx_word' id='word_1_249' title='bbox 853 3979 965 4075; x_wconf 61' lang='lat' dir='ltr'><strong>vpluerit,</strong></span> <span class='ocrx_word' id='word_1_250' title='bbox 977 3979 1070 4031; x_wconf 69' lang='lat' dir='ltr'><strong>Alie.</strong></span> <span class='ocrx_word' id='word_1_251' title='bbox 1083 3978 1204 4030; x_wconf 82' lang='lat' dir='ltr'><strong>secundae</strong></span> 
     </span>
     <span class='ocr_line' id='line_1_33' title="bbox 149 4044 1203 4188; baseline 0.001 -28"><span class='ocrx_word' id='word_1_252' title='bbox 149 4061 260 4188; x_wconf 30' lang='lat' dir='ltr'><strong>&amp;nuriano</strong></span> <span class='ocrx_word' id='word_1_253' title='bbox 290 4111 377 4176; x_wconf 80' lang='lat' dir='ltr'><strong>prima,</strong></span> <span class='ocrx_word' id='word_1_254' title='bbox 394 4113 433 4163; x_wconf 89' lang='lat' dir='ltr'><strong>ed.</strong></span> <span class='ocrx_word' id='word_1_255' title='bbox 445 4044 558 4176; x_wconf 39' lang='lat' dir='ltr'><strong>egum,</strong></span> <span class='ocrx_word' id='word_1_256' title='bbox 570 4061 602 4096; x_wconf 37' lang='lat' dir='ltr'><strong>w·</strong></span> <span class='ocrx_word' id='word_1_257' title='bbox 616 4060 637 4095; x_wconf 29' lang='lat' dir='ltr'><strong>c*</strong></span> <span class='ocrx_word' id='word_1_258' title='bbox 651 4059 825 4187; x_wconf 33' lang='lat' dir='ltr'><strong>&amp;symoniaca</strong></span> <span class='ocrx_word' id='word_1_259' title='bbox 854 4044 1155 4187; x_wconf 42' lang='lat' dir='ltr'><strong>Symffigmfficsig..</strong></span> <span class='ocrx_word' id='word_1_260' title='bbox 1184 4060 1203 4093; x_wconf 41' lang='lat' dir='ltr'><strong>r·</strong></span> 
     </span>
     <span class='ocr_line' id='line_1_34' title="bbox 149 4110 1203 4295; baseline -0.001 -69"><span class='ocrx_word' id='word_1_261' title='bbox 149 4126 260 4227; x_wconf 57' lang='lat' dir='ltr'><strong>&#39;iteras</strong></span> <span class='ocrx_word' id='word_1_262' title='bbox 285 4176 488 4295; x_wconf 50' lang='grc' dir='ltr'><strong>πὲὲιῑὲεοὼρτ.</strong></span> <span class='ocrx_word' id='word_1_263' title='bbox 554 4110 990 4241; x_wconf 59' lang='lat' dir='ltr'><strong>&#39;defensionemhdticfensionem</strong></span> <span class='ocrx_word' id='word_1_264' title='bbox 1002 4176 1032 4228; x_wconf 89' lang='lat' dir='ltr'><strong>C.</strong></span> <span class='ocrx_word' id='word_1_265' title='bbox 1097 4175 1203 4241; x_wconf 78' lang='lat' dir='ltr'><strong>&#39;tpsm]</strong></span> 
     </span>
     <span class='ocr_line' id='line_1_35' title="bbox 150 4257 276 4308; baseline -0.017 -11"><span class='ocrx_word' id='word_1_266' title='bbox 150 4257 276 4308; x_wconf 72' lang='lat' dir='ltr'><strong>personas.</strong></span> 
     </span>
    </p>
   </div>
   <div class='ocr_carea' id='block_1_12' title="bbox 0 0 1443 4836">
    <p class='ocr_par' dir='ltr' id='par_1_13' title="bbox 0 0 1443 4836">
     <span class='ocr_line' id='line_1_36' title="bbox 0 0 1443 4836; baseline 0 0"><span class='ocrx_word' id='word_1_267' title='bbox 0 0 1443 4836; x_wconf 95' lang='lat' dir='ltr'><strong> </strong></span> 
     </span>
    </p>
   </div>
  </div>
 </body>
</html>
