2864 4836
137 452 225 497 cmv.
502 428 846 492 TRIALOGUS.

139 590 246 669 hujus¹
262 592 341 651 dubii
354 592 506 670 requiritur
520 592 602 664 scire,
616 610 709 668 penes
722 591 793 669 quid
808 590 873 667 capi
892 590 997 649 debeat
1008 588 1197 648 individuatio

141 699 342 768 peccatorum.
383 689 422 748 Et
440 690 559 761 videtur,
579 691 660 766 quod
679 700 809 767 peccata,
824 690 898 748 sicut
916 688 1028 747 formae
1048 687 1197 763 positivae,

140 786 315 847 individuari
343 786 469 847 debeant
497 790 535 847 ab
562 788 713 859 efficiente,
741 806 760 847 a
787 797 928 864 tempore,
954 796 985 845 et
1012 804 1031 845 a
1057 785 1198 861 subjecto.

142 883 278 963 Efficr'ens
291 897 335 945 est
348 885 481 945 diabolus
494 886 539 945 vel
554 904 642 947 causa
660 897 758 947 creata
771 885 923 962 objectiva,
938 902 974 943 ex
994 901 1053 960 qua
1072 899 1199 959 peccans

142 984 333 1043 oooesionem
352 984 466 1044 sinistre
485 984 591 1061 accipit
609 984 647 1043 ad
668 984 861 1060 peccandum.
906 981 1023 1058 Tempus
1042 991 1140 1040 autem
1155 991 1199 1039 est

141 1098 283 1141 mensura
301 1090 500 1157 temporanea,
515 1082 545 1140 in
564 1098 623 1158 qua
642 1082 707 1159 quis
721 1081 821 1158 incipit
840 1098 961 1157 peccare
981 1089 1031 1139 aut
1044 1089 1198 1156 peccatum

143 1179 297 1241 continuat
309 1178 376 1256 plus
389 1179 434 1238 vel
447 1180 553 1239 minus.
596 1177 752 1256 Subs'ectum
767 1190 864 1239 autem
878 1180 991 1256 peccati
1006 1189 1049 1237 est
1069 1189 1200 1237 creatura

142 1276 188 1339 ric
198 1294 335 1354 peccans.
372 1276 430 1336 Sed
442 1277 500 1336 alio
510 1276 602 1337 modo
612 1277 801 1337 individuatio
816 1277 928 1353 peccati
942 1277 1054 1355 capitur
1065 1293 1200 1336 commu·

142 1375 212 1435 nius
225 1393 244 1433 a
257 1374 353 1434 forma
362 1393 437 1452 quae
451 1375 547 1447 efficit,
558 1385 616 1434 eta
630 1376 771 1452 subjecto,
782 1375 849 1434 licet
859 1385 975 1451 tempus
990 1377 1026 1433 sit
1040 1375 1126 1433 aliud.
1161 1373 1199 1431 Et

142 1481 216 1533 tuuc
235 1473 347 1544 dicitur,
361 1473 484 1549 quodin
498 1474 648 1549 praescitis
661 1475 761 1533 omnia
775 1483 896 1550 peccata
906 1473 1029 1533 redeunt
1040 1490 1115 1548 quae
1130 1490 1200 1548 pec·
1234 1488 1282 1554 032.
1332 1481 1382 1556 “gu

142 1580 292 1632 caverunt.
328 1570 395 1629 Imo
414 1572 580 1648 quicunque
594 1572 767 1631 reiteraverit
786 1571 864 1630 idem
878 1581 1033 1649 peccatum
1047 1571 1078 1629 in
1093 1570 1199 1646 specie,
1255 1572 1320 1636 Ψ·

142 1668 212 1730 licet
232 1679 387 1745 peccatum
408 1670 512 1728 iterum
533 1671 569 1728 sit
589 1669 716 1729 deletum
735 1669 932 1738 contritione²,
947 1669 1025 1728 idem
1045 1679 1198 1745 peccatum

143 1767 250 1828 dicinrr
263 1767 356 1827 redire
370 1777 399 1826 et
418 1767 510 1828 homo
529 1769 560 1826 in
578 1768 675 1845 ipsum
693 1768 820 1826 incidere
834 1767 878 1826 vel
893 1767 1056 1838 recidivare,
1070 1767 1117 1825 ut³
1130 1783 1199 1842 pec-

143 1877 244 1928 catum
258 1866 294 1925 sit
307 1865 386 1926 idem
400 1865 558 1926 formaliter
571 1866 602 1925 in
616 1866 765 1942 subjecto;
787 1875 816 1925 et
831 1865 872 1925 sic
889 1865 1025 1942 punietur
1038 1863 1199 1924 recidivans

143 1982 202 2043 pro
215 1974 338 2042 peccato
350 1965 514 2041 praeterito,
530 1981 597 2023 cum
611 1964 708 2040 ipsum
726 1962 776 2022 dat
790 1964 986 2034 occasionem,
1001 1973 1033 2021 ut
1053 1964 1082 2021 in
1097 1980 1200 2039 pecca·

143 2075 209 2124 tum
231 2064 376 2139 posterius
399 2063 550 2121 incidatur.
601 2060 682 2121 Nota
705 2072 805 2121 tamen
833 2061 913 2137 quod
941 2061 1053 2120 habitur
1080 2061 1200 2119 vitiosus

143 2162 260 2240 peccati
283 2160 467 2236 distinguitur
490 2161 530 2219 ab
553 2172 628 2230 actu,
649 2177 717 2219 cum
741 2169 890 2218 remaneat
913 2171 981 2219 actu
1004 2158 1201 2235 temporaliter

143 2270 286 2338 pereunte
294 2278 303 2332 3
325 2267 355 2318 et
370 2258 500 2318 defectus
514 2257 697 2334 distinguitur
711 2260 748 2317 ab
762 2258 871 2329 habitu,
886 2275 954 2318 cum
973 2275 1034 2316 non
1049 2257 1201 2318 assistente

142 2357 196 2418 tali
222 2357 323 2416 habitu
349 2358 462 2426 vitioso,
491 2368 639 2415 remaneat
667 2355 796 2415 defectus
822 2357 955 2432 justitiae.
1010 2357 1083 2416 Ideo
1112 2373 1200 2431 saepe

144 2455 251 2515 'dicitur
271 2463 391 2531 peccata
412 2454 514 2524 redire,
536 2472 603 2513 curn
625 2472 776 2531 nunquam
801 2454 967 2514 defecerant
988 2455 1041 2513 sed
1062 2456 1200 2513 continue

144 2553 328 2624 assistebant,
342 2563 375 2611 ut
395 2563 475 2630 patet
495 2552 525 2610 in
546 2553 680 2628 personis
700 2570 762 2610 non
784 2554 914 2612 contritis
933 2552 987 2611 sed
1007 2554 1038 2610 in
1052 2552 1199 2610 voluntate

145 2651 290 2730 peccandi
310 2651 556 2727 permanentibus.
598 2648 687 2709 Unde
709 2650 794 2709 dolor
807 2651 994 2727 imperfectus
1014 2650 1141 2709 bominis
1163 2651 1200 2708 de

145 2760 271 2828 peccato
286 2759 406 2808 vocatur
420 2750 536 2819 attritio,
551 2757 579 2807 et
595 2748 679 2807 dolor
693 2747 837 2824 perfectus
856 2750 960 2807 dicitur
973 2749 1111 2819 contritam
1125 2765 1200 2824 quae

147 2848 253 2908 dicitur
270 2846 366 2906 solum
385 2857 455 2906 tunc
474 2847 569 2905 inesse
584 2847 704 2922 quando
719 2857 830 2905 tantum
850 2847 978 2923 disponit
998 2847 1148 2905 hominem
1163 2845 1201 2904 ad

146 2948 261 3006 bonum
279 2944 397 3015 virtutis,
417 2954 558 3020 quantum
577 2954 731 3020 peccatum
753 2946 833 3020 prius
852 2945 1026 3021 indisposuit
1040 2945 1079 3004 ad
1092 2944 1201 3003 malum

146 3045 214 3116 vitii,
230 3043 312 3121 quod
325 3042 400 3101 sicut
414 3043 503 3101 solius
517 3041 573 3101 Dei
588 3052 632 3102 est
651 3043 822 3112 concedere,
838 3044 879 3101 sic
898 3044 987 3102 solius
1001 3042 1058 3102 Dei
1078 3055 1121 3102 est
1135 3061 1200 3119 per·

147 3142 223 3201 tecte
243 3158 431 3218 cognoscere.
473 3139 576 3198 Petrus
594 3151 692 3200 autem
710 3158 747 3198 ex
767 3142 925 3218 negatione
940 3141 1047 3201 Christi
1062 3141 1115 3201 suit
1129 3159 1201 3200 con-

146 3240 263 3299 tritione
278 3238 453 3314 disposition,
464 3237 599 3296 humilior
613 3248 699 3314 atque
715 3238 833 3297 solidior
844 3239 881 3298 ad
896 3240 1058 3298 cavendum
1072 3249 1201 3314 peccata,

146 3355 239 3415 quam
252 3336 353 3396 fuisset
366 3338 469 3396 ceteris
487 3336 613 3412 paribus,
628 3337 652 3394 si
671 3354 734 3395 non
752 3337 782 3393 in
802 3337 880 3395 illam
900 3337 1113 3412 blasphemiam
1130 3337 1199 3395 inci·

147 3436 247 3496 disset.
288 3435 363 3494 Ideo
384 3434 453 3494 dicit
471 3433 657 3510 Augustanus,
677 3434 759 3508 quod
779 3434 876 3492 multis
897 3433 1064 3492 hominibus
1082 3434 1202 3510 prodest

148 3551 203 3612 per
224 3533 369 3603 accidens,
384 3533 415 3589 in
435 3530 526 3589 multa
546 3539 667 3607 peccata
687 3531 819 3588 enormia
841 3530 987 3589 incidisse.
1029 3531 1067 3611 lit
1091 3531 1202 3591 videtur

149 3631 232 3709 quod
245 3631 414 3708 praescitus,
429 3629 496 3688 licet
515 3629 645 3687 videatur
664 3627 814 3698 contritus,
830 3629 927 3687 delicit
940 3630 1055 3687 tamen⁴
1069 3647 1202 3688 commu-

149 3731 225 3790 niter
238 3748 257 3788 a
270 3729 445 3788 contritione
465 3736 493 3786 et
512 3745 565 3803 per
583 3743 769 3802 consequens
787 3743 805 3784 a
824 3727 935 3802 peccati
955 3728 1106 3786 commissi
1125 3727 1202 3786 dele·

149 3828 239 3899 tione,
254 3827 319 3886 licet
333 3825 516 3903 propositum
530 3834 559 3882 et
574 3835 656 3882 actus
670 3826 782 3901 peccati
802 3824 845 3884 sui
866 3826 904 3884 ad
923 3834 1039 3901 tempus
1059 3825 1203 3910 deficiant.

150 3925 292 3986 Defectus
305 3926 393 3995 enim,
405 3942 466 4001 quo
480 3923 638 3999 praescitus
649 3923 678 3979 in
694 3924 913 3999 comparatione
928 3923 966 3981 ad
980 3924 1144 3994 contritum,
1160 3923 1205 3981 ins

185 4082 193 4111 ¹
211 4079 294 4144 hujus]
306 4078 379 4134 illius.
392 4079 486 4130 A.B.C.
498 4079 536 4130 ed.
549 4094 585 4143 pr.
652 4077 661 4105 ²
677 4077 836 4142 contritione]
849 4079 1046 4142 compunctione.
1059 4079 1091 4126 A.
1104 4078 1204 4143 primae.

151 4145 314 4277 Pfficgrngae
325 4159 419 4196 manus.
583 4144 592 4172 ³
609 4142 649 4208 ut]
661 4158 726 4198 cum.
738 4143 826 4253 edpr.
975 4143 983 4172 ¹
1001 4143 1095 4208 tamen]
1107 4159 1156 4194 om.
1171 4144 1203 4194 D.
