2864 4836
52 479 154 522 aas„
417 442 761 519 rnrrrooos

54 633 118 679 nec
131 622 246 695 oportet
258 620 365 679 morari
378 619 456 679 circa
469 617 582 695 glossas
597 619 760 688 doctorum,
774 619 824 694 qui
836 616 968 675 videntur
982 630 1110 673 asserere

56 713 94 774 in
118 716 239 775 materia
261 717 315 776 ista
338 717 516 794 oppositum,
541 716 610 792 quia
632 716 677 775 vel
700 714 857 792 loquuntur
881 713 1039 790 reputative
1061 719 1112 770 aut

57 811 218 889 opinative,
242 814 287 872 vel
315 823 382 873 sunt
408 814 448 872 illi
475 814 581 890 quibus
604 831 666 874 non
693 824 810 890 oportet
838 812 966 881 credere,
990 810 1045 868 nisi
1075 808 1112 867 de

57 919 174 987 quanto
193 928 225 969 se
248 912 430 972 fundaverint
451 911 482 970 in
503 912 652 988 scriptura,
674 913 743 989 quia
764 922 876 971 certum
898 909 1010 968 videtur
1030 905 1111 984 quod

57 1007 171 1067 maine
183 1008 319 1069 sundare¹
333 1027 396 1068 non
409 1010 544 1087 poterint,
558 1009 638 1087 quod
657 1027 763 1069 omnes
781 1009 853 1068 tales
871 1007 1001 1068 damnati
1016 1004 1111 1065 omni-

60 1104 154 1166 mode
168 1117 286 1167 careant
299 1125 397 1184 poena
410 1125 523 1167 sensus.

104 1202 144 1263 Et
156 1222 194 1264 ex
207 1205 269 1265 istis
282 1205 394 1264 videtur
407 1204 504 1264 inferri
517 1204 652 1263 conclusio
665 1205 755 1275 tertia,
769 1204 878 1264 scilicet
891 1202 972 1280 quod
991 1219 1112 1261 necesse

58 1312 108 1361 est
121 1314 243 1378 peccata
256 1303 407 1380 originalia
420 1302 574 1362 hominum
587 1321 652 1362 esse
666 1303 836 1378 inaequalia,
851 1302 924 1360 sicut
938 1299 1114 1359 decedentes

60 1400 94 1459 in
105 1401 293 1477 originalibus
304 1412 371 1460 sunt
384 1411 503 1478 propter
513 1401 561 1459 illa
570 1399 759 1477 inaequaliter
774 1398 999 1458 condemnandi.
1035 1397 1113 1455 Nam

56 1499 146 1576 juxta
166 1498 244 1558 dicta
265 1517 370 1558 omnes
391 1499 579 1558 condemnati
601 1516 654 1574 pro
677 1498 865 1574 originalibus
886 1507 952 1555 sunt
973 1495 1113 1554 condem·

62 1595 157 1655 nandi
170 1606 230 1656 tam
247 1614 344 1673 poena
363 1596 463 1655 damni
482 1595 586 1673 quam²
599 1614 697 1672 poena
715 1613 835 1668 sensus;
861 1594 914 1654 sed
933 1592 1113 1670 impossibile

19 1770 28 1779 ·
62 1703 111 1753 est
129 1693 210 1771 quod
230 1693 405 1753 damnentur
422 1694 547 1753 omnino
567 1693 724 1769 aequaliter
742 1692 796 1751 illis
815 1693 928 1769 poenis,
943 1709 1015 1767 ergo
1029 1689 1114 1750 relin-

61 1793 170 1871 quitur,
192 1792 273 1871 quod
296 1803 418 1870 peccata
441 1792 548 1870 quibus
571 1791 632 1851 illas
653 1809 765 1868 poenas
786 1790 1013 1859 demeruerant³‚
1035 1791 1114 1847 inae-

62 1890 163 1969 qualia
183 1900 250 1950 sunt
271 1891 402 1951 dicenda
445 1889 524 1949 Nam
543 1890 618 1948 sicut
634 1908 711 1949 unus
734 1889 889 1948 damnatus
908 1906 961 1965 pro
981 1887 1113 1963 originali

63 1990 155 2051 babet
181 1989 331 2066 ingenium
358 1989 483 2048 vivacius
507 1983 543 2048 et'
560 1988 635 2047 soret
658 1987 866 2048 beatificandus
887 1985 1050 2064 perfectius,
1072 1985 1114 2045 sic
1148 2049 1160 2072 n
1185 2005 1227 2072 “ii
1260 2008 1290 2030 m·

63 2087 155 2148 habet
168 2105 206 2147 ex
219 2085 276 2146 Dei
287 2085 397 2164 justitia
410 2086 505 2162 majus
519 2084 668 2145 damnum.
710 2083 770 2144 Sed
783 2085 814 2143 in
829 2084 919 2143 domo
931 2082 987 2143 Dei
1001 2093 1115 2160 oportet

65 2203 133 2247 esse
147 2183 281 2244 homines
294 2183 325 2242 in
338 2182 431 2260 gradu
445 2184 574 2260 dispares
593 2201 653 2260 quo
667 2182 706 2242 ad
724 2183 810 2254 istud,
825 2201 893 2241 curn
913 2183 986 2242 sicut
999 2191 1116 2259 oportet

64 2282 203 2344 homines
223 2282 254 2340 in
275 2280 368 2357 figura
390 2280 475 2340 faciei
499 2290 547 2339 aut
567 2280 629 2339 aliis
650 2298 713 2340 esse
737 2281 767 2338 in
789 2291 868 2356 parte
892 2279 1054 2352 dissimiles,
1076 2282 1117 2341 sic

65 2390 184 2458 oportet
204 2397 269 2439 esse
289 2380 320 2438 in
340 2379 478 2455 potentiis
500 2378 623 2448 animae,
637 2395 727 2453 quam
748 2387 864 2453 oportet
884 2378 991 2437 habere
1012 2379 1117 2455 aptitu-

66 2479 168 2539 dinem
182 2477 213 2537 in
233 2485 315 2553 parte
335 2476 483 2553 disparem
506 2475 544 2535 ad
565 2492 650 2534 suum
671 2476 836 2552 subjectum
857 2476 1007 2553 dispariter
1028 2476 1117 2536 insor-

66 2575 219 2636 manuum.
259 2573 299 2633 Et
312 2573 398 2633 haec⁴
413 2574 494 2644 ratio,
509 2591 599 2650 quare
615 2571 793 2650 Augustinus
807 2574 838 2632 in
852 2591 905 2632 suo
919 2573 1118 2633 Eucheridion

67 2692 158 2751 saepe
177 2671 301 2733 inculcat
320 2672 405 2730 istam
424 2672 606 2741 sententiam,
620 2681 649 2731 et
667 2690 755 2748 quare
776 2671 906 2732 damnati
924 2673 1119 2749 propeccatis

67 2770 257 2849 originalibus
281 2768 396 2829 dolent⁸
419 2779 479 2828 tarn
504 2769 655 2846 dispariter
679 2788 732 2847 pro
760 2769 903 2846 peccatis;
936 2788 1013 2829 unus
1039 2771 1118 2829 enirn

68 2869 157 2929 habet
177 2867 382 2928 discretionem
401 2867 516 2926 animae
534 2867 599 2944 plus
618 2868 754 2939 vivacem,
769 2878 798 2926 et
812 2867 886 2928 soret
899 2868 929 2927 in
943 2869 1119 2928 beatitudine

68 2979 132 3027 tam
145 2967 277 3044 corporis
295 2984 386 3042 quarn
404 2966 519 3024 animae
534 2965 599 3041 plus
617 2966 734 3039 beatus;
763 2984 853 3042 quare
873 2984 945 3042 ergo
964 2985 1026 3024 non
1045 2966 1119 3026 foret

68 3075 189 3144 propter
208 3081 336 3142 poenam
357 3063 422 3140 plus
442 3080 562 3139 gravem
585 3073 645 3121 tam
666 3063 696 3120 in
717 3081 840 3140 corpore
861 3081 950 3138 quam
971 3064 1001 3122 in
1022 3065 1120 3122 anima

68 3164 185 3243 gravius
202 3161 433 3222 condemnatus?
469 3159 534 3219 Nec
552 3171 668 3237 oportet
686 3161 834 3219 immorari
854 3163 931 3220 circa
948 3162 1119 3238 opinionem

68 3262 219 3321 Amhelmi
234 3259 265 3318 in
283 3260 337 3319 ista
355 3258 482 3329 materia,
498 3255 594 3334 quod⁶
607 3277 669 3317 non
687 3257 793 3316 habere
809 3257 853 3317 vel
872 3276 968 3317 carere
987 3257 1119 3334 originali

66 3359 178 3438 justitia
196 3366 319 3417 nonest
338 3355 570 3432 exprimendum,
589 3355 742 3433 quomodo
760 3356 825 3432 quis
845 3356 938 3431 magis
960 3356 1120 3416 autminus

69 3456 216 3532 suscipiat,
238 3472 306 3514 cum
329 3453 394 3530 plus
417 3452 582 3511 habituatus
603 3454 633 3511 in
657 3453 835 3511 naturalibus
855 3451 942 3510 habet
963 3453 1120 3512 carentiam

70 3552 260 3630 ampliorem
282 3550 370 3610 sicut'
387 3551 498 3627 primus
518 3549 638 3626 angelus
656 3548 773 3608 Lucifer
791 3568 828 3608 en
847 3550 968 3608 naturali
983 3551 1121 3626 potentia,

70 3668 162 3730 quam
184 3648 268 3708 Deus
295 3648 333 3707 illi
361 3648 488 3718 dederat,
512 3646 577 3723 plus
598 3647 722 3723 punitur.
764 3647 837 3710 Ideo
858 3647 969 3710 videtur
991 3649 1121 3710 securius

70 3765 163 3827 penes
176 3745 331 3805 naturalem
347 3745 496 3822 polentiam
516 3744 580 3804 talis
600 3744 729 3805 damnati
750 3763 916 3808 mensurare
934 3747 1122 3822 gravedinem

16 3922 21 3928 ·
69 3864 186 3926 poenae
214 3863 293 3918 suae,
321 3861 410 3921 quam
437 3861 529 3921 penes
556 3843 764 3904 beatitudinem
787 3843 831 3901 vel
855 3845 1018 3904 commodum
1042 3846 1122 3920 quod

71 4101 81 4130 ¹
105 4036 114 4067 ¹
131 4033 246 4099 fundare]
256 4033 361 4090 fundari,
373 4033 402 4084 B.
413 4032 452 4082 ed.
464 4049 501 4097 pr.
625 4032 635 4062 ²
650 4032 737 4098 quarn]
749 4048 823 4098 quam
835 4033 918 4127 ‘lim'
930 4033 1023 4083 A.B.C.
1035 4034 1074 4083 ed.
1086 4050 1122 4149 R.

71 4098 674 4242 alfifmfflffldflssliffizirlsssssl·
795 4097 1123 4232 amissas:

70 4231 80 4260 ⁷
98 4229 173 4295 sicut]
187 4229 230 4280 sod
241 4237 311 4288 sicut,
322 4229 361 4280 ed.
373 4245 410 4295 pr.

571 4329 624 4373 U2
