2864 4836
136 453 225 500 cn..
263 410 748 496 SUPPLEMENTU'M
778 439 1073 501 rnrntoor.
1275 458 1338 525 417

139 595 310 655 scribebant
323 607 353 656 et
367 599 527 674 arguebant
540 599 622 657 multi
637 603 775 658 meritorie
789 602 825 660 de
840 603 910 677 ipsis
924 606 1104 679 praepositis,
1120 622 1191 681 ergo

139 692 306 753 debuerunt
320 697 361 754 sic
375 695 487 755 secisse.
531 696 664 773 Sequitur
678 699 772 756 enim:
795 701 858 758 ‘isti
872 701 991 776 praelati
1007 703 1047 761 sic
1062 703 1193 763 vixerunt

140 799 232 868 atque
246 791 414 864 finierunt¹,'
426 812 498 870 ergo
513 805 578 853 sunt
593 795 722 854 damnati
733 808 762 855 et
773 815 924 873 nunquam
936 799 1050 859 suerunt
1062 803 1194 860 membra

140 899 262 949 sauctae
276 894 375 950 matris
390 892 547 963 ecclesiae;
577 904 605 952 et
625 895 802 954 antecedens
823 908 866 955 est
886 898 1037 971 probabile
1056 898 1093 957 ad
1115 901 1192 976 capi·

139 988 253 1047 endum
274 992 312 1048 ab
333 992 509 1066 experientia
529 1002 558 1050 et
580 992 645 1062 fide,
667 1011 738 1068 ergo
762 1011 947 1071 consequens
969 1007 1013 1054 est
1034 998 1193 1072 probabile.

140 1084 210 1147 Imo
231 1107 269 1146 ex
290 1090 351 1149 istis
368 1089 481 1148 videtur
502 1091 582 1165 quod
605 1091 745 1149 debemus
766 1110 932 1167 supponere
954 1095 1025 1153 tales
1046 1113 1107 1153 non
1129 1115 1193 1155 esse

139 1188 275 1246 membra
288 1199 405 1246 sanctae
420 1189 520 1246 matris
534 1189 681 1257 ecclesiae,
694 1191 761 1265 quia
773 1190 859 1248 nihil¹
870 1191 1010 1250 debemus
1025 1211 1193 1269 supponere

139 1283 199 1343 nisi
212 1284 250 1343 ad
263 1285 359 1361 quod³
373 1286 474 1344 militat
488 1287 646 1362 probabilis
660 1288 812 1358 evidentia,
826 1300 854 1346 et
869 1307 957 1348 omne
973 1291 1029 1348 tale
1051 1290 1193 1351 debemus

137 1392 295 1458 suppum.
346 1384 404 1443 Sed
433 1402 538 1442 omnes
564 1385 636 1442 tales
664 1403 701 1442 ex
728 1387 871 1461 probabili
899 1387 1043 1446 evidentia
1069 1400 1098 1447 et
1126 1389 1193 1448 sorti

139 1483 360 1542 continuatione
388 1484 513 1560 perversi
542 1484 639 1559 operis
667 1483 807 1543 debemus
836 1502 1001 1560 supponere
1025 1487 1066 1545 sic
1092 1487 1191 1558 finire;

139 1597 216 1657 crgo
230 1580 389 1640 conclusio

182 1677 222 1737 Et
244 1697 281 1738 ex
306 1681 368 1738 istis
392 1680 579 1756 probabiliter
603 1679 722 1738 infertur
742 1682 829 1750 tertio,
851 1681 932 1756 quod
956 1682 1064 1740 subditi
1085 1683 1190 1741 talibus

138 1776 277 1854 praelatis
296 1795 357 1836 non
372 1778 480 1837 debent
494 1776 615 1836 reddere
629 1778 692 1846 illis,
712 1778 874 1837 secundum
889 1780 1031 1838 rationem
1046 1799 1103 1855 qua
1125 1792 1192 1839 suut

139 1873 310 1951 hujusmodi
324 1876 451 1953 praelati,
466 1875 595 1935 decimas
609 1875 738 1934 redditus
752 1876 797 1933 vel
812 1875 948 1936 honores.
991 1878 1073 1938 Patet
1088 1879 1124 1937 de
1139 1879 1193 1939 illis

139 1973 193 2050 qui
213 1970 336 2045 dicunt⁴,
356 1973 438 2050 quod
460 1992 522 2031 non
543 1975 599 2032 sint
620 1975 754 2031 membra
775 1984 892 2032 sanctae
913 1977 1013 2033 matris
1034 1976 1191 2050 ecclesiae;

138 2070 197 2130 illi⁵
211 2089 273 2130 non
287 2071 395 2131 debent
409 2072 516 2148 aliquid
532 2073 600 2131 dare
615 2072 668 2129 illis
682 2082 784 2130 contra
799 2073 1008 2131 conscientiam
1028 2074 1190 2133 secundum

137 2166 283 2224 rationem
297 2184 385 2242 quam
400 2167 553 2225 aestimant
567 2184 631 2224 esse
645 2165 764 2236 falsam3
794 2165 845 2223 sed
864 2175 895 2223 ut
914 2176 1091 2243 supponunt,
1107 2170 1192 2227 aesti-

138 2274 224 2323 mant
243 2281 363 2322 omnem
384 2265 527 2323 rationem
547 2265 671 2322 membri
692 2274 809 2321 sanctae
830 2265 930 2323 matris
950 2266 1089 2324 ecclesiae
1111 2266 1192 2343 ipsos

138 2360 212 2421 false
239 2373 269 2422 et
296 2364 511 2439 praesumptive
538 2364 679 2439 accipere,
708 2379 779 2436 ergo
805 2379 865 2420 non
894 2361 1002 2421 debent
1030 2364 1191 2422 secundum

131 2460 219 2520 ¹illam
233 2462 376 2520 rationem
390 2461 498 2538 aliquid
512 2462 554 2520 eis
574 2461 650 2519 dare.
694 2459 778 2517 Multi
797 2460 877 2518 enim
896 2462 1105 2519 necessitantur
1120 2480 1192 2520 con-

140 2558 254 2630 cedere,
269 2559 349 2636 quod
363 2560 435 2618 tales
450 2561 507 2618 sint
521 2560 640 2635 praelati
654 2558 794 2617 ecclesiae
807 2557 853 2614 vel
869 2576 985 2634 negare.
1029 2558 1190 2631 Evidentia,

139 2675 217 2734 qnae
230 2668 361 2733 poneret,
376 2657 458 2734 quod
472 2660 529 2716 sint
543 2657 675 2715 membra
694 2665 810 2714 sanctae
832 2658 932 2714 matris
953 2656 1101 2725 ecclesiae,
1116 2656 1190 2715 loret

140 2766 327 2833 praesumpta
349 2756 471 2815 exactio.
519 2754 576 2812 Sed
599 2755 760 2815 evidentiae
784 2767 936 2815 moventes
960 2754 998 2813 ad
1021 2756 1189 2832 oppositum

140 2862 210 2912 sunt
231 2871 364 2930 perversa
385 2870 484 2928 opera,
505 2870 580 2929 quae
602 2866 750 2913 moverent
772 2848 880 2924 fortius,
903 2872 971 2912 cum
996 2855 1075 2912 bona
1100 2872 1190 2930 opera

138 2949 212 3030 Jesu
226 2949 332 3010 Christi
348 2952 455 3010 debent
472 2968 590 3009 movere
604 2949 746 3027 Judaeos⁶
766 2953 926 3011 evidentius
941 2953 979 3011 ad
1000 2952 1188 3020 credendum,

140 3067 232 3126 quam
247 3049 299 3108 luit
312 3050 468 3109 auctoritas
483 3049 524 3107 sic
539 3049 646 3124 ignota.

582 3381 676 3441 CAP.
698 3381 755 3440 III.

191 3536 281 3614 Leges
294 3538 326 3596 de
340 3539 448 3596 decimis
462 3539 606 3615 exigendis
620 3539 693 3596 latas
706 3538 764 3614 legi
776 3537 891 3597 Christi
901 3538 1060 3595 contrarios
1074 3557 1135 3595 esse.

183 3694 242 3754 Sed
257 3695 352 3754 adhuc
366 3715 420 3772 pro
436 3694 630 3754 declaratione
645 3696 725 3753 istius
741 3695 900 3753 sententiae
920 3694 1008 3753 dubia
1021 3705 1049 3753 et
1064 3697 1190 3753 rationes

139 3794 253 3872 aliquae
273 3805 339 3853 sunt
355 3794 523 3852 movendae.
568 3793 647 3851 Nam
663 3795 741 3870 leges
756 3794 921 3871 praedictae
937 3793 1007 3851 nec⁷
1021 3805 1088 3852 sunt
1107 3812 1190 3850 man-

138 3894 210 3952 data
223 3894 355 3970 decalogi
370 3912 425 3952 nec
439 3893 535 3969 aliqua
549 3893 687 3969 particula
706 3892 830 3969 symboli
851 3892 1012 3958 christiani:
1038 3891 1190 3968 quomodo

1224 3857 1261 3923 pen
1311 3818 1374 3906 aem}

1231 3893 1273 3922 atae
1281 3895 1317 3919 non
1325 3892 1336 3915 ⁰

1225 3934 1270 3980 gant
1279 3926 1340 3961 cbris-

1225 3977 1263 4006 nan

174 4072 182 4101 ¹
200 4071 326 4137 finierunt]
339 4073 480 4129 servierunt,
492 4073 522 4122 C.
632 4070 641 4098 ²
658 4071 731 4135 nibil]
743 4072 788 4125 vel.
802 4072 831 4121 C.
936 4071 946 4099 ³
963 4070 1042 4134 quod]
1055 4072 1121 4134 quid.
1133 4073 1189 4121 b.C.

139 4139 148 4166 ⁴
165 4137 262 4201 dicunt]
275 4138 373 4192 debent.
384 4139 464 4187 a.b.C.
596 4135 606 4164 ⁵
622 4137 670 4201 illi]
683 4137 718 4184 illi
731 4137 803 4191 enim,
815 4137 894 4186 a.b.C.
1042 4137 1052 4165 ⁸
1069 4137 1189 4202 Judaeos]

139 4202 172 4253 cl.
186 4203 231 4251 Ev.
243 4202 300 4267 J0l1.
312 4203 359 4253 xiv.
373 4217 400 4251 11
412 4221 417 4259 ;
436 4203 575 4258 modernos,
588 4202 617 4251 C.
716 4201 725 4229 ⁷
741 4202 799 4265 nee]
812 4211 846 4257 ut,
859 4203 888 4251 C.

181 4304 360 4346 TRlALOGUS.
638 4304 657 4344 Ε
671 4306 686 4344 e
