2864 4836
147 465 247 502 carm.
515 444 858 509 TRIALOGUS.

148 619 265 679 sponso
279 605 420 664 ecclesiae
435 607 602 682 copulatum
611 627 619 678 ;
645 617 674 666 et
688 608 752 666 talis
770 618 813 667 est
829 609 931 684 triplex
950 609 1081 679 ecclesia,
1097 609 1205 669 scilicet
1295 610 1298 613 ’

147 699 287 771 militans,
311 702 460 761 dormiens
481 715 509 761 et
533 704 723 780 triumphans.
766 705 904 763 lldz'lr'tans
928 716 972 764 est
993 724 1100 782 corpus
1122 725 1205 783 prae·

149 796 372 869 destinatorum,
394 799 466 858 dum
486 800 533 859 hic
554 802 611 859 viat
632 801 670 860 ad
690 802 829 877 patriam
861 802 984 861 ecclesia
1004 803 1140 859 dormiens
1161 813 1205 861 est

147 894 358 970 praedestinati
372 897 403 954 in
418 900 587 974 purgatorio
601 900 759 974 patientes;
788 910 817 957 et
836 899 956 957 ecclesia
969 899 1147 973 trtvmphans
1161 912 1205 958 est

148 991 228 1049 beati
242 992 272 1049 in
286 993 379 1068 patria
399 995 590 1069 quiescentes.
633 994 701 1053 Una
720 1008 817 1054 autem
838 1013 947 1071 magna
966 996 1088 1054 ecclesia
1103 997 1152 1055 fiet
1166 998 1203 1056 de

146 1089 287 1147 omnibus
308 1089 361 1148 illis
375 1091 406 1148 in
428 1090 474 1149 die
493 1091 603 1167 judicii.
645 1091 709 1151 Nec
730 1103 774 1151 est
794 1094 1003 1151 inconveniens
1024 1093 1076 1151 sed
1097 1112 1203 1152 conso·

147 1203 230 1255 num,
253 1188 333 1262 quod
354 1189 431 1246 beati
453 1189 549 1264 angeli
574 1191 632 1247 sint
654 1208 721 1264 pars
743 1190 890 1249 ecclesiae.
932 1190 978 1248 Ex
1001 1192 1063 1248 istis
1084 1192 1203 1262 videtur,

145 1283 232 1360 quod
254 1301 316 1341 non
343 1286 438 1343 solum
462 1288 652 1362 quantitatem
674 1287 813 1346 ecclesiae
841 1288 893 1346 sed
917 1288 980 1363 ejus
1008 1287 1199 1362 quidditatem

145 1382 343 1440 communiter
364 1384 549 1459 ignoramus;
578 1394 606 1442 et
620 1384 677 1442 hoc
698 1384 818 1461 prodest
839 1386 986 1453 nobisne
1006 1383 1052 1442 hic
1068 1385 1151 1442 stulte
1166 1386 1202 1443 de

145 1478 286 1554 qualitate
306 1498 498 1555 personarum
519 1482 672 1543 nobiscum
693 1483 876 1540 militantium
897 1492 1006 1541 temere
1028 1481 1199 1557 judicemus

147 1574 231 1634 Sicut
255 1594 326 1652 ergo
348 1596 436 1636 nemo
458 1589 591 1637 nostrum
606 1581 658 1638 scit
672 1580 772 1650 modo,
784 1591 880 1637 utrum
901 1580 972 1638 alius
987 1581 1022 1636 sit
1043 1578 1201 1654 praedesti·

146 1682 235 1730 natus
263 1674 340 1732 filius
364 1676 504 1735 ecclesiae
533 1677 577 1734 vel
605 1679 773 1752 praescitus,
799 1679 840 1735 sic
868 1694 929 1735 non
959 1676 1045 1734 debet
1071 1676 1201 1751 judicare

145 1769 290 1846 aliquem¹
307 1790 372 1830 esse
392 1776 557 1832 membrum
576 1775 724 1840 ecclesiae,
739 1775 783 1833 vel
803 1776 899 1850 ipsum
919 1774 1058 1832 damnare
1079 1791 1199 1832 excom-

145 1869 307 1939 municare,
323 1872 491 1930 canonisare
506 1872 550 1930 vel
570 1872 652 1930 aliter
671 1872 858 1941 declamare¹,
875 1873 929 1930 nisi
949 1872 1022 1930 sorte
1043 1871 1100 1930 hoc
1115 1871 1199 1930 luerit

143 1965 202 2024 sibi
223 1967 386 2026 revelatum.
431 1968 576 2045 Reputare
602 1979 700 2028 tamen
722 1970 862 2028 debemus
884 1981 960 2028 recte
981 1970 1136 2027 nobiscum
1158 1971 1198 2025 vi-

143 2074 247 2123 ventes
267 2083 331 2123 esse
345 2066 420 2125 filios
434 2076 552 2125 sanctae
573 2067 672 2126 matris
693 2067 841 2138 ecclesiae,
856 2078 885 2126 et
907 2068 1048 2126 contrarie
1070 2068 1198 2126 viventes

144 2179 212 2220 esse
233 2161 308 2220 filios
329 2181 497 2240 synagogae
519 2164 666 2223 Satanae³.
709 2164 747 2223 Et
769 2184 836 2224 cum
857 2183 945 2223 nemo
967 2165 1073 2223 faceret
1094 2175 1196 2222 contra

144 2261 373 2319 conscientiam¹
404 2262 493 2320 fili0s⁶
521 2263 628 2321 diaboli
661 2264 824 2334 nutriend0,
852 2264 963 2322 videtur
995 2263 1076 2338 quod
1108 2280 1196 2320 nemo

143 2357 281 2416 tribueret
305 2361 475 2436 temporalia
499 2361 633 2436 praelatis
660 2361 705 2419 vel
730 2361 792 2420 aliis
816 2362 1054 2420 conversantibus
1082 2361 1197 2419 malitiis

143 2454 341 2514 criminalibus
356 2460 468 2515 notorie
482 2459 618 2516 irretitis¹.
660 2458 698 2515 Et
712 2457 784 2516 haec
798 2459 898 2533 regula
917 2460 1099 2534 extingueret
1114 2477 1197 2533 prae·

143 2552 251 2623 latias⁷,
266 2555 307 2611 sic
328 2555 409 2630 quod
429 2556 596 2613 sacerdotes
617 2555 783 2631 simpliciter
802 2555 935 2614 studeant
956 2555 1107 2630 quomodo
1128 2572 1195 2630 pro·

142 2649 262 2708 dessent
276 2663 393 2710 sanctae
408 2654 492 2710 matri
506 2652 652 2722 ecclesiae,
668 2655 742 2711 sicut
757 2652 886 2711 lecerunt
905 2653 1028 2728 apostoli
1050 2652 1195 2729 tempore¹

143 2748 284 2806 ecclesiae
298 2750 458 2825 primitivae
468 2770 476 2821 ;
499 2751 629 2808 secundo
641 2762 786 2809 excuteret
797 2751 877 2826 leges
888 2751 1049 2820 hominum,
1062 2762 1090 2809 et
1102 2753 1195 2827 speci·

141 2846 226 2903 aliter
250 2864 386 2906 censuras
408 2844 584 2906 Caesareas⁹
605 2849 667 2924 jam
692 2859 854 2924 regnantes.
901 2847 980 2906 Nam
1004 2859 1035 2906 ut
1055 2859 1134 2924 patet
1158 2867 1194 2907 cx

143 2946 229 3003 dictis
255 2946 292 3003 de
321 2945 480 3020 quidditate
509 2946 656 3017 ecclesiae,
680 2947 792 3022 judices
820 2957 916 3005 errant
943 2948 1137 3005 communiter
1164 2946 1194 3003 in

145 3039 229 3096 sactis
243 3040 313 3108 istis,
329 3056 363 3096 ac
378 3039 401 3097 si
416 3039 453 3097 de
467 3040 687 3115 praedestinatis
707 3059 741 3098 ac
756 3040 879 3099 diabolis
897 3041 1059 3115 judicarent
1068 3060 1075 3109 ;
1105 3050 1133 3097 et
1153 3041 1194 3096 sic

138 3137 225 3194 tertio
240 3145 328 3194 staret
348 3135 395 3193 lex
415 3138 572 3212 scripturae
587 3155 639 3212 per
658 3157 689 3196 se
709 3138 854 3196 sufficiens
868 3148 897 3195 et
911 3137 985 3195 foret
1000 3137 1094 3194 debite
1109 3135 1194 3193 ador-

142 3234 248 3303 nata¹⁰,
263 3245 291 3291 et
306 3233 387 3309 leges
401 3232 540 3309 profanae
556 3244 718 3304 extraneae,
733 3253 807 3310 quae
823 3243 888 3293 sunt
903 3235 940 3293 ad
950 3252 1026 3291 onus
1040 3245 1069 3290 et
1083 3244 1193 3309 pertur-

141 3332 291 3390 bationem
316 3331 465 3400 ecclesiae,
491 3331 584 3390 forent
611 3334 726 3407 penitus
750 3333 915 3408 extirpatae.
962 3330 990 3389 Ο
1016 3331 1065 3388 si¹¹
1091 3331 1121 3387 in
1147 3331 1192 3388 via

140 3427 303 3487 videbimus
325 3428 404 3485 illum
425 3428 549 3499 finem¹¹,
565 3431 633 3505 quia
654 3440 749 3488 certus
769 3447 843 3499 sum,
864 3428 944 3504 quod
964 3429 995 3485 in
1015 3427 1072 3486 alio
1093 3427 1192 3485 seculo

142 3526 223 3584 illum
250 3527 360 3583 exitum
390 3542 613 3601 cognoscemus.
666 3527 886 3584 Matrimonium
915 3535 1011 3583 autem
1039 3524 1191 3583 hominum

141 3625 251 3683 scimus
265 3643 284 3682 a
296 3624 484 3682 matrimonio
499 3623 606 3702 Christi
619 3634 648 3682 et
662 3624 802 3683 ecclesiae
816 3622 1077 3699 exemplandum¹³.

173 3751 318 3817 aliquem]
330 3751 438 3815 ahquod
450 3753 489 3801 ed.
502 3769 537 3816 pr.
620 3752 796 3817 ¹¹declamare]
808 3753 978 3809 declarareB
990 3767 1084 3816 nmae
1095 3769 1190 3802 manus

139 3818 179 3868 ed.
192 3834 229 3892 pr
338 3816 348 3845 ⁸
365 3833 506 3882 synagogae
516 3818 634 3883 Satanae]
647 3819 677 3867 cf
691 3819 822 3882 Apocal'
807 3835 831 3867 n
844 3835 867 3883 9.
975 3818 984 3845 ¹
1001 3817 1188 3881 conscientiam]

139 3882 316 3933 conscientiam
328 3897 406 3936 suam,
419 3883 478 3931 B..C
490 3883 529 3931 ed
541 3899 578 3957 pr.
676 3883 686 3912 ¹
703 3883 778 3947 tilios]
791 3883 854 3948 plus,
866 3884 904 3941 ed,
917 3899 952 3947 pr.
1066 3882 1189 3931 ‘notorie

137 3946 250 4010 irretitis]
263 3946 302 3996 vel
314 3947 421 4010 peccatis
433 3947 599 4010 spiritualibus
615 3949 712 3997 notorie
727 3950 833 4004 irretitis,
845 3949 883 3998 ed.
895 3965 945 4012 pr.;
969 3948 1059 4011 partim
1071 3948 1102 3996 ad
1114 3949 1187 3996 verba

137 4013 271 4062 codicisC.
283 4019 401 4061 correcta.
465 4012 633 4077 ¹praelatias]
645 4013 776 4125 praelatias
784 4015 925 4067 Caesareas
938 4014 971 4061 D
1038 4013 1175 4076 ¹tempore

138 4093 189 4127 om.
203 4076 265 4124 Α..Β
421 4076 591 4141 ¹Caesareus]
580 4076 787 4141 ]eccesiasticas,
798 4079 877 4127 ed.r
1020 4078 1038 4106 ¹¹
1054 4077 1174 4126 edomata

137 4142 249 4196 adoratul
263 4141 295 4189 D.
406 4142 423 4171 ¹¹
440 4141 464 4190 Ο
477 4142 546 4206 silsi¹
559 4142 652 4192 Amne
755 4094 988 4207 ¹¹si-ddem10m
1001 4142 1038 4199 B..
1050 4144 1082 4191 Α.
1095 4142 1187 4207 primae

137 4221 233 4256 manus.
333 4207 349 4236 ¹³
366 4197 567 4271 exemplandum]
579 4207 763 4264 extrahendum
775 4208 836 4258 A..B
1191 4236 1193 4240 -
