2864 4836
135 308 396 319 m*
402 308 542 319 mun-..-
551 308 597 317 .--.-
605 309 740 317 ----—---

185 417 227 502 5⁶
589 414 847 495 JoANNJs
874 413 1084 478 Wrctra
1291 436 1365 472 ιω.

317 578 417 637 lumini
432 579 519 638 debili
534 580 656 638 naturali
670 581 746 638 inest
765 577 1030 657 quidam“dcsectus,
1045 594 1133 652 quem
1146 573 1230 633 Deus
1240 573 1365 651 gratiose

317 687 408 746 sanat,
430 676 545 736 donans
567 678 716 749 notitiam;
744 688 772 736 et
794 678 835 735 sic
857 677 937 753 quod
958 694 1034 734 unus
1055 674 1208 751 cognoscit
1228 673 1261 730 in
1283 671 1365 747 spiri·

317 773 398 832 tuali¹
422 775 529 833 lumine
549 775 668 850 gratiae,
687 776 761 834 alius
780 776 933 851 cognoscit
946 775 977 832 in
996 773 1105 832 lumine
1126 770 1270 842 naturali;
1299 769 1366 828 ideo

318 872 420 930 diversi
441 883 509 931 sunt
531 874 639 948 gradus
660 875 689 931 in
715 875 833 933 diversis
857 872 1034 942 hominibus,
1058 873 1088 929 in
1112 871 1218 947 quibus
1244 869 1367 928 dissimi-

128 986 254 1021 truunuet
318 970 395 1028 literl
422 971 530 1030 articuli
560 972 626 1031 lidei
651 983 877 1048 cognoscuntur.
929 971 1027 1029 Deum
1054 986 1125 1045 ergo
1152 986 1219 1027 esse
1249 967 1365 1034 trinum,

127 1028 215 1070 tiramni

127 1068 273 1152 fflpsspm
318 1069 488 1144 potuerunt⁸
510 1070 675 1146 philosophi
696 1081 727 1128 ut
747 1069 833 1128 Plato
853 1087 920 1128 cum
940 1069 1042 1128 ceteris
1060 1084 1241 1144 cognoscere
1259 1065 1366 1124 lumine

127 1150 255 1227 ilililil¹'''
319 1167 447 1237 naturali,
469 1179 658 1227 veruntamen
677 1167 795 1238 adhoc,
815 1168 895 1244 quod
914 1168 993 1226 idem
1011 1167 1157 1226 meritorie
1176 1173 1367 1241 cognoscant,

319 1267 468 1342 requiritur
483 1266 581 1326 lumen
600 1267 666 1326 fidei
685 1267 829 1325 formante
847 1268 948 1343 gratia.
967 1319 976 1331 ,
993 1264 1093 1338 Quare
1110 1281 1178 1322 curn
1196 1263 1235 1321 sit
1250 1261 1367 1320 deduci-

319 1364 398 1433 bile⁴,
420 1365 501 1441 quod
516 1365 596 1423 Deus
611 1366 646 1424 sit
666 1378 748 1425 actus
768 1384 865 1442 purus,
886 1365 1075 1423 infinitissime
1090 1361 1290 1430 intellectivus,
1305 1377 1366 1417 cer·

320 1472 379 1519 tum
398 1473 451 1529 est,
467 1463 547 1538 quod
568 1462 654 1521 habet
677 1466 837 1540 potentiam
852 1464 890 1522 ad
904 1482 936 1522 se
949 1474 978 1521 et
992 1463 1031 1521 ad
1044 1462 1099 1520 alia
1112 1458 1365 1535 cognoscendum,

319 1570 346 1616 et
362 1559 409 1618 illa
423 1562 553 1636 potentia
568 1561 669 1620 dicitur
684 1562 762 1620 Deus
776 1570 865 1637 pater.
908 1561 945 1619 Et
960 1570 1102 1637 quantum
1116 1568 1213 1635 potest
1226 1575 1260 1615 se
1273 1558 1368 1632 ipsum

319 1673 506 1731 cognoscere,
522 1659 649 1718 tarttuntl
671 1661 835 1719 necessario
854 1660 1013 1735 cognoscit,
1029 1669 1058 1716 et
1076 1657 1123 1715 illa
1144 1655 1248 1714 notitia
1268 1654 1368 1713 dicitur

323 1753 496 1832 lkerfiltits.
540 1756 577 1816 Et
592 1758 666 1816 sicut
681 1775 740 1814 uon
756 1769 853 1833 potest
867 1776 939 1826 esse,
955 1756 1035 1833 quod
1050 1756 1091 1813 sic
1106 1763 1206 1831 posset
1220 1771 1253 1811 se
1273 1754 1366 1828 ipsum

319 1856 522 1928 coguoseercl,
538 1856 591 1913 nisi
612 1867 772 1930 eognoscat
793 1856 940 1914 actualiter
961 1865 1101 1930 quantum
1123 1861 1228 1928 potest,
1245 1852 1287 1909 sic
1305 1866 1365 1906 non

320 1962 496 2028 potestesse,
506 1954 587 2029 quod
599 1954 639 2011 sie
650 1954 796 2012 actualiter
805 1971 837 2012 se
848 1964 1018 2029 cognoscat,
1028 1951 1083 2010 nisi
1092 1953 1122 2009 in
1132 1968 1163 2009 se
1172 1951 1238 2026 ipso
1248 1947 1369 2006 finaliter

320 2050 470 2124 quietetur,
487 2062 515 2109 et
530 2051 576 2109 illa
591 2052 730 2127 quietatio
744 2061 788 2109 est
801 2054 920 2126 spt'rt'tus
933 2059 1054 2108 sanctus.
1096 2048 1135 2106 Et
1150 2047 1213 2106 illae
1228 2057 1288 2104 tres
1305 2062 1370 2121 per·

320 2165 411 2205 sonae
433 2149 563 2207 absolute
584 2152 749 2209 necessario
771 2160 838 2207 sunt
859 2160 1039 2217 coaeternae,
1061 2145 1244 2222 coaequales,
1267 2154 1297 2202 et
1321 2161 1368 2202 or·

321 2244 432 2304 ‹linate⁷
449 2248 492 2317 (ut
514 2245 629 2324 dicitur)
652 2248 861 2323 procedentes;
891 2257 973 2323 pater
994 2247 1073 2303 enim
1094 2255 1137 2303 est
1158 2246 1237 2319 prior
1258 2242 1370 2317 origine
1417 2271 1421 2279 ·

320 2360 408 2418 quarn
422 2342 502 2413 silius,
518 2354 546 2401 et
559 2355 678 2420 pateret
692 2345 765 2403 lilius
776 2355 843 2403 sunt
853 2346 932 2420 prius
947 2346 1046 2420 spiritu
1058 2353 1159 2402 sancto
1170 2342 1292 2416 origine,
1304 2341 1372 2416 quia

320 2459 357 2497 ex
385 2440 442 2499 hoc
472 2442 553 2517 quod
582 2442 662 2500 Deus
690 2453 771 2519 pater
798 2443 908 2518 potest⁸
937 2460 968 2501 se
992 2444 1088 2518 ipsum
1113 2456 1304 2515 cognoscere,
1329 2439 1370 2497 sic

321 2541 481 2615 cognoscit,
497 2551 524 2597 et
540 2559 576 2597 ex
592 2541 649 2599 hoc
664 2541 745 2616 quod
761 2551 856 2616 potest
871 2558 1050 2615 cognoscere
1070 2558 1100 2597 se
1122 2540 1225 2612 ipsum,
1241 2537 1286 2594 et’
1300 2553 1371 2612 cog·

321 2639 413 2696 noscit
428 2649 456 2697 et
470 2650 547 2696 amat
563 2658 592 2695 se
607 2641 711 2714 ipsum.
756 2639 792 2696 Et
806 2639 950 2714 quaelibet
969 2640 1087 2696 istarum
1106 2637 1191 2693 trium
1212 2653 1310 2694 rerum
1329 2644 1372 2691 est

320 2736 508 2794 essentialiter
523 2737 600 2794 idem
616 2736 704 2802 Deus,
720 2755 787 2795 curn
805 2737 931 2794 essentia
950 2736 1044 2793 divina
1060 2736 1096 2792 sit
1110 2733 1255 2808 quaelibet
1270 2732 1371 2790 harum

321 2832 414 2888 trium.
458 2831 600 2891 Rationes
625 2835 712 2890 etiam
740 2844 768 2890 et
797 2833 995 2908 proprietates,
1022 2831 1182 2890 secundum
1210 2847 1285 2905 quas
1314 2829 1372 2888 dis·

321 2930 497 3001 tinguuntur,
513 2941 579 2987 sunt
594 2947 707 2998 causae,
722 2947 811 3005 quare
832 2931 910 2988 nulla
930 2931 1032 2988 harum
1052 2929 1137 2986 trium
1156 2945 1253 2985 rerum
1273 2927 1373 3003 recipit

321 3026 564 3099 praedicationem
590 3030 737 3103 propriam
760 3029 875 3086 alterius
892 3029 1059 3096 earundem,
1080 3025 1213 3102 quamvis
1237 3035 1323 3102 pater
1345 3037 1373 3082 et

321 3123 395 3181 filius
418 3125 473 3181 sint
498 3126 574 3182 idem
604 3127 799 3183 neutraliter¹⁰.
853 3126 890 3183 Et
918 3128 1038 3184 nomina
1067 3144 1101 3183 ac
1130 3125 1259 3199 logicam
1292 3124 1373 3183 istius

321 3222 456 3278 materiae
471 3234 584 3297 oportet
600 3223 714 3281 fidelem
729 3225 880 3298 diligenter
896 3242 1083 3299 cognoscere,
1098 3235 1129 3281 ut
1146 3223 1283 3287 essentia,
1303 3225 1372 3282 sub-

321 3321 433 3390 stantia,
448 3321 491 3378 vel
507 3331 608 3378 natura
623 3322 726 3383 divina,
738 3335 782 3379 est
796 3323 940 3397 quaelibet
955 3322 1056 3379 harum
1072 3322 1157 3378 trium
1171 3338 1374 3395 personarum,

320 3428 348 3474 et
369 3437 419 3493 per
440 3437 624 3494 consequens
644 3419 706 3495 ipsu
727 3422 853 3490 triuitas;
885 3421 936 3477 sed
956 3421 1027 3479 sicut
1048 3419 1125 3477 nulla
1145 3419 1267 3476 istarum
1288 3420 1374 3478 trium

322 3533 511 3588 personarum
525 3528 570 3574 est
585 3518 701 3592 reliqua,
713 3519 753 3575 sie
766 3520 828 3593 ipsa
839 3520 948 3576 trinitas
964 3536 1024 3575 non
1039 3529 1082 3576 est
1097 3517 1193 3592 aliqua
1203 3517 1375 3575 earundem.

322 3612 360 3668 Et
373 3616 504 3686 quamvis
519 3625 599 3689 pater
613 3627 642 3671 et
656 3616 730 3673 filius
751 3617 807 3673 sint
826 3615 902 3673 idem
919 3616 1082 3673 neutraliter
1100 3613 1298 3688 intelligend0,
1315 3632 1376 3673 non

303 3756 306 3893 1
322 3717 418 3766 tamen
439 3711 625 3786 intelligendo
641 3713 854 3786 personaliter¹¹
874 3714 1049 3783 masculine;
1080 3725 1119 3782 ut,
1135 3722 1217 3787 pater
1231 3725 1277 3770 est
1297 3711 1375 3771 idern

354 3877 364 3910 ¹
381 3881 512 3944 spirituali]
525 3897 574 3929 orn.
587 3882 623 3929 ed.
638 3898 673 3945 pr.
773 3883 781 3909 ²
798 3884 958 3948 dissimiliter]
972 3883 1107 3938 dissimiles,
1122 3882 1179 3932 B.C.
1192 3883 1229 3931 ed.
1243 3898 1296 3946 pr.;
1313 3882 1373 3932 diffi-

322 3944 388 3995 ciles.
402 3945 434 3992 D.
544 3948 553 3974 ³
571 3948 714 4010 potuerunt]
728 3959 869 4011 posuerunt.
883 3951 940 3998 ΒΕ.
953 3949 991 3998 ed.
1005 3966 1039 4012 pr.
1149 3948 1158 3975 ⁴
1175 3948 1329 4012 deducibile]
1341 3949 1376 3996 iu-

322 4010 435 4065 docibile,
448 4010 480 4058 D.
565 4014 695 4076 ⁵tanturn]
709 4015 990 4077 tantumseipsum,ed.
1004 4031 1039 4077 pr.
1123 4014 1313 4077 ‘cognoscere]
1327 4030 1376 4061 om.

304 4070 360 4121 led.
391 4092 408 4122 r.
474 4076 623 4141 ⁷ordinate]
636 4079 771 4129 ordinatae.
783 4079 821 4127 ed.
833 4095 869 4142 pr.
931 4080 1050 4142 *potestl
1064 4089 1145 4142 potest
1158 4079 1201 4131 sic,
1216 4079 1276 4128 ΒΕ.
1288 4080 1328 4128 ed.
1341 4096 1376 4143 pr.

303 4122 372 4188 i’et
397 4156 446 4189 om.
458 4142 496 4190 ed.
508 4158 543 4206 pr.
638 4144 655 4171 ¹¹¹
672 4144 968 4207 quamvis-neutraliter]
982 4161 1030 4191 om.
1044 4146 1072 4192 C.
1084 4145 1121 4193 ed.
1134 4160 1170 4207 pr.
1239 4146 1256 4172 ¹¹
1275 4160 1376 4209 person-

116 4226 120 4265 ,
304 4216 307 4281 ἶ
322 4203 403 4268 aliter]
417 4206 549 4269 pluraliter,
563 4209 592 4256 Α.
605 4210 725 4257 secundae
736 4225 831 4259 manus.
845 4211 901 4258 itt.
915 4211 951 4258 etl.
966 4226 1001 4272 pr.
