2864 4836
57 426 156 470 ωιιι
423 404 767 470 TRIALOGUS.

10 502 15 547 ι

10 558 15 629 ἵ
55 565 215 627 ιοιιιοιιιιιι
240 585 308 626 cum
328 577 395 628 actu
419 568 543 640 animae,
564 568 618 628 etsi
642 568 673 627 in
696 567 831 628 verbera¹
852 585 914 628 non
935 569 1112 648 prorumpit;

55 663 155 724 multo
180 667 275 742 magis
301 667 352 742 qui
380 684 417 726 ex
441 667 484 725 ira
509 667 603 743 gignit
631 665 732 726 odium
760 684 958 745 perseverans,
983 679 1012 729 et
1037 669 1115 746 jacet

55 770 92 822 ut
113 759 200 838 lupus
222 762 364 840 rapidus¹,
390 764 543 842 quomodo
568 765 718 840 inopinate
740 766 859 825 nocebit
878 766 1025 843 proximo,
1050 777 1114 827 tan·

55 874 152 937 quam
171 861 307 940 antiquus
326 861 414 922 iratus
432 861 565 922 diabolus
582 861 629 922 in⁸
645 862 756 923 insidiis
770 863 808 923 de
825 864 938 925 innata⁴
956 864 1065 925 malitia
1083 883 1114 924 se
1174 923 1177 929 ,

55 955 223 1019 occultans.

100 1053 141 1115 Et
154 1064 242 1133 patet,
256 1058 337 1135 quod
350 1058 451 1118 vitium
465 1058 523 1118 irae
537 1068 633 1135 potest
648 1056 734 1118 dividi
749 1058 779 1116 in
794 1076 862 1119 suas
875 1061 988 1137 species
1010 1079 1115 1120 secun·

55 1152 134 1215 dum
153 1171 256 1239 causas
275 1157 381 1234 quibus
400 1157 465 1233 quis
484 1156 715 1216 irrationabiliter
733 1157 864 1217 irascitur
882 1157 961 1217 fratri
981 1177 1054 1231 suo;
1083 1169 1115 1219 ut

56 1268 139 1312 uuus
151 1240 282 1313 irascitur
294 1264 414 1331 propter
427 1254 627 1315 detentionem
641 1255 811 1314 rationalem
830 1265 1019 1328 terrenorum,
1034 1256 1115 1334 quod

56 1359 108 1411 est
119 1349 322 1424 irrationabile,
336 1370 405 1411 cum
424 1352 554 1412 medium
572 1353 650 1412 aliud
669 1353 761 1412 subsit
780 1372 832 1429 per
846 1353 927 1431 quod
945 1354 1116 1431 temporalia

56 1456 132 1509 stant
154 1447 251 1509 debite
274 1449 460 1526 acquirenda
511 1447 564 1509 Ille
587 1451 674 1511 etiam
699 1451 750 1527 qui
774 1460 893 1528 propter
915 1452 1048 1529 rapinam
1071 1453 1115 1512 vel

56 1544 262 1607 detentionem
275 1547 435 1608 indebitam
449 1547 652 1624 temporalium
664 1550 794 1608 irascitur
803 1548 882 1609 fratri
896 1567 960 1623 suo,
971 1561 1015 1610 est
1029 1552 1116 1610 ratio·

57 1643 194 1705 nabiliter
214 1643 385 1723 culpandus,
407 1663 475 1705 cum
496 1645 552 1706 alia
571 1646 748 1706 rationabilis
768 1648 814 1705 via
835 1648 944 1721 subsit,
973 1658 1003 1708 et
1023 1649 1115 1707 multo

56 1741 157 1819 magis
170 1751 215 1803 est
233 1743 279 1804 ille
298 1744 455 1804 iracundus
478 1744 649 1822 culpandus,
665 1744 714 1820 qui
733 1752 852 1821 propter
871 1745 984 1804 bonum
1006 1747 1114 1822 gratiae

56 1841 105 1903 vel
119 1853 241 1903 naturae
259 1842 398 1914 irascitur,
412 1844 482 1920 quia
495 1843 560 1902 talis
574 1843 704 1902 irascitur
718 1852 747 1901 et
764 1841 872 1901 invidet
886 1841 953 1901 Deo
973 1860 1036 1903 suo.
1077 1841 1115 1902 Et

56 1955 98 2001 ex
123 1940 193 2001 vitio
214 1941 272 2000 irae
297 1940 470 2001 fructificant
490 1940 607 2011 bellum,
629 1939 739 2011 odium,
760 1939 959 2012 homicidium,
981 1941 1115 2018 rapinae⁶

56 2048 89 2100 et
109 2047 223 2099 ceterae
243 2039 364 2116 injuriae
385 2039 524 2110 infinitae,
538 2038 607 2114 quia
628 2038 712 2097 cum⁰
733 2037 885 2098 fortificata
905 2038 1006 2098 luerit⁷
1025 2049 1117 2098 mater

56 2137 206 2214 superbia,
217 2146 247 2197 et
260 2153 386 2196 accensa
399 2135 507 2196 invidia
521 2147 607 2213 atque
621 2136 672 2206 ira,
684 2136 809 2195 abutitur
819 2136 926 2196 viribus
940 2136 1117 2197 naturalibus

57 2232 199 2306 bominis,
213 2252 369 2313 quousque
390 2235 440 2294 liat
460 2244 562 2293 natura
582 2233 694 2304 debilis,
709 2234 782 2293 etin
803 2235 914 2294 ratione
936 2236 1051 2296 animae
1065 2253 1117 2294 ex·

58 2330 204 2393 oseeaw.
246 2330 373 2393 Possunt
387 2342 485 2392 autem
499 2332 627 2391 rationes
641 2331 814 2408 multiplices
829 2332 886 2392 hoc
900 2334 1001 2393 vitium
1020 2334 1116 2394 disua-
1150 2354 1200 2404 oua
1180 2355 1305 2391 aarum

58 2428 155 2501 dete',
175 2429 337 2508 specialiter
357 2447 425 2489 cum
446 2447 552 2488 omues
572 2428 712 2487 debemus
734 2447 798 2488 esse
819 2429 947 2490 fratres
940 2450 970 2490 m
984 2431 1162 2492 Domino
1150 2397 1264 2472 'mli‘

57 2539 90 2589 et
109 2528 142 2588 in
155 2528 202 2587 via
222 2528 262 2587 ad
282 2529 406 2606 patriam
426 2527 567 2604 prolicere
587 2527 702 2587 nobis
694 2528 773 2603 ipsis,
789 2528 841 2587 sed
861 2515 1011 2588 iracundia
1031 2530 1117 2590 nobis

57 2644 123 2704 quo
136 2625 175 2686 ad
194 2627 493 2686 communicationem
507 2625 592 2685 istam
607 2623 762 2683 fraternam
777 2625 872 2702 magis
886 2627 978 2698 obest,
993 2645 1061 2687 cum
1074 2629 1117 2687 ira

58 2725 205 2802 exdnguit
217 2725 399 2827 caritatem,
392 2721 540 2782 dissuadet
553 2724 696 2781 rationem
711 2734 740 2782 et
758 2725 881 2785 omuino
900 2725 1042 2802 impedit
1034 2727 1117 2786 ttine-

58 2823 206 2884 rationem
221 2821 260 2881 ad
274 2790 415 2900 patriam;
443 2832 472 2880 et
486 2820 554 2880 hinc
568 2819 677 2881 Genes
692 2820 748 2879 xlv.
764 2820 833 2882 dicit
850 2821 962 2901 Joseph
982 2824 1117 2884 fratribus

58 2917 140 2976 mis:
171 2920 227 2975 ‘ne
254 2915 477 2976 irascamini¹⁰
469 2933 500 2973 ιιι
528 2914 591 2973 via!
633 2912 698 2973 Et¹¹
725 2914 837 2993 Joseph
865 2929 973 2991 noster,
999 2920 1049 2996 qui
1074 2930 1118 2979 est

59 3012 226 3085 Christus,
218 3032 249 3072 ιιι
268 3013 420 3091 evangelio
440 3012 602 3089 prohibet
595 3023 680 3072 istam
695 3014 774 3072 iram.
817 3013 894 3074 Cum
911 3034 982 3093 ergo
997 3017 1061 3076 talis
1075 3019 1117 3076 ira

58 3111 223 3189 indisponit
237 3113 376 3182 animum,
391 3111 513 3188 impedit
527 3128 603 3187 opus
617 3111 781 3187 proficuum
796 3122 824 3171 et
842 3115 965 3172 omnino
987 3113 1116 3175 habilitat

59 3208 191 3270 divinum
211 3209 353 3286 judicium
378 3208 416 3268 ad
437 3207 648 3279 damnandum,
670 3220 699 3268 et
723 3228 776 3286 per
800 3228 986 3288 consequens
1011 3212 1116 3288 spoliat

58 3305 189 3366 divinum
214 3306 410 3366 habitaculum
435 3316 463 3366 et
488 3317 640 3383 praeparat
661 3307 699 3365 ad
723 3307 932 3385 hospitandum
954 3311 1116 3367 maximum

58 3405 219 3477 inimicum,
234 3415 322 3483 patet,
344 3405 426 3481 quod
446 3405 520 3464 ratio
542 3406 736 3475 convinceret,
758 3405 839 3481 quod
860 3424 878 3465 a
898 3405 947 3464 tali
967 3406 1117 3467 iracundia

59 3505 96 3566 sit
124 3505 311 3565 cessandum.
365 3503 439 3565 Sunt
463 3515 561 3565 autem
585 3506 712 3564 rationes
736 3505 808 3564 aliae
836 3516 866 3565 et
892 3507 1028 3583 exempla
1055 3517 1115 3566 tam

59 3603 204 3663 naturalia
223 3621 314 3681 quam
335 3604 423 3663 etiarn
444 3622 481 3662 ex
502 3603 651 3678 scriptura,
666 3621 702 3660 ex
724 3602 829 3679 quibus
850 3603 998 3663 fortificari
1019 3617 1116 3682 potest

60 3699 118 3760 ista
132 3701 284 3760 sententia
326 3700 408 3774 Quid
428 3702 508 3760 enim
530 3702 595 3778 plus
617 3693 771 3761 conturbat
789 3702 927 3779 juvamen
947 3715 1065 3764 naturae
1086 3716 1115 3765 et

100 3931 111 3962 ¹
127 3930 241 3997 verbera]
252 3932 335 3989 verba,
344 3931 383 3982 ed.
393 3946 433 3997 pr.
530 3931 541 3960 ¹
557 3931 668 3998 rapidus]
680 3933 788 3990 rabidus,
801 3934 830 3984 B.
841 3935 879 3985 ed.
891 3950 928 3999 pr.
1049 3934 1059 3963 ¹
1076 3933 1114 3998 m]

59 4010 112 4047 om.
123 3997 163 4049 ed.
173 4013 212 4062 pr.
321 3997 330 4026 ⁴
347 3998 431 4047 mnata
456 3995 526 4051 irata.
537 3998 575 4046 ed
587 4014 625 4062 pr.
744 4000 882 4064 ⁶mpinae]
895 3999 1014 4064 rapinam,
1026 3999 1065 4049 ed.
1077 4014 1114 4062 pr.

58 4061 70 4092 ⁸
85 4061 156 4128 cum]
168 4069 235 4119 tuuc,
247 4061 334 4139 ed.pr.
459 4061 544 4127 fuerit]
557 4062 659 4119 suited.
672 4080 709 4128 pr.
775 4064 943 4128 ⁸exmeoata]
963 4073 1114 4120 excaecatus,

58 4126 99 4176 ed.
119 4142 158 4192 pr.
254 4125 421 4191 'disuadere]
441 4127 582 4184 desuadere.
601 4129 639 4178 ed
658 4145 695 4193 pr.
774 4130 794 4160 ¹⁰
810 4130 980 4194 irascamini]
974 4130 1113 4186 irascimini,

58 4191 99 4242 ed.
111 4208 148 4258 pr.
247 4193 265 4223 ¹¹
283 4192 410 4256 et]etsic,
424 4192 487 4241 B..D
499 4193 538 4242 ed
550 4209 586 4257 pr.

101 4292 603 4339 ratumenna
