2864 4836
493 430 749 510 JOANNIS
790 431 1013 495 WICLIF
1205 459 1281 497 uun.

226 593 263 653 de
285 591 457 652 necessitate
481 593 623 665 evenient,
644 592 777 653 absolute
801 594 1006 655 necessarium
1029 607 1089 669 est,
1111 598 1198 676 quod
1216 598 1281 657 duu-

226 702 312 750 natus
325 700 417 767 ponat
430 690 547 750 obicem
560 691 591 749 in
602 690 779 768 peccando¹.
811 690 851 751 Et
860 709 913 768 per
922 708 1130 773 consequens
1140 695 1281 756 demvm

226 788 370 847 inlinitum
391 805 533 865 magnum
554 790 668 848 bonum
690 787 856 850 commodi¹
876 788 1011 863 haberet,
1036 792 1066 852 si
1088 811 1155 855 non
1175 801 1281 871 ponne

226 887 343 947 obicem
363 885 395 944 in
415 886 578 962 peccando.
623 885 670 945 Ex
687 886 861 964 impossibili
879 887 961 947 euim
982 891 1127 968 sequitur
1147 890 1281 970 quidlibet

226 992 259 1042 ut
280 1000 428 1060 suppono,
469 983 543 1044 Ideo
564 984 665 1043 dicunt
688 983 745 1055 alii,
765 983 847 1061 quod
869 985 1022 1062 quantitas
1049 1004 1178 1064 poenae
1196 985 1280 1048 thud

227 1080 383 1141 attenditur
401 1096 493 1158 penes
511 1082 702 1157 quantitatem
720 1081 792 1139 boni
811 1079 972 1153 commodi,
986 1084 1079 1160 qnod
1098 1085 1193 1147 habet
1208 1085 1281 1165 plne

228 1178 360 1249 salvatus,
375 1179 425 1255 qui
438 1189 483 1238 est
497 1196 564 1238 cum
580 1178 736 1238 damnato³
748 1178 906 1238 consimilis
920 1180 1043 1255 speciei.

270 1275 329 1336 Sed
343 1276 548 1353 relinquendo*
562 1277 712 1335 materiam
726 1276 811 1335 istam
827 1275 992 1352 juvenibus,
1006 1287 1039 1337 et
1057 1279 1141 1340 forte
1154 1298 1210 1359 pro
1223 1279 1281 1341 ioco

139 1347 179 1451 „2¹-
228 1374 576 1434 pactatus’neatttuunts
587 1373 823 1445 retractandam,
837 1390 919 1450 pono
930 1375 1282 1439 mamm

227 1472 258 1530 in
271 1471 422 1548 proposita
432 1473 559 1544 materia,
571 1471 622 1531 ubi
633 1471 692 1530 dixi
706 1471 803 1549 quod'
812 1470 994 1548 impossibile
1003 1482 1052 1533 est
1063 1475 1200 1553 aliquem
1209 1478 1282 1538 dm·

128 1563 133 1573 '
227 1579 328 1628 natum
339 1571 433 1646 puniri
444 1587 542 1646 poena
550 1569 659 1640 damni,
668 1569 724 1629 nisi
734 1569 823 1629 etiam
832 1568 951 1645 punitus
961 1567 1049 1629 tuerit
1060 1589 1169 1648 mena
1179 1590 1281 1635 senna

227 1667 300 1727 Ideo
314 1667 386 1727 tales
401 1667 523 1744 r‘ry‘antes
536 1667 664 1725 damnan'
674 1667 762 1725 etiarn
776 1664 968 1727 decedentes⁸
981 1666 1014 1725 in
1031 1670 1129 1731 uteris
1142 1671 1281 1740 materiis,

226 1765 359 1824 videntur
371 1764 443 1823 mihi
456 1764 562 1824 babere
576 1764 704 1840 aliquam
718 1781 847 1840 poenam
856 1781 975 1834 eensue;
999 1782 1071 1825 cum
1086 1769 1173 1828 enim
1187 1784 1282 1829 seusun

226 1862 340 1922 illorum
361 1864 514 1940 spirituum
535 1871 603 1922 sunt
622 1862 781 1922 vivaciores
801 1879 891 1938 quam
912 1877 1018 1922 sensus
1041 1867 1151 1938 nostri,
1171 1875 1202 1927 et
1220 1881 1282 1926 m

225 1960 282 2020 hoc
307 1960 474 2037 imperfecte
499 1968 683 2037 cognoscunt
707 1958 915 2019 beatitudinem
942 1958 1153 2043 salvatorum⁰,
1176 1965 1283 2025 videtur

225 2058 305 2134 quod
320 2057 428 2117 habent
442 2058 574 2119 dolorem
589 2057 715 2134 aliquem
728 2057 811 2133 quod
825 2066 893 2116 sunt
906 2057 945 2116 ab
957 2056 1006 2116 illa
1020 2058 1209 2122 beatimdine
1221 2062 1282 2123 des·

225 2157 308 2225 tituti‚
323 2165 352 2215 et
370 2155 454 2215 dolor
472 2157 536 2216 talis
555 2155 629 2214 toret
648 2153 812 2215 necessario
833 2171 932 2230 poena
950 2171 1065 2215 sensus.
1110 2155 1186 2218 Non
1205 2160 1283 2220 enirn

225 2253 336 2312 videtur
349 2253 430 2330 quod
443 2253 527 2315 Deus
545 2254 583 2314 ad
602 2251 796 2330 mitigandum
814 2268 943 2328 poenam
955 2251 1059 2312 talium
1077 2257 1237 2334 smpendn
1253 2257 1282 2317 in

225 2351 279 2410 illis
299 2368 419 2410 ornnem
440 2352 573 2412 notitiam
593 2349 778 2410 beatitudinis
799 2349 959 2421 beatorum,
974 2349 1071 2426 quia¹⁰
1089 2352 1137 2413 sic
1157 2354 1282 2416 videndo

225 2448 385 2508 confratres
400 2466 470 2507 suos
491 2449 647 2507 damnatos
660 2455 689 2505 et
703 2463 801 2522 poena
822 2463 925 2517 sensus
944 2447 1065 2523 punitos
1083 2446 1187 2511 forent
1198 2451 1281 2514 beau

225 2548 293 2622 quia
313 2546 453 2605 haberent
472 2544 614 2622 quidquid
635 2543 747 2614 vellent,
763 2552 792 2602 et
812 2542 882 2600 nihil
903 2543 971 2602 mali
992 2544 1116 2618 vellent;
1149 2550 1280 2625 quamvis

225 2645 303 2702 enirn
314 2643 443 2702 damnati
453 2643 540 2701 velint
551 2661 588 2701 ex
600 2640 714 2711 invidia,
725 2640 807 2717 quod
817 2639 947 2700 damnati
958 2641 1006 2700 alii
1016 2643 1074 2701 sint
1084 2647 1191 2720 puniti,
1202 2645 1280 2725 quod

224 2750 268 2799 est
282 2758 422 2816 magnum
436 2741 545 2799 malurn
559 2757 683 2816 poenae,
698 2747 727 2811 et
741 2757 793 2815 per
812 2756 997 2816 consequens
1016 2757 1085 2799 cum
1105 2744 1141 2802 sit
1158 2746 1279 2821 justum,

224 2837 305 2895 Deus
324 2847 354 2896 et
372 2855 476 2896 omnes
496 2837 572 2896 beati
591 2837 692 2895 volunt
710 2837 796 2896 etiam
816 2836 886 2897 illud
906 2837 1023 2897 malum.
1064 2837 1278 2903 Verumtamen

224 2935 349 3011 quinon
368 2936 428 2993 vult
442 2935 521 2993 sibi¹¹
537 2934 675 3011 implicite
694 2951 748 2992 nec
768 2934 902 3010 explicite
916 2935 1025 2993 malm
1043 2935 1157 3014 culpae,
1178 2959 1280 3001 neces-

224 3034 300 3091 sario
315 3043 360 3093 est
379 3034 489 3104 beatus,
510 3051 578 3092 curn
599 3031 731 3091 Christus
745 3030 798 3090 luit
815 3033 918 3092 beatus
936 3033 967 3090 in
985 3033 1040 3104 via,
1054 3044 1084 3092 et
1103 3052 1212 3098 omnes
1225 3056 1279 3098 nos

224 3129 389 3189 continue¹²
417 3129 488 3189 dum
521 3146 687 3205 peccamus,
715 3127 850 3187 volumus
882 3130 969 3188 nobis
996 3128 1137 3206 implicite
1168 3135 1279 3194 malum

224 3229 334 3304 culpae.
370 3228 443 3286 Ideo
453 3228 520 3287 licet
531 3238 591 3286 tarn
606 3227 734 3285 damnati
745 3243 834 3301 quam
849 3227 926 3285 beati
937 3226 1024 3286 velint
1038 3227 1150 3288 malum
1163 3250 1279 3309 poenae

223 3335 252 3382 et
266 3325 375 3382 malurn
395 3325 497 3400 culpae
518 3342 572 3400 pro
592 3341 646 3382 suo
666 3333 798 3399 ternpore
817 3324 913 3384 inesse
927 3325 981 3383 sibi
996 3324 1040 3383 vel
1059 3324 1135 3399 aliis,
1150 3329 1280 3391 beatus¹⁸

223 3421 348 3480 tamen¹⁴
369 3424 533 3481 necessario
555 3439 609 3498 pro
631 3431 771 3497 ternpore,
786 3439 846 3497 quo
867 3433 912 3481 est
932 3423 1044 3495 matus,
1059 3441 1122 3483 non
1143 3427 1205 3487 vult
1225 3430 1279 3488 subi

222 3520 317 3579 inesse
342 3520 500 3597 aliqualiter
524 3519 635 3578 malum
660 3518 771 3594 culpae.
813 3518 851 3578 Et
874 3520 915 3578 sic
938 3520 1069 3598 intelligit
1089 3522 1279 3601 Augustius,

255 3688 263 3717 ¹
281 3687 330 3738 Sed
337 3685 524 3754 modo-ponat
531 3689 627 3738 obicem
636 3687 662 3738 in
671 3688 809 3753 peccando]
817 3704 867 3739 om.
877 3687 911 3738 D.

222 3753 360 3817 commodi]
372 3754 431 3803 boni
443 3755 609 3809 commodum,
622 3755 660 3803 ed.
672 3770 709 3818 pr.
886 3755 896 3783 ⁸

223 3817 309 3883 ed.pr.
453 3819 648 3883 'relinquendo]
662 3819 779 3882 relinquo,
791 3819 885 3870 ΑΜ.
896 3821 935 3870 ed.
964 3837 984 3871 r.
1111 3824 1273 3893 ‘metaruq

225 3883 424 3947 tractusedpr.
532 3884 750 3947 ‘retractandam
762 3885 924 3942 retractanda.
936 3886 974 3935 ed.
986 3903 1024 3951 pr.
1135 3889 1274 3947 lobiam,

223 3949 300 4013 quod]
313 3949 388 4013 quod,
401 3948 494 3998 A.B.C.
604 3950 613 3977 ¹
629 3949 787 4014 decedentes]
799 3949 947 4007 decidentes.
960 3951 1035 4009 B.C.;
1052 3952 1175 4014 damnati,
1186 3957 1225 4007 ed.
1236 3973 1272 4023 pr.

223 4014 411 4078 ”salvatorum
425 4013 561 4070 salvatoris.
574 4015 716 4064 A.B.C.ed.
729 4030 766 4078 pr.
849 4016 867 4046 ¹⁶
883 4016 1014 4081 qnia]qui,
1027 4018 1123 4070 n.B.c.
1189 4023 1207 4052 ¹¹
1223 4039 1273 4072 non

222 4078 274 4127 vult
295 4079 353 4143 sibi]
374 4095 424 4128 non
444 4078 496 4127 vult
516 4095 568 4135 nec.
591 4080 618 4129 B.
639 4080 766 4134 secundae.
787 4079 816 4129 C.
839 4080 933 4144 primae
954 4098 1059 4138 mannsr
1084 4100 1137 4136 nou
1160 4087 1221 4145 vult.
1241 4089 1273 4137 Α.

223 4144 240 4172 ¹²
256 4145 384 4207 continue]
396 4160 445 4192 om.
459 4145 601 4194 antu-ed.
613 4161 649 4209 pr.
732 4144 750 4174 ¹³
768 4145 1071 4210 beatus]bmtis‚n.1³.c,
1141 4152 1161 4183 ¹⁴
1177 4153 1272 4218 uma]

204 4234 207 4275 g
222 4216 305 4257 tamen
317 4224 381 4265 cum,
392 4209 430 4258 etl.
443 4224 479 4272 pr.

953 3691 1102 3743 rincuriam.
1155 3695 1165 3725 ¹
1181 3697 1275 3748 boum

1004 3757 1044 3822 to]
1056 3758 1230 3819 damnificata,
1241 3763 1273 3812 D.

946 3837 964 3885 Ρ
