2864 4836
52 454 137 496 caua
416 436 759 500 TRIALOGUS.

55 598 203 674 scriptae?
246 596 325 656 Nam
345 616 400 674 pro
421 600 526 658 timore
545 618 663 676 poenae
684 601 829 660 sensibilis
850 602 946 660 statim
968 602 1112 677 praevari-

54 697 205 755 catoribus
218 694 292 770 legis
306 695 473 755 hominum¹
484 697 668 774 infligendae,
681 711 748 758 sunt
758 701 839 776 ipsae
853 699 934 775 leges
948 699 1113 775 diligentius

55 795 239 855 observatae.
282 794 355 852 Ideo
373 794 455 865 fides,
471 815 539 872 spes
560 807 590 856 et
611 798 714 856 caritas
735 798 765 855 in
785 797 857 874 legis
871 797 993 855 Domini
1011 799 1110 855 obser·

55 893 157 952 vantia
171 901 239 951 sunt
253 893 374 968 sopitae,
388 912 456 952 cum
471 912 560 952 nemo
582 905 678 970 potest
698 895 871 954 convincere
886 896 1006 966 ratione,
1020 912 1114 970 quare

56 989 177 1049 duobus
191 990 363 1066 eligibilibus
382 993 541 1067 propositis
562 992 654 1051 homo
674 1011 765 1051 unum
786 994 971 1069 prosequitur
988 1004 1017 1052 et
1036 992 1114 1051 aliud

56 1088 177 1148 dimittit
197 1088 241 1147 vel
262 1107 325 1147 non
346 1091 385 1148 ita
406 1090 506 1149 sedule
528 1092 668 1160 observat,
691 1091 746 1149 nisi
763 1091 832 1150 iliud
852 1091 1048 1167 postpositum
1070 1090 1113 1148 vel

56 1204 123 1245 non
146 1196 225 1245 amat
247 1188 364 1263 penitus
384 1188 428 1246 vel
448 1189 545 1246 minus
567 1184 682 1264 diligiti
724 1187 763 1246 Et
784 1190 826 1247 sic
847 1200 892 1246 est
913 1189 950 1247 de
970 1188 1114 1247 mundum

55 1283 244 1362 diligentibus
263 1286 323 1344 sive
343 1304 470 1355 carnem,
485 1303 546 1362 quo
566 1285 603 1343 ad
620 1285 677 1344 Dei
697 1286 899 1358 dilectionem3
929 1296 958 1343 et
980 1287 1021 1345 sic
1043 1286 1114 1344 istae

56 1392 118 1443 tres
141 1383 261 1441 virtutes
285 1382 467 1459 theologicae
488 1382 687 1459 refrigescunt.
730 1383 805 1455 Quis
830 1401 941 1459 quaeso
962 1383 993 1441 in
1016 1383 1114 1442 Scotia

56 1491 180 1558 propter
194 1480 267 1557 legis
281 1482 442 1540 libertatern
456 1492 485 1540 et
499 1481 649 1557 privilegia
662 1482 740 1557 regis
754 1481 880 1558 Angliae
894 1499 956 1540 non
975 1481 1114 1540 laetanter

57 1588 214 1656 pateretur,
229 1579 254 1638 si
268 1597 335 1638 cum
349 1579 406 1638 hoc
420 1578 494 1638 soret
509 1597 635 1650 securus,
650 1579 731 1655 quod
744 1580 856 1656 integer
870 1590 898 1638 et
912 1580 994 1637 vivax
1009 1579 1114 1639 rediret

59 1678 91 1737 iu
112 1677 251 1754 Angliam
273 1677 556 1754 proportionabiliter
577 1676 615 1734 ad
636 1678 818 1752 punitionem
840 1696 858 1735 a
882 1678 969 1754 rege³
990 1677 1115 1753 Angliae

58 1774 286 1851 praemiandus?
314 1775 378 1834 talis
397 1771 532 1851 inquam⁴
546 1784 692 1849 gratanter
712 1775 851 1851 reciperet
872 1776 1070 1834 tribulationes
1083 1775 1114 1832 in

60 1871 162 1932 Scotia
175 1890 229 1949 pro
245 1891 298 1950 spe
313 1874 433 1949 praemii
447 1875 477 1931 in
489 1872 596 1947 Anglia
611 1873 819 1948 consequendi.
861 1873 899 1931 Et
913 1874 1005 1931 multo
1020 1873 1114 1948 magis

60 1970 211 2029 tribulatus
234 1972 265 2029 in
289 1971 362 2029 valle
387 1970 474 2047 hujus
496 1969 637 2040 miseriae,
661 1980 689 2029 et
713 1970 929 2030 transferendus
954 1972 992 2030 ad
1017 1971 1114 2030 locum

60 2069 180 2145 patriae,
196 2078 291 2127 stante
306 2068 372 2138 fide,
388 2078 483 2145 spect
502 2069 629 2138 caritate,
645 2079 766 2128 certaret
781 2070 896 2129 viriliter
914 2087 968 2147 pro
983 2071 1113 2147 praemio

59 2161 246 2221 beatitudinis
261 2162 479 2238 consequendo,
492 2179 560 2220 cum
574 2161 645 2220 certi
659 2179 760 2221 sumus
775 2182 811 2221 ex
826 2163 891 2236 fide,
904 2165 985 2241 quod
999 2174 1114 2241 oportet

60 2276 117 2319 nos
130 2278 149 2319 a
164 2259 261 2319 Scotia
274 2260 344 2319 ista⁶
358 2261 501 2330 recedere,
517 2269 545 2317 et
560 2258 837 2336 correspondenter⁶
850 2262 888 2321 ad
908 2263 1113 2338 gratitudinem

62 2373 117 2433 pro
131 2357 268 2432 passione
286 2357 477 2416 tribulationis
496 2356 631 2415 coelestis
650 2358 773 2435 Angliae
793 2370 933 2435 perpetuo
952 2360 1113 2435 praemiari,

61 2454 106 2514 vel
128 2472 183 2530 pro
202 2456 407 2530 ingratitudine
428 2466 569 2532 perpetuo
592 2458 719 2515 cruciari.
763 2456 911 2516 Stantibus
932 2467 1030 2516 autem
1053 2457 1113 2516 istis

62 2553 222 2623 virtutibus,
244 2571 305 2612 non
328 2555 427 2613 subest
449 2554 601 2632 aufugium
623 2556 800 2626 excusandi3
832 2556 900 2614 ideo
925 2566 1037 2614 certum
1061 2566 1114 2626 est,

60 2651 144 2727 quod
165 2651 237 2710 sicut
260 2652 422 2714 secundum
446 2653 638 2731 philosophos
659 2664 719 2712 tam
741 2656 857 2713 virtutes
879 2654 1004 2713 morales
1024 2671 1113 2729 quam

62 2749 130 2809 vitia
144 2749 187 2807 eis
202 2750 338 2825 opposita
359 2761 426 2808 sunt
448 2768 591 2822 connexa,
608 2753 648 2812 sic
663 2761 706 2810 est
722 2752 759 2812 de
773 2753 834 2811 istis
853 2753 943 2812 tribus
964 2753 1115 2811 virtutibus

63 2845 237 2923 theologicis
251 2858 279 2906 et
293 2849 352 2907 suis
366 2849 511 2925 oppositis
525 2851 718 2911 sentiendum.

509 3167 604 3228 CAP.
629 3169 681 3228 IV.

452 3309 497 3367 De
511 3317 616 3368 natura
625 3311 738 3386 peccati.

107 3449 228 3507 Atetta.
271 3448 442 3520 Contentor,
457 3451 498 3507 mi
513 3448 599 3508 frater
613 3448 779 3516 Phrenesis,
794 3446 831 3505 de
851 3446 906 3505 ista
925 3446 1077 3515 sententia,
1092 3457 1121 3505 et

67 3548 224 3608 considero
238 3549 319 3624 quod
333 3549 418 3624 pauci
433 3549 544 3606 viantes
560 3558 627 3605 sunt
641 3545 720 3605 istis⁷
735 3546 885 3603 virtutibus
897 3545 1034 3614 decorati,
1050 3545 1120 3620 quin

66 3647 172 3723 potius,
184 3648 316 3722 quamvis
327 3648 420 3705 verbis
431 3645 626 3722 superaddant
637 3644 799 3714 mendacia,
811 3655 878 3702 sunt
888 3654 986 3702 tamen
998 3643 1118 3712 haeresi,

67 3745 215 3821 apostasia
235 3756 263 3803 et
283 3743 480 3821 blasphemia⁸
500 3744 651 3820 deturpati.
693 3742 732 3801 Et
745 3742 1014 3818 quomodocunque
1034 3740 1120 3800 suerit

102 3892 110 3921 ¹
127 3890 363 3956 praevaricatoribus
371 3891 433 3956 legis
439 3890 581 3955 hominum]
588 3888 813 3954 praevaricantibus
821 3888 888 3954 leges
900 3887 1036 3943 hominum,
1046 3889 1120 3944 A.c.;

67 3956 294 4049 praevaricantibus
309 3956 371 4021 legis
386 3957 487 4011 homini,
502 3957 541 4005 ed.
556 3972 593 4020 pr.
797 3954 807 3982 ²
823 3953 915 4018 diligit]
927 3953 1021 4047 diligat,
1033 3954 1071 4002 ed.
1083 3968 1120 4017 pr.

90 4020 187 4086 aroge]
200 4021 272 4085 regis,
284 4022 322 4070 ed.
334 4037 371 4087 pr.
480 4021 489 4050 ⁴
505 4021 616 4086 inquam]
630 4021 719 4085 itaque,
731 4019 825 4069 A.B.C.
998 4019 1057 4084 ista]
1070 4033 1119 4067 om.

68 4086 107 4136 ed.
119 4102 157 4152 pr.
304 4086 315 4115 ¹
330 4086 561 4151 correspondenter]
569 4091 752 4150 consequenter,
761 4084 835 4139 Α.Β.;
856 4099 943 4132 manus
951 4085 1079 4139 secundae,
1089 4084 1119 4133 C.

68 4150 78 4179 ²
94 4151 159 4216 istis]
172 4151 198 4201 iu
209 4151 270 4205 istis,
283 4151 376 4201 B.C.A.
388 4153 481 4216 primae
493 4168 587 4201 marrus.
753 4150 763 4178 ⁸
779 4149 872 4198 haeresi
883 4149 1008 4213 apostasia
1018 4157 1043 4198 et
1055 4150 1119 4199 blas·

68 4216 179 4281 phcmia]
191 4216 286 4267 haeresi
296 4217 451 4281 apostasiam
463 4225 487 4267 et
499 4217 688 4281 blasphemiaca,
700 4215 763 4264 A.B.
775 4230 862 4264 manus
873 4214 1002 4270 secundae,
1014 4216 1043 4264 C.

1195 460 1256 526 Ι39
