2864 4836
492 456 848 519 TRIALOGUS.
1276 469 1337 536 297

92 590 257 713 luorum,
277 619 484 696 episcoporum
508 630 537 680 et
560 619 841 691 archidiaconorum,
863 619 1030 680 officialium
1055 627 1084 679 et
1107 616 1194 680 deca·

92 699 249 804 imaum
269 735 338 777 cum
358 719 461 778 ceteris
481 717 640 778 officiariis¹
662 728 691 778 et
710 717 898 795 religionibus
920 719 1047 795 privatis,
1068 736 1194 796 quorum

92 806 97 853 ³
138 826 205 875 nou
218 823 414 875 estnumerus
433 834 529 893 neque
548 816 631 876 ordo.
672 815 720 874 De
739 816 977 875 contentionibus
997 825 1097 875 autem
1116 817 1195 876 circa

92 958 98 989 ,
92 894 207 984 'lata
218 912 301 990 quod
313 913 567 990 unumquodque'
559 924 680 973 ntorum
694 922 739 973 est
752 913 835 983 ordo,
851 923 880 972 et
893 914 924 970 in
937 913 1001 989 ejus
1020 914 1192 990 acceptione

92 992 237 1090 ,lutatis
248 1008 304 1070 Dei
319 1027 355 1070 ac
368 1010 537 1071 character
530 1012 710 1088 imprimitur,
724 1028 793 1070 curn
807 1011 869 1070 aliis
887 1009 1101 1070 difficultatibus
1120 1028 1193 1088 quas

136 1109 234 1169 nom
247 1109 418 1180 balbutiunt,
432 1110 544 1169 videtur
556 1107 628 1168 mihi
641 1126 705 1168 esse
719 1108 886 1178 tacendum,
901 1124 970 1168 cum
984 1108 1026 1168 sic
1040 1108 1194 1186 loquentes

138 1218 199 1267 nec
212 1204 336 1267 laudant
349 1206 429 1284 quod
443 1216 575 1267 asserunt
588 1223 643 1265 nec
657 1207 790 1282 probant
834 1204 893 1265 Sed
907 1224 944 1265 ex
961 1205 1019 1264 lide
1034 1208 1193 1283 scripturae

137 1302 255 1365 eidem
266 1303 338 1363 mihi
351 1303 489 1375 sufficere,
503 1321 568 1363 esse
582 1305 766 1381 presbyteros
778 1313 867 1379 atque
886 1304 1027 1363 diaconos
1046 1314 1194 1364 servantes

139 1399 249 1463 nanim
269 1411 356 1478 atque
377 1400 505 1461 officium
525 1400 607 1478 quod
621 1400 753 1462 Christus
771 1401 813 1460 eis
832 1401 978 1478 imposuit,
993 1402 1062 1478 quia
1082 1412 1193 1461 certum

139 1498 255 1560 videtur
266 1498 348 1576 quod
358 1501 494 1575 superbia
504 1498 649 1559 Caesarea
662 1499 717 1558 hos
730 1499 839 1575 gradus
853 1507 882 1557 et
896 1498 1014 1558 ordines
1028 1499 1192 1571 adinvenit;

139 1597 169 1657 si
181 1597 260 1656 enim
274 1596 394 1656 fuissent
407 1596 562 1656 necessarii
577 1594 725 1668 ecclesiae,
737 1595 869 1656 Christus
882 1607 911 1655 et
928 1597 973 1656 sui
991 1596 1117 1672 apostoli
1131 1614 1193 1655 non

140 1693 175 1766 in
192 1695 380 1771 expressione
400 1711 504 1753 eorum
525 1711 560 1752 ac
581 1693 761 1754 detectione²
774 1693 819 1752 sui
840 1693 928 1752 officii
942 1695 1104 1765 reticerent,
1120 1695 1194 1753 sicut

139 1793 346 1870 blasphemant
367 1792 406 1852 illi
425 1793 476 1869 qui
497 1791 612 1870 papalia
630 1794 695 1869 jura
716 1791 905 1868 magnificant
926 1809 1015 1868 supra
1035 1791 1192 1851 Christum.

141 1889 282 1952 Officium
296 1900 394 1950 autem
407 1890 528 1950 istorum
550 1889 722 1950 clericorum
744 1907 848 1965 capere
869 1890 959 1948 debet
979 1889 1140 1949 catholicus
1156 1908 1193 1950 ex

139 1987 201 2049 fide
221 1989 379 2064 scripturae
400 1989 431 2047 in
452 1988 581 2064 epistolis
602 1987 640 2046 ad
654 1985 845 2046 Timotheum
865 1997 895 2047 et
908 1988 1019 2058 Titum,
1034 2000 1090 2047 nec
1110 1988 1193 2048 adin-

139 2087 294 2146 ventiones
313 2103 404 2145 novas
417 2086 577 2147 Caesareas
598 2087 653 2144 sub
674 2085 905 2162 poenapeccati
925 2087 1022 2163 gravis
1042 2086 1129 2146 debet
1142 2087 1194 2145 ad-

139 2183 264 2243 mittere.
308 2182 394 2242 Unde
408 2200 470 2242 non
484 2183 584 2242 dubito
599 2184 671 2259 quin
685 2184 714 2242 in
729 2201 875 2244 consensu
889 2184 1076 2244 admissionis
1095 2184 1192 2262 huius·

140 2282 225 2342 modi
239 2291 307 2341 sunt
320 2281 450 2358 plurimi³
465 2281 610 2341 maculati.

183 2379 263 2439 Nam
276 2379 426 2457 loquendo
445 2381 559 2438 secundo
579 2379 654 2437 modo
668 2379 704 2439 de
725 2379 836 2451 ordine,
851 2389 963 2441 certum
984 2389 1028 2440 est
1049 2380 1129 2458 quod
1150 2392 1195 2440 est

140 2478 212 2538 dare
236 2477 371 2537 ordinem
396 2477 548 2536 militarem
573 2487 603 2537 et
626 2476 754 2554 regalem
779 2489 808 2537 et
832 2478 1023 2554 imperialem,
1048 2480 1099 2555 qui
1127 2489 1194 2537 sunt

141 2576 237 2652 magis
257 2574 420 2636 sundabiles
439 2593 528 2652 quam
548 2574 687 2651 praedicti
701 2575 820 2634 ordines
839 2593 917 2635 nunc
938 2575 1052 2652 adjecti.
1095 2575 1191 2634 Radix

140 2685 241 2733 autem
259 2669 463 2750 blasphemae⁴
475 2673 699 2749 perturbationis
718 2672 856 2733 ecclesiae
876 2675 907 2732 in
921 2673 977 2733 hac
990 2684 1072 2750 parte
1086 2691 1123 2733 ex
1138 2674 1194 2733 isto

141 2772 297 2842 suboritur,
311 2771 392 2847 quod
405 2771 501 2830 clerici
519 2771 709 2831 abhorrentes
723 2769 829 2830 Christi
848 2775 1018 2849 pauperiem
1038 2771 1080 2831 sic
1098 2770 1247 2866 impli·3²¹
1245 2762 1279 2826 ‘¹¹2³

141 2879 210 2929 cant
226 2886 258 2929 se
271 2886 340 2928 cum
353 2868 474 2928 mundo.
515 2867 561 2927 Ex
575 2870 633 2929 hoc
652 2871 731 2936 enirn
745 2870 835 2946 perit³
848 2888 950 2929 eorum
965 2871 1049 2941 ordo,
1063 2888 1130 2929 curn
1144 2843 1247 2928 ubi¹¹1

141 2969 330 3048 generarent⁸
357 2968 431 3028 filios
459 2969 626 3029 imitationis
656 2968 763 3029 Christi
790 2981 819 3029 et
847 2970 1056 3046 apostolorum,
1084 2970 1195 3030 adulte·

141 3067 248 3127 rative⁷
260 3077 401 3144 generant
415 3065 490 3126 lilios
504 3066 672 3137 antichristi,
686 3077 716 3126 et
735 3086 787 3143 per
805 3067 863 3127 hoc
877 3068 1050 3127 fortificatur
1071 3086 1194 3144 regnum

141 3181 228 3227 suum
252 3175 282 3224 et
301 3181 427 3240 regnum
451 3165 579 3241 magistri
604 3165 647 3224 sui
670 3165 778 3223 diaboli
801 3182 889 3241 supra
908 3164 1084 3241 proximos⁸.
1125 3164 1195 3224 Feci

141 3272 241 3322 autem
255 3263 325 3322 alias
344 3262 503 3321 evidentias
516 3262 554 3320 ad
573 3261 782 3321 declarandum
797 3264 873 3339 regis
888 3275 917 3322 et
936 3263 1046 3324 ordinis
1064 3263 1195 3320 militaris

141 3359 280 3421 officium.
322 3359 402 3418 Nam
429 3369 461 3418 ut
488 3358 557 3420 dicit
581 3359 768 3435 Augmnsus,
794 3361 868 3419 sicut
896 3378 975 3437 papa
1002 3370 1047 3420 est
1073 3360 1196 3419 vicarius

142 3457 260 3528 Christi,
275 3457 317 3516 sic
330 3474 381 3515 rex
396 3465 440 3515 est
453 3457 575 3516 vicarius
589 3456 663 3515 Dei:
685 3455 782 3533 quod’
796 3457 838 3516 sic
852 3456 998 3532 intelligo;
1024 3457 1097 3516 sicut
1118 3474 1196 3534 papa

141 3554 230 3614 debet
251 3555 334 3631 sequi
354 3554 563 3614 humanitatem
585 3552 692 3613 Christi
712 3555 743 3612 in
763 3554 903 3624 moribus,
924 3554 1012 3612 vitam
1035 3571 1195 3630 pauperem

141 3670 226 3712 more
239 3652 346 3713 Christi
368 3663 397 3713 et
417 3653 619 3731 apostolorum
633 3651 767 3722 vivendo,
781 3651 939 3728 opprobria
960 3661 989 3711 et
1010 3661 1195 3728 contemptus

140 3768 229 3828 supra
253 3763 365 3812 ceteros
392 3752 541 3829 patiendo,
566 3751 608 3810 sic
635 3768 687 3810 rex
715 3751 802 3810 debet
829 3768 894 3810 esse
914 3751 1037 3811 vicarius
1062 3748 1194 3820 Deitatis,

175 3959 183 3989 ¹
201 3956 336 4023 officiams]
348 3957 503 4013 officiatibus,
515 3958 544 4007 B.
553 3957 675 4007 secundae
685 3973 781 4007 manus
856 3955 1036 4070 detectione}
1045 3955 1193 4013 detentione,

141 4023 176 4138 P)
183 4024 228 4139 eilll
234 4038 281 4152 Ρρῐτ.
371 4023 381 4052 ³
397 4039 415 4118 P
426 4023 508 4153 pentl
515 4096 592 4153 patet
602 4087 689 4138 edr.
823 4021 1026 4151 “generarentl
1020 4102 1034 4134 r
1041 4100 1063 4135 e
1077 4101 1196 4151 generare

140 4153 256 4204 debeant.
389 4152 634 4248 'adulteretivelad
661 4152 745 4207 terme
757 4151 791 4200 D.
802 4151 841 4202 ed
853 4167 892 4216 pr.
1028 4149 1194 4216 'proximosJ

141 4219 278 4274 Christum,
292 4219 323 4268 Α.
326 4219 385 4269 B..C
397 4220 436 4269 ed.
449 4233 486 4283 pr
611 4217 690 4283 quod]
702 4225 734 4277 et,
749 4218 781 4266 Α
785 4216 846 4267 BC.

414 4023 496 4072 lurrmt
521 4022 706 4087 plurimumB.
809 4020 994 4087 ‘blasphemae
1036 4020 1195 4085 lasphemiae,
