2864 4836
140 296 1394 346 *m--ss—-ffl-

136 433 229 472 enna
504 407 843 470 TRIALOGUS.

137 569 272 646 dispares
285 588 303 629 a
317 580 400 629 motu
419 587 573 646 corporeo,
588 570 749 630 secundum
769 581 881 647 partem
900 571 1073 630 anteriorem
1088 587 1189 630 ascen-

138 667 213 728 dunt
233 667 380 737 continue,
395 677 424 726 et
445 685 512 726 cum
533 667 590 726 hoc
612 669 775 727 secundum
795 679 908 745 partem
929 669 1119 746 posteriorem
1134 669 1190 728 loci

137 764 322 826 descendunt
343 765 489 836 continue,
511 775 540 824 et
560 784 613 842 per
633 766 712 825 idem
733 775 849 844 tempus
869 767 900 825 in
920 778 1002 843 parte
1023 767 1080 827 loci
1094 769 1192 827 media

139 863 224 924 sunt¹
239 863 338 940 quieti,
353 873 385 921 ut
405 862 509 922 dicitur
528 864 722 922 communiter
743 864 779 922 de
800 866 899 923 anima
919 865 1046 924 hominis
1068 867 1140 925 moti
1162 866 1192 923 in

138 961 201 1021 suis
214 961 442 1019 extremitatibus
460 971 490 1019 et
508 960 597 1037 quieti
616 960 647 1018 in
661 960 729 1020 loco
743 960 850 1032 medio,
865 971 897 1020 ut
910 959 1014 1022 corde¹
1027 962 1074 1021 vel
1092 962 1194 1022 ceteris

139 1058 273 1135 partibus
299 1075 361 1117 non
392 1059 434 1117 sic
467 1057 579 1117 motis³.
635 1058 680 1117 Ita
707 1058 826 1136 intelligi
857 1058 970 1135 potest‘
998 1060 1034 1119 de
1067 1061 1194 1119 motibus

139 1155 282 1216 localibus
300 1155 490 1231 angelorum
521 1155 610 1214 etita
628 1173 690 1214 non
711 1157 847 1232 sequitur,
864 1157 891 1221 si
911 1157 1032 1234 angelus
1050 1157 1195 1234 acquiret⁸

140 1251 241 1312 locum
255 1253 383 1330 aliquem
397 1253 568 1323 successive,
582 1253 664 1328 quod
678 1263 748 1312 tunc
762 1253 916 1330 deperdet⁸
930 1255 1018 1314 alium
1033 1255 1076 1314 vel
1091 1274 1107 1314 e
1123 1273 1194 1315 con·

140 1360 196 1422 tra,
210 1368 278 1410 cum
291 1361 387 1428 potest
401 1368 480 1410 nnnc
493 1367 557 1410 esse
570 1368 623 1427 per
637 1350 702 1409 loca
721 1350 863 1427 ampliora
876 1362 904 1411 et
919 1370 997 1412 nunc
1011 1354 1137 1412 curtiora
1150 1353 1195 1412 vel

140 1449 292 1520 strictiora,
303 1457 332 1507 et
345 1448 387 1508 sic
400 1449 487 1507 situm
500 1448 657 1523 acquirere,
668 1458 697 1506 et
711 1466 773 1506 non
784 1466 852 1507 curn
863 1447 921 1508 hoc
935 1451 1021 1527 sigim
1036 1449 1195 1528 deperdere

143 1545 190 1606 vel
204 1555 345 1606 econtra
386 1544 426 1604 Et
446 1546 487 1604 ita
506 1543 611 1605 siDeo
633 1544 769 1622 placeret,
784 1546 899 1622 spiritus
918 1556 1020 1622 posset
1039 1558 1194 1625 quantum-

142 1662 263 1720 cunque
280 1643 417 1703 velociter
431 1653 481 1702 aut
494 1642 633 1701 distanter
648 1642 746 1702 locum
765 1645 913 1719 acquirere
926 1645 972 1704 vel
986 1645 1152 1722 deperdere,
1166 1655 1195 1704 et

141 1753 245 1803 tamen
258 1759 321 1801 non
334 1759 387 1818 per
400 1741 544 1818 maj0rem
559 1740 658 1799 locum
672 1739 862 1816 multiplicari,
878 1752 927 1800 aut
944 1743 1087 1801 minorem
1106 1761 1194 1820 quam

141 1840 176 1900 in
189 1839 351 1917 principio;
380 1848 412 1896 ut
426 1839 524 1914 posito
545 1837 626 1914 quod
640 1837 723 1896 Deus
744 1837 846 1897 limitet
866 1838 895 1897 A
916 1839 1031 1916 angelo,
1052 1840 1133 1916 quod
1157 1840 1195 1899 ad

142 1936 306 1996 maximum
329 1954 382 2012 per
406 1935 531 2012 spatium
555 1933 659 2011 pedale
688 1934 838 1994 cubicum*
861 1935 906 1994 vel
931 1937 984 1995 sibi
1013 1937 1196 2012 aequivalens

143 2029 372 2111 mirltiplioetur⁸,
384 2044 413 2092 et
423 2043 511 2109 capto
524 2043 556 2091 ut
570 2051 622 2108 per
636 2050 667 2091 se
681 2043 754 2092 noto
768 2035 933 2108 geometris,
945 2033 1026 2110 quod
1039 2044 1196 2111 quantum·

144 2150 261 2210 cunque
282 2132 404 2208 longum
425 2130 540 2207 posset⁰
554 2148 618 2189 esse
633 2131 758 2207 spatium
772 2131 892 2207 aequale
906 2131 1002 2208 pedali
1016 2133 1137 2206 cubico;
1167 2144 1196 2192 et

143 2232 230 2290 tertio
244 2247 391 2308 suppono,
405 2228 486 2305 quod
501 2228 530 2287 Α
543 2227 664 2303 angelus
685 2229 765 2287 sitin
781 2229 893 2288 oriente
906 2230 937 2287 in
956 2247 1011 2289 suo
1030 2231 1086 2289 situ
1104 2229 1194 2308 quad·

143 2337 218 2399 rato,
232 2336 262 2386 et
275 2337 347 2386 noto
368 2327 455 2386 situm
473 2326 611 2401 gracilem
632 2326 671 2384 ab
690 2326 801 2385 oriente
821 2326 852 2384 in
873 2328 1011 2388 occidens
1032 2316 1194 2388 servantem

144 2425 349 2504 aequalitatem
377 2423 443 2484 situi
470 2424 574 2482 cubico
602 2423 768 2498 assignato:
802 2433 833 2483 et
855 2435 935 2500 patet
963 2442 1002 2488 en
1023 2425 1194 2487 limitatione

144 2523 251 2594 divina,
265 2521 347 2599 qnod
365 2521 394 2580 A
407 2520 530 2596 angelus
551 2529 648 2597 potest
662 2538 814 2580 remanere
827 2522 964 2580 continue
983 2524 1014 2580 in
1032 2523 1151 2596 oriente,
1166 2535 1195 2585 et

143 2621 311 2681 immediate
327 2628 396 2696 post
416 2618 474 2677 hoc
493 2635 557 2677 esse
574 2618 606 2676 in
623 2617 775 2677 occidente
795 2619 956 2695 gracilitato
972 2620 1054 2680 situ¹⁰
1068 2622 1194 2700 aequali·

145 2729 237 2779 tatem
247 2719 313 2778 situi
327 2717 431 2776 cubico
437 2715 458 2748 ¹¹
469 2717 607 2775 continue
618 2726 825 2788 conservante;
847 2718 927 2777 etsie
941 2718 1078 2794 dispersis
1093 2721 1194 2779 sitibus

144 2817 177 2876 in
191 2818 262 2876 situs
283 2815 414 2885 lineares,
429 2822 529 2891 posset
548 2812 628 2870 idem
648 2812 770 2889 angelus
790 2831 854 2873 esse
875 2815 961 2874 simul
982 2817 1013 2874 in
1033 2819 1144 2878 oriente
1165 2830 1194 2878 et

144 2914 308 2984 occidente,
330 2922 358 2971 et
382 2921 414 2970 nt
438 2910 586 2988 sophistae
607 2909 677 2969 false
698 2911 902 2987 imaginantur,
924 2924 1023 2990 posset
1043 2934 1111 2975 cum
1132 2918 1193 2976 istis

144 3013 248 3091 positis
261 3029 326 3072 esse
340 3009 425 3071 simul
440 3008 478 3068 ad
491 3007 649 3085 quemlibet
662 3018 802 3085 punctum
815 3009 925 3069 mundi.

178 3183 631 3250 ¹alroentlunt-clesnendunt-sunt]
654 3184 1071 3251 ascendant-deseendant-sint,
1093 3195 1131 3243 ed.
1153 3211 1191 3260 pr.

141 3254 155 3288 ‘
171 3255 258 3320 eorde]
269 3255 296 3304 in
307 3253 388 3309 corde.
399 3251 463 3308 Ab,
585 3250 595 3279 ¹
611 3250 697 3315 motis]
709 3259 800 3306 motus.
812 3251 840 3301 Β.
955 3254 965 3283 ⁴
980 3255 1085 3322 intelligi
1096 3266 1178 3324 potest

143 3322 262 3390 potuint
296 3319 302 3331 '
363 3317 443 3373 .Λ.Β.
568 3314 911 3380 'ammie]aequirit,nu.
1036 3322 1079 3371 ‘d
1154 3332 1179 3374 et

143 3384 309 3452 deperditm.
333 3384 370 3433 .C.
483 3379 816 3445 'mbicnm]cnbitnm‚ed.
845 3397 865 3431 r.
979 3384 1181 3452 'multip‘cetur

144 3447 428 3524 multiplicammdpr.
558 3396 857 3521 'possethotesan
1002 3450 1022 3479 ¹⁹
1098 3453 1194 3504 cilitato

146 3515 209 3581 situ]
220 3514 359 3580 gracilitate
369 3520 431 3563 ntus
441 3518 475 3568 et.
485 3510 524 3562 etl·
536 3525 588 3575 pn:
609 3509 748 3574 graethtate
759 3517 815 3569 situ,
828 3509 861 3559 D·
928 3512 947 3544 ¹¹
962 3514 1051 3567 cubico
1075 3532 1125 3568 om.
1137 3519 1169 3568 A.
