2864 5242
117 419 181 505 382

69 596 223 673 arrae

69 679 125 713 erhm
131 645 227 714 sentientium

241 311 819 321 .—---—-·.—--—-—-.-.-.-..-..--—
835 313 865 320 —

530 421 790 501 JOANNIS
832 423 1045 486 WICLIF
1224 447 1312 482 univ

262 587 363 647 dubito
377 588 448 663 quin
468 587 580 646 domini
598 587 775 663 temporales
789 597 923 648 tenentru
933 587 1034 665 juvare
1051 587 1190 646 infimam
1203 597 1317 664 partem

262 685 400 746 ecclesiae
415 695 518 745 contra
530 686 587 746 hos
597 685 823 762 pseudofratres,
834 687 909 745 sicut
921 694 1058 746 tenentur
1071 702 1103 744 se
1118 685 1205 762 ipsos
1217 685 1318 762 juvare

261 795 364 843 contra
387 785 622 861 possessionatos
645 784 775 855 clericos,
798 794 831 843 ut
855 784 995 862 praedixi.
1036 782 1123 842 Deus
1146 783 1233 842 enim
1257 800 1317 842 non

261 882 370 958 potest¹
392 884 524 960 accipere
544 901 563 943 a
583 900 638 942 suo
659 882 774 943 subdito
795 882 840 941 vel
864 881 1006 954 conferre,
1027 880 1082 940 uisi
1105 881 1241 957 gratiose
1264 881 1318 940 nbi

260 981 396 1041 retribuat
414 983 509 1059 majus
530 983 661 1054 bonum;
688 980 842 1058 quomodo
860 996 933 1056 ergo
952 979 1019 1040 licet
1036 979 1176 1056 praelatis
1196 979 1245 1039 vel
1266 979 1317 1039 do

259 1078 345 1137 minis
373 1080 505 1156 accipere
532 1079 693 1156 quidquam
721 1078 758 1137 de
783 1078 844 1138 suis
871 1077 1001 1149 subditis,
1026 1077 1084 1135 nisi
1111 1077 1317 1154 aequivalente

258 1175 403 1253 adjutorio
430 1177 675 1254 recompensent?
719 1175 838 1236 Debent
864 1176 953 1247 enim,
981 1184 1126 1252 quantum
1154 1175 1316 1247 sufiiciunt,

258 1275 340 1350 sequi
354 1272 511 1333 Christum.
552 1273 640 1333 Unde
654 1274 773 1356 praelati
787 1273 852 1332 falsi
865 1283 895 1333 et
913 1291 1019 1333 omnes
1033 1273 1133 1332 vicarii
1152 1273 1316 1333 antichristi

256 1372 411 1431 vendicant
425 1372 576 1443 diabolice,
591 1391 623 1432 se
636 1389 701 1432 esse
715 1371 864 1432 liberiores
876 1389 937 1447 quo
951 1371 991 1430 ad
1004 1370 1140 1431 subditos
1160 1388 1257 1448 quam
1275 1380 1317 1431 est

258 1469 396 1530 Christus
447 1469 512 1530 Nec
535 1471 622 1530 video
646 1469 799 1548 quomodo
826 1469 929 1545 aliquis
956 1477 1057 1546 posset
1081 1484 1150 1528 esse
1173 1478 1317 1545 tyrannus

257 1566 354 1638 seculi,
369 1569 425 1627 nisi
439 1569 470 1626 in
484 1568 679 1628 subtractione
693 1566 738 1627 vel
756 1568 937 1627 obmissione
955 1566 1042 1644 hujus
1063 1565 1205 1642 adjutorii
1218 1576 1317 1643 m·

256 1666 338 1725 niset.
380 1663 511 1726 Christus
532 1667 611 1725 enim
632 1684 694 1725 non
715 1675 812 1742 potest
826 1665 1002 1743 adjutorium
1022 1674 1052 1723 et
1072 1662 1316 1724 defensionema

257 1764 316 1823 suis
335 1763 526 1824 subtrahere².
568 1763 732 1837 Quomodo
750 1781 822 1841 ergo
844 1773 1003 1839 sequuntur
1020 1760 1101 1821 hune
1120 1760 1315 1835 Domimm’,

256 1863 306 1938 qui
327 1861 499 1922 subtrabunt
518 1862 721 1922 defensionem
741 1872 771 1922 et
795 1861 970 1938 adJ‘utorium
991 1861 1129 1920 suorum⁴
1151 1860 1316 1920 tenentium

256 1971 357 2019 contra
377 1978 479 2021 eorum
500 1961 690 2038 praecipuum
711 1961 881 2019 inimicum?
916 1958 982 2019 Nec
1006 1958 1110 2018 dubito
1136 1959 1215 2036 quin
1236 1959 1315 2036 insta

256 2057 389 2117 defensio
403 2075 505 2117 eorum
519 2058 637 2117 cederet
658 2056 785 2119 dominis
799 2058 1008 2135 temporalibus
1027 2056 1067 2116 ad
1085 2057 1313 2134 prosperitatem

256 2155 437 2215 mundanam
457 2173 492 2214 ac
514 2174 600 2216 suum
618 2157 753 2216 meritum
770 2167 799 2216 et
817 2156 855 2216 ad
873 2156 997 2233 gloriam
1016 2155 1240 2232 sempiternam
1282 2155 1313 2215 Si

257 2262 354 2312 autem
385 2253 496 2312 domini
523 2254 698 2331 temporales
724 2264 860 2314 tenentur
887 2271 956 2313 suos
984 2263 1117 2313 tenentes
1153 2253 1312 2314 defendere

256 2360 358 2412 contra
379 2351 465 2422 frrres,
486 2351 614 2412 latrones
635 2362 664 2412 et
684 2363 825 2430 raptores,
839 2352 900 2412 imo
920 2360 1023 2412 contra
1043 2349 1146 2411 hostes
1166 2352 1312 2430 publicos,

256 2469 378 2528 regnum
393 2450 475 2526 quod
493 2450 624 2510 incolunt
643 2451 820 2521 invadentes,
835 2451 927 2510 multo
946 2450 1041 2528 magis
1060 2460 1164 2510 oontm
1182 2453 1312 2528 pseudo·

257 2550 365 2621 fratres,
387 2569 455 2610 cum
476 2551 533 2609 sint
553 2551 584 2608 in
604 2551 742 2609 omnibus
766 2550 828 2608 istis
848 2549 960 2626 injuriis
980 2548 1200 2626 praecellentes,
1223 2561 1254 2609 et
1274 2568 1310 2609 eo

258 2649 418 2725 specialiter
441 2667 501 2725 quo
524 2648 625 2708 fratres
648 2648 784 2709 directius
808 2649 952 2724 impetunt
976 2658 1078 2707 contra
1100 2645 1263 2721 Christum,
1284 2659 1311 2707 et

257 2763 316 2821 quo
330 2745 441 2804 facilius
455 2745 591 2821 possent⁶
606 2765 658 2823 per
672 2745 849 2821 temporales
864 2745 1001 2828 dominos
1015 2745 1151 2820 mitigari.

297 2842 377 2902 Nam
399 2861 459 2901 non
484 2853 607 2921 oportet,
629 2845 703 2903 sicut
724 2861 785 2902 non
810 2843 942 2913 consulo,
964 2843 1060 2919 quod⁸
1081 2852 1217 2918 pugnent
1243 2861 1311 2902 cum

257 2943 390 3001 fratribus
421 2960 473 3001 eos
506 2942 678 3013 occidendo,
707 2941 773 3001 sed⁷
802 2941 840 2999 ad
873 2940 947 2999 hoc⁸
975 2959 1046 2998 sane
1075 2940 1200 2998 consulo
1228 2942 1310 3018 quod

256 3040 391 3100 homines
412 3059 473 3100 non
495 3040 610 3100 foveant
631 3057 683 3098 eos
708 3041 738 3099 in
763 3041 822 3098 suis
844 3038 1052 3116 temporalibus
1076 3038 1131 3096 sub
1157 3037 1311 3099 mendaci⁹

257 3139 355 3198 colore
376 3139 578 3208 eleemosinae,
601 3139 669 3215 quia
689 3139 731 3198 sic
751 3137 971 3197 damnificarent
992 3135 1109 3194 indubie
1131 3153 1165 3194 se
1185 3148 1215 3195 et
1237 3137 1308 3197 illos

238 3228 241 3327 l
257 3237 344 3296 Unde
365 3237 525 3296 recolerent
547 3237 667 3307 domini,
688 3235 840 3312 quomodo
859 3245 1014 3311 peccatum
1033 3251 1136 3292 eorum
1155 3237 1308 3311 proprium

238 3334 301 3423 lest
322 3336 392 3412 ipsis
415 3335 542 3394 dominis
567 3335 655 3393 nimis
675 3353 772 3410 grave,
793 3335 860 3392 licet
880 3352 942 3391 non
964 3333 1071 3392 faciant
1095 3351 1127 3391 se
1149 3335 1308 3411 participes

256 3452 323 3491 cum
338 3433 495 3510 hypocritis
514 3434 619 3492 istisin
639 3433 768 3503 crimine,
784 3450 851 3491 cum
869 3451 907 3490 ex
927 3432 985 3491 fide
1004 3431 1146 3507 evangelii
1166 3433 1203 3491 sit
1221 3434 1307 3491 nimis

257 3531 459 3607 periculosum,
475 3531 516 3591 sic
530 3549 640 3608 ponere
659 3532 826 3608 portionem
846 3549 913 3589 cum
933 3532 996 3589 istis
1014 3530 1182 3607 hypocritis.
1226 3532 1308 3592 Etsi

256 3630 367 3688 dicatur
387 3628 467 3705 quod
489 3630 664 3705 temporales
685 3629 797 3688 dourini
818 3629 925 3688 debent
947 3629 1002 3687 illis
1023 3629 1143 3688 credere
1164 3639 1304 3707 tanquam

256 3727 446 3786 sanctioribus
466 3727 612 3786 militantis
631 3727 780 3798 ecclesiae,
801 3727 868 3786 dico
888 3746 956 3786 cum
977 3728 1120 3803 apostolo,
1140 3729 1224 3805 quod
1243 3747 1305 3788 non

237 3872 239 3933 i
288 3882 407 3996 {potest}
420 3883 508 3959 potuit,
520 3881 559 3932 ed.
571 3898 608 3959 pr.
718 3882 728 3911 ²
745 3881 1067 3946 tyrannisct-subtrahere]
1079 3897 1131 3958 orn.
1143 3883 1222 3938 Α.Β.;
1239 3883 1306 3947 adju·

236 3951 239 3994 Ι
255 3955 319 4003 torn,
328 3955 353 3997 et
364 3947 395 3997 de
405 3963 530 3998 ensronem
542 3963 557 3996 a
568 3964 618 3998 surs
629 3947 779 4004 subtrahere.
792 3950 822 3998 C.
982 3948 992 3978 ⁸
1010 3947 1158 4012 Dominum]
1173 3949 1264 4003 Deum.
1278 3949 1304 3997 B.

236 4010 238 4101 l
254 4013 348 4105 primae
359 4029 454 4069 manus,
466 4013 504 4062 ed.
516 4029 554 4078 pr.
659 4012 668 4042 ‘
685 4013 797 4109 suonrpr]
810 4030 889 4070 suum,
901 4013 938 4068 Β..
950 4014 982 4063 Α.
999 4014 1093 4108 primae
1108 4029 1205 4090 manus,
1217 4015 1256 4065 ed.
1269 4031 1304 4079 pr.

235 4079 1303 4209 pppffip-pofflpfxpmempppp]om.ea.p5.3dqupppffip3

233 4268 237 4286 .
253 4208 263 4236 ⁹
279 4159 403 4274 aendaci]
415 4210 529 4264 mendici,
542 4181 622 4266 Β.,Ἀ.
634 4211 728 4274 primae
739 4226 833 4260 manus.
