2864 4836
136 407 255 501 ω..,.’
502 439 846 502 ’marinaeus
870 444 888 496 η

567 834 664 897 CAP.
684 833 784 897 XVII.

348 992 394 1054 De
400 996 568 1071 possesrtbm
579 994 770 1085 temporalibus
784 994 857 1054 clero
869 1011 1000 1054 concessa

189 1146 326 1212 Prmslt'r
368 1149 451 1211 Licet
473 1150 546 1211 haec
567 1151 657 1211 verba
681 1169 770 1229 saepe
793 1160 896 1212 contra
916 1161 1003 1244 caput
1025 1161 1107 1211 tuum
1129 1169 1198 1229 pro·
1231 1171 1328 1245 imag
1304 1174 1348 1204 ent·

142 1247 256 1336 tuleris,
270 1248 381 1310 videtur
400 1259 499 1308 tamen
519 1249 601 1327 quod
614 1259 675 1309 tam
696 1249 769 1309 ratio
789 1267 879 1326 quam
897 1241 1065 1309 sanctorum
1079 1267 1198 1342 canon-

144 1345 225 1411 satio
239 1357 306 1408 tuae
319 1349 479 1408 sententiae
498 1347 708 1408 contradicunt.
749 1346 825 1420 Quis
838 1347 918 1407 enim
936 1336 1048 1407 dubitat
1061 1336 1133 1425 quin
1151 1336 1255 1407 lexi¹
1231 1371 1346 1449 pasl
1318 1333 1374 1407 ’ξω

144 1444 258 1531 Christi
270 1444 379 1505 nedum
392 1445 495 1506 tolerat
509 1447 562 1506 sed
580 1445 676 1522 exigit,
691 1454 723 1504 ut
739 1445 804 1521 ejus
822 1462 907 1505 servo
926 1445 1084 1530 praecipuo
1102 1445 1199 1505 debite
1219 1414 1346 1497 ¹⁸³¹*etatemque

144 1543 182 1625 in
207 1541 415 1620 temporalibus
439 1542 634 1603 ministretur?
674 1541 757 1602 Deus
780 1542 860 1601 enim
887 1542 937 1618 qui
962 1560 1023 1601 non
1049 1539 1176 1602 deficit
1168 1562 1199 1602 m

144 1620 310 1722 majoribus
328 1653 362 1703 ut
375 1641 461 1702 bonis
481 1642 590 1720 gratiae
604 1652 633 1703 et
653 1652 782 1712 naturae,
795 1658 857 1700 non
878 1640 976 1700 deficit
989 1641 1079 1701 servis
1096 1641 1155 1702 suis
1168 1641 1199 1700 in

143 1737 303 1824 minimis¹,
325 1739 490 1817 cujusmodi
515 1749 582 1800 sunt
603 1741 684 1798 bona
706 1737 848 1798 sommae.
892 1737 1028 1797 Similiter
1050 1738 1118 1799 licet
1142 1737 1200 1800 evi·

145 1839 265 1924 dentiae
286 1849 353 1900 tuae
374 1839 485 1912 tollant,
506 1839 587 1917 quod
608 1837 753 1917 praelatus
773 1838 804 1896 in
823 1837 935 1897 clericis
955 1856 1017 1898 non
1039 1838 1126 1898 debet
1146 1839 1200 1898 ista

145 1937 303 2022 requirere,
325 1937 378 1999 sed
402 1937 440 1998 de
464 1936 565 2015 paucis
589 1933 798 2013 temporalibus
823 1933 994 2007 contentari,
1017 1945 1116 1996 tamen
1138 1953 1200 1995 non

146 2053 320 2116 praesumes
347 2052 485 2106 asserere,
509 2035 581 2112 quin
608 2032 674 2094 licet
698 2033 826 2093 dominis
853 2031 1062 2110 temporalibus
1088 2032 1199 2094 clericis

145 2132 209 2215 suis
222 2132 304 2193 titulo
317 2132 513 2192 eleemosinae
531 2132 587 2192 ista
599 2131 677 2202 dare,
692 2132 761 2208 quia
779 2131 821 2191 sic
840 2132 1024 2208 extingueres
1042 2131 1200 2209 quamlibet

144 2232 356 2295 eleemosinam
367 2230 557 2307 corporalem.
601 2228 734 2289 Similiter
748 2229 842 2289 clerici
857 2239 980 2306 possunt
991 2230 1199 2307 aliquantulum

144 2330 255 2391 habere
275 2329 348 2389 haec
369 2328 540 2405 temporalia
560 2338 589 2388 et
609 2328 679 2388 satis
699 2345 786 2405 parce
807 2329 909 2399 vivere,
931 2346 987 2388 nec
1008 2329 1079 2389 citra
1099 2329 1200 2389 omnia

145 2428 201 2489 erit
215 2436 321 2499 status3
342 2444 415 2503 ergo
428 2435 550 2503 possunt
563 2425 669 2485 habere
684 2425 756 2485 haec
771 2427 942 2503 temporalia
952 2425 1094 2486 servando
1108 2428 1198 2504 parsi-

145 2524 289 2595 moniam,
313 2523 386 2583 sicut
410 2522 541 2582 lecerimt
565 2521 698 2598 apostoli.
749 2520 787 2581 Et
812 2522 853 2581 sic
881 2522 1007 2581 creditur
1031 2521 1197 2582 Silvestrum

145 2620 252 2682 iecisse
272 2630 302 2680 et
323 2620 430 2679 multos
453 2620 533 2690 alios,
554 2637 630 2696 quos
651 2608 829 2679 canonisavit
849 2620 980 2680 ecclesia.
1022 2619 1099 2681 Cum
1119 2622 1198 2680 enim
1219 2693 1220 2696 Ἴ

145 2720 221 2788 haec
234 2719 405 2796 temporalia
423 2718 479 2777 sint
498 2726 644 2777 creaturae
659 2716 788 2777 divinae²
800 2728 830 2777 et
847 2736 900 2795 per
918 2736 1102 2796 consequens
1116 2719 1198 2779 valde

146 2818 238 2888 bona,
252 2815 323 2894 quid
336 2826 423 2875 nocet
442 2814 550 2874 habere
567 2815 632 2892 ipsa
646 2833 714 2874 cum
729 2815 815 2875 bonis
833 2816 977 2888 maximis,
992 2835 1061 2877 cum
1074 2817 1198 2878 multum

146 2933 202 2994 per
215 2901 351 2974 accidens
364 2913 502 2991 prosunt³
515 2912 589 2973 illis?

188 3011 349 3071 Phrenesis.
391 3009 489 3071 Claret
512 3009 583 3069 mihi
606 3028 643 3068 ex
668 3009 791 3086 decupla
815 3010 873 3071 fide
896 3012 1053 3088 scripturae
1076 3013 1199 3091 allegata
1257 3040 1269 3064 u
1325 3053 1331 3066 .

145 3111 288 3188 superius,
312 3127 402 3186 quam
426 3109 570 3168 credimus
593 3125 628 3166 os
652 3107 774 3166 Domini
798 3107 928 3167 locutum
955 3109 1053 3182 luisse,
1079 3111 1199 3170 clericos

145 3219 265 3268 nostros
278 3217 308 3267 et
321 3206 481 3284 specialiter
501 3215 633 3282 tempore
652 3204 724 3282 legis
742 3206 850 3282 gratiae
870 3206 976 3266 debere
997 3209 1038 3266 sic
1052 3208 1155 3281 vivere,
1170 3219 1199 3268 et

145 3323 217 3366 cum
236 3303 368 3365 Christus
386 3303 469 3362 Deus
489 3313 518 3362 et
538 3303 629 3361 homo
650 3302 728 3362 istud
749 3305 915 3380 praecipiat,
936 3314 1016 3381 patet
1036 3305 1116 3382 quod
1137 3323 1199 3364 non

145 3403 240 3480 diligit
263 3402 427 3462 Dominum
450 3399 552 3479 Jesum
576 3398 733 3470 Christum,
758 3401 808 3476 qui
836 3402 999 3461 notabiliter
1026 3402 1099 3462 haec
1127 3422 1199 3463 con·

145 3501 259 3572 temnit,
279 3509 309 3560 et
326 3518 379 3576 per
396 3516 579 3575 consequens
600 3498 934 3557 excommunicationem
951 3499 1199 3562 horribilissimam

144 3597 272 3667 incurrit,
294 3614 362 3656 cum
386 3597 536 3674 apostolus
560 3596 637 3654 dicat
660 3612 673 3652 1
698 3593 829 3654 Corinth.
851 3596 961 3668 ultimo,
984 3598 1024 3657 ‘si
1048 3600 1113 3675 quis
1138 3618 1199 3659 non

144 3705 224 3755 amat
241 3694 404 3753 Dominum
422 3693 523 3773 Jesum
537 3693 694 3763 Christum,
710 3694 745 3753 sit
764 3691 935 3754 anathema'
976 3695 1015 3755 Et
1034 3715 1101 3756 cum
1121 3697 1200 3758 idem

144 3792 183 3852 sit
210 3810 307 3851 amare
332 3791 481 3852 Christum
505 3801 534 3850 et
559 3790 655 3867 legem
680 3808 763 3850 suam
786 3791 917 3870 implere,
942 3804 1022 3872 patet
1045 3795 1126 3872 quod
1154 3797 1200 3856 isti

143 3891 263 3969 praelati
278 3891 495 3969 specialitersic
509 3890 712 3950 inobedientes
725 3890 782 3967 legi
797 3889 917 3951 Domini
935 3893 1084 3952 incurrunt
1098 3890 1201 3970 graue⁴

142 3986 307 4049 anathema
350 3988 411 4047 Ista
424 3998 523 4048 autem
537 3989 803 4048 excommunicatio
818 4008 836 4048 a
851 3989 959 4065 Spiritu
971 3991 1080 4050 Sancto
1093 3990 1200 4051 inflicta

176 4138 184 4174 ¹
202 4143 323 4209 minimis]
335 4144 450 4200 nummis,
461 4144 499 4194 ed
512 4159 549 4208 pr.
627 4143 780 4194 ¹creaturae
791 4143 901 4206 divinae]
913 4151 1025 4194 creatura
1037 4144 1094 4200 Dei.
1106 4144 1199 4195 1th-

142 4207 183 4258 ed
195 4224 233 4274 pr
330 4209 588 4275 ’prosunt]pros1nt
601 4210 632 4259 Α.
732 4208 1012 4274 ¹grave]graurus,ed
1025 4225 1063 4275 pr
