2864 4836
135 455 225 492 car..
265 433 751 497 SUPPLEMENTUM
780 435 1076 497 TRIALOGI.

137 609 260 671 cunque
274 596 388 656 notorie
401 615 524 674 peccare
538 609 641 658 contra
655 599 830 674 decalogum
848 598 1061 658 mandatorum.
1105 596 1194 656 Unde

139 694 276 753 notando
304 694 519 755 distinctionem
547 696 661 755 illomm
689 706 826 772 quattuor
851 698 1043 755 terminorum
1070 695 1193 754 concedi

141 789 232 850 debet
250 793 347 868 primo
361 792 399 852 de
413 810 589 869 quocunque
604 795 748 871 praesenti
762 793 892 870 praelato
906 794 951 852 vel
969 793 1099 865 homine,
1112 793 1194 870 quod

138 886 206 964 jam
219 906 280 948 non
301 891 390 949 credo
410 891 544 967 explicite
566 891 675 967 ipsum¹
698 910 762 951 esse
783 893 949 950 membrum
970 892 1118 963 ecclesiae,
1132 893 1192 950 sive

140 983 229 1046 fuerit
241 1005 319 1064 papa
333 989 392 1047 sive
405 989 562 1066 episcopus
576 991 635 1048 sive
650 991 815 1065 quicunque
835 991 907 1048 alius
924 990 987 1066 jam
1001 1008 1069 1048 cum
1083 1002 1193 1048 morta-

140 1082 221 1144 tibus
239 1096 435 1144 conversatus.
477 1085 560 1145 Patet
579 1106 616 1146 ex
635 1086 701 1158 hoc,
716 1088 797 1164 quod
816 1106 878 1146 non
897 1098 940 1146 est
958 1088 1030 1146 fides
1052 1088 1194 1163 explicite,

142 1199 215 1242 cum
229 1183 349 1259 quilibet
361 1183 425 1243 talis
440 1185 476 1243 sit
490 1185 520 1242 in
535 1196 609 1244 statu
624 1185 725 1261 inquo
739 1182 847 1262 possit²
858 1204 923 1244 esse
938 1186 1044 1261 dignus
1054 1185 1195 1254 damnari,

142 1296 214 1340 cum
227 1281 259 1339 in
272 1293 393 1358 peccato
408 1282 503 1341 finalis
521 1283 757 1359 impoenitentiae
776 1293 876 1360 posset
895 1284 978 1342 mori.
1022 1282 1158 1342 Similiter
1171 1282 1195 1341 si

140 1377 208 1456 jem
221 1378 362 1438 debemus
376 1379 494 1438 credere
509 1379 652 1456 explicite,
664 1379 744 1455 quod
758 1381 811 1439 iste
827 1381 863 1438 sit
876 1382 1042 1439 membmm
1056 1379 1195 1438 ecclesiae

142 1486 177 1537 et
196 1476 426 1553 praedestinatus
447 1477 485 1536 ad
506 1478 638 1554 gloriam,
654 1496 721 1537 cum
742 1478 800 1537 hoc
821 1495 882 1536 non
903 1488 999 1554 potest
1014 1478 1117 1536 cadere
1140 1477 1195 1534 sub

143 1591 244 1646 sensu,
257 1584 374 1651 oportet
388 1575 458 1635 illud
471 1594 508 1634 err
522 1576 713 1636 revelatione⁸
733 1587 782 1635 aut
796 1577 1045 1635 demonstratione
1064 1575 1195 1650 accipere

1222 329 1399 344 ¹⁸¹⁸—ae

1274 451 1339 517 4¹5

142 1672 242 1733 velex
256 1671 322 1732 lide.
365 1673 423 1733 Sed
437 1691 505 1732 cum
522 1671 734 1751 quodcunque⁴
749 1676 870 1732 istomm
890 1674 975 1732 nobis
995 1673 1099 1741 deficit,
1117 1682 1196 1748 patet
1264 1748 1269 1764 .

142 1770 314 1843 conclusi03
336 1788 403 1830 cum
418 1770 497 1829 enim
513 1782 615 1830 notum
631 1772 690 1842 sit⁶,
706 1773 799 1848 prima
813 1772 872 1830 duo
892 1771 1025 1841 deficere,
1040 1771 1065 1829 si
1079 1770 1195 1828 tertium

142 1867 235 1929 foret⁴
248 1887 356 1940 verum,
376 1871 439 1946 pari
457 1870 602 1929 evidentia
620 1871 692 1928 fides
712 1870 785 1928 foret
805 1869 842 1928 de
861 1869 999 1946 quohbet,
1014 1868 1111 1944 ipsum
1130 1885 1195 1925 esse

143 1967 325 2037 salvandum,
339 1977 369 2027 et
383 1968 425 2026 sic
439 1967 529 2027 loret⁷
543 1967 615 2027 fides
634 1967 795 2037 falsissima,
810 1986 877 2026 cum
898 1984 987 2025 nemo
1006 1967 1074 2025 dicit
1090 1966 1195 2038 rrinpli-

143 2065 214 2123 citer
237 2065 275 2124 de
301 2065 405 2136 inesse,
429 2066 511 2142 quod
535 2066 580 2124 ille
609 2066 770 2135 salvabitur,
797 2066 865 2141 quia
889 2065 1043 2123 salvabitur
1066 2065 1096 2120 si
1117 2061 1196 2120 Deus

143 2162 270 2233 volumi,
291 2163 336 2221 vel
357 2162 437 2238 quod
457 2173 501 2221 est
520 2164 551 2221 in
565 2173 640 2222 statu
661 2164 692 2221 in
715 2180 775 2238 quo
796 2162 897 2221 salvari
914 2165 1022 2237 poterii,
1039 2179 1107 2220 cum
1127 2172 1196 2220 tunc

144 2260 292 2337 quaelibet
312 2270 445 2320 creatura
464 2271 494 2319 et
515 2260 636 2337 quilibet
657 2261 749 2319 homo
770 2261 935 2320 necessario
954 2260 1117 2320 salvaretur.
1159 2259 1198 2317 Et

144 2358 190 2418 sic
202 2358 312 2417 nedum
325 2375 404 2434 papa
417 2377 469 2435 per
483 2359 719 2417 canonisationes
736 2358 844 2418 laceret
863 2376 956 2417 novos
976 2358 1111 2417 articulos
1130 2356 1198 2415 fidei

145 2455 287 2516 ecclesiae
301 2456 533 2532 expressandos3
555 2456 607 2515 sed
622 2456 741 2532 quilibet
755 2456 846 2514 homo
860 2466 889 2514 et
903 2455 1048 2532 quaelibet
1067 2465 1199 2513 creatura

145 2571 215 2614 cum
225 2552 314 2612 saciat
324 2554 452 2630 aliquam
462 2555 629 2626 veritatem3
651 2554 725 2613 sicut
739 2572 807 2612 cum
819 2555 937 2613 credere
949 2553 1091 2612 debemus
1104 2551 1195 2611 eccle·

145 2652 220 2712 siam
248 2659 379 2710 sanctam
401 2651 575 2711 catholicam
600 2644 751 2728 tanquam
764 2652 860 2722 fidem,
882 2661 911 2710 et
935 2650 1053 2710 itemm⁸
1076 2651 1194 2709 credere

145 2748 298 2819 debemus,
320 2748 401 2825 quod
423 2749 589 2826 quodlibet⁹
611 2750 776 2808 membrum
799 2750 872 2808 illius
895 2749 1035 2808 ecclesiae
1058 2749 1095 2808 sit
1114 2765 1198 2824 prae·

146 2846 323 2906 destinatum
344 2847 383 2905 ad
404 2846 537 2923 gloriam.
579 2847 610 2905 Si
634 2847 752 2906 credere
773 2847 925 2918 debemus,
947 2847 1028 2924 quod
1048 2845 1095 2905 ille
1117 2863 1198 2923 papa

146 2943 192 3003 vel
213 2945 370 3020 episcopus
392 2944 428 3003 sit
453 2945 618 3002 membmm
643 2955 760 3004 sanctae
784 2947 884 3004 matris
909 2945 1057 3014 ecclesiae,
1080 2942 1197 3002 credere

145 3041 288 3102 debemus
312 3042 393 3118 quod
417 3052 570 3117 repugnat,
591 3044 686 3118 ipsum
708 3043 739 3100 in
765 3053 919 3117 peccatum
940 3041 1033 3099 finalis
1054 3041 1198 3117 impoeni-

145 3141 254 3200 tentiae
268 3140 388 3211 cadere;
411 3139 462 3198 sed
477 3140 547 3216 quid
558 3140 828 3198 inconvenientius?
864 3137 944 3197 Sicut
954 3149 999 3197 est
1009 3138 1198 3213 impertinens

146 3237 253 3308 dicere,
280 3237 361 3314 quod
389 3237 436 3295 ille
469 3236 632 3296 secundum
659 3246 844 3312 praesentem
871 3235 1012 3310 justitiam
1039 3244 1083 3293 est
1111 3242 1198 3310 caput

146 3345 266 3395 sauctae
290 3337 391 3394 matris
414 3335 553 3395 ecclesiae
579 3335 624 3393 vel
648 3335 813 3393 membrum
840 3334 1032 3409 reputativum
1057 3331 1198 3390 ecclesiae

146 3431 264 3502 Christi,
288 3450 351 3492 non
380 3434 514 3491 obstante
544 3433 625 3509 quod
649 3432 684 3490 sit
712 3431 853 3500 diabolus,
879 3431 947 3506 quia
975 3447 1035 3487 non
1064 3438 1108 3487 est
1135 3429 1199 3487 talis

146 3532 375 3590 communicatio
396 3528 503 3589 Christi
527 3531 565 3589 ad
590 3529 715 3589 uenatu
757 3529 831 3588 Ideo
855 3537 934 3604 patet
956 3545 993 3586 ex
1014 3527 1072 3584 lide
1093 3524 1200 3584 Christi

147 3630 306 3706 scripturae
325 3638 354 3687 et
372 3628 523 3706 multiplici
542 3628 709 3687 testimonio
728 3636 905 3696 sanctorum,
925 3625 1006 3700 quod
1026 3624 1136 3683 nullum
1156 3633 1201 3682 est

146 3727 313 3785 membmm
334 3735 452 3786 sanctae
473 3726 573 3784 matris
592 3725 732 3784 ecclesiae
753 3724 809 3782 nisi
830 3741 957 3800 persona
977 3722 1198 3799 praedestinata

181 3937 861 4066 1crodobegpliciteipsupr]cotlpcedoplsurplerrplicitg.
874 3937 904 3987 C.
998 3999 1007 4028 r
1057 3932 1199 4062 0d²possitp

147 4011 333 4135 i'li‘ilqi'ejcl
464 4011 860 4131 dimidietates
958 4015 1060 4128 «sotii
1073 4013 1200 4118 milii.

147 4133 446 4198 'loretlloretsorcqb
596 4134 646 4181 'et
658 4132 758 4208 iterum]
771 4131 879 4186 etenim,
891 4132 921 4180 C.
1033 4127 1202 4192 'quodlibetl

148 4199 279 4264 quotlibet.
291 4201 321 4249 C.
421 4199 439 4228 ¹⁰
455 4198 486 4248 cs.
501 4211 511 4247 1
523 4197 636 4249 Corinth.
646 4213 677 4246 vr.
690 4211 728 4260 ¹5·
