2864 4836
510 284 734 295 .....-—.—--—-.

486 391 743 474 JOANNJS
786 392 1033 456 WICLIF
1205 412 1266 449 mn.

202 568 205 581 '
220 580 272 638 per
285 560 363 619 mille
383 575 478 617 annos
499 567 528 616 et
548 556 672 633 amplius
686 553 881 626 suffecerunt,
903 557 1081 633 quomodo
1101 573 1173 632 ergo
1189 562 1225 612 est
1237 550 1268 608 b

220 659 257 718 de
271 657 449 735 poenitentia
463 656 546 714 tertia
555 666 616 713 tam
627 652 829 729 improbabilis
839 654 1053 714 introducta?
1075 647 1269 713 videar‘ni

220 756 301 832 quod
324 756 380 813 ista
403 754 588 813 observantia
610 752 697 828 hujus
720 750 794 827 legis
815 752 942 827 papalis
967 752 1067 812 debet
1087 750 1197 811 admitti
1211 762 1269 824 tr*

220 854 279 912 eise
293 853 330 911 de
345 863 456 929 quanto
470 852 605 911 discretio
619 849 784 909 confitentis
795 847 913 924 iudicat
927 849 1058 926 ipsam’
1071 850 1130 910 sibi
1143 847 1265 927 protum

262 949 382 1009 Alt'thr'o.
423 949 528 1019 Video,
553 948 647 1013 irater,
671 946 752 1025 quod
775 946 864 1004 istam
894 946 1007 1023 legem
1034 948 1177 1027 papalem
1194 958 1271 1023 ptr·

221 1049 377 1123 ponderas,
399 1057 428 1106 et
447 1047 559 1106 videtur
578 1046 658 1116 mihi,
679 1044 761 1121 quod
781 1061 835 1120 per
857 1042 945 1104 idem
972 1046 1189 1106 consessiones
1206 1042 1272 1101 iam

222 1147 347 1205 limitatis
362 1144 578 1205 confessoribus
588 1143 738 1203 modicum
750 1140 962 1218 ponderares¹,
975 1153 1012 1202 et
1024 1145 1072 1203 sic
1083 1142 1273 1203 absolutione·

223 1262 240 1302 a
254 1262 352 1320 poena
364 1253 393 1301 et
406 1262 425 1301 a
439 1242 524 1318 culpa
539 1251 568 1300 et
580 1240 698 1316 plenam
712 1239 920 1297 remissionem
940 1257 1135 1301 concessam
1148 1260 1167 1301 a
1178 1246 1275 1317 papas

223 1360 276 1418 per
295 1341 373 1402 idem
394 1341 507 1417 peccati
527 1338 722 1415 gravedinem,
743 1353 832 1411 quam
853 1335 1011 1411 praelatus
1035 1338 1223 1398 fruminando
1237 1351 1275 1394 ex·

224 1439 520 1497 communicationem
541 1434 706 1493 horribilem
727 1451 815 1509 saepe
834 1435 984 1509 generat‘.
1033 1436 1077 1495 Et
1099 1439 1144 1496 sic
1166 1432 1276 1495 diffinitio

225 1536 380 1594 Romanae
394 1535 490 1592 curiae
504 1534 534 1591 in
548 1533 652 1591 talibus
667 1531 816 1608 deperiret.

265 1631 427 1690 Phrenesis.
470 1629 540 1689 Non
560 1630 645 1689 video
666 1630 736 1705 quin
755 1627 846 1686 multa
859 1645 928 1686 vera
948 1630 1083 1701 innuis³,
1098 1650 1170 1691 cum
1187 1631 1217 1689 in
1232 1627 1277 1687 ide

225 1732 382 1806 scripturae
404 1730 466 1787 sine
481 1729 565 1786 novis
579 1727 775 1786 additionibus
790 1724 826 1783 de
840 1723 983 1784 Romana
997 1730 1088 1788 curia
1108 1730 1180 1788 satis
1197 1726 1277 1803 expt’r

225 1829 321 1897 mitur,
334 1826 485 1903 quomodo
499 1827 565 1901 quis
578 1825 666 1883 debet
679 1824 789 1894 vivere;
810 1839 870 1898 quo
884 1834 1003 1883 servato
1017 1828 1162 1903 sequitur
1173 1844 1211 1885 ex
1223 1824 1278 1891 fide,

226 1925 307 2001 quod
321 1925 407 1983 vitam
422 1923 498 1981 illam
513 1923 666 2000 perficiens
685 1923 721 1981 sit
740 1920 900 1980 salvandus
942 1919 1038 1981 Unde
1054 1941 1170 1984 omnes
1183 1916 1280 1984 dicae·

226 2023 342 2082 fictitiae
365 2032 432 2080 sunt
456 2033 488 2079 ut
510 2021 704 2079 communiter
727 2017 927 2095 promulgatae
951 2019 993 2076 ad
1018 2021 1240 2098 subjectionem
1255 2029 1281 2077 et

227 2120 358 2178 fallacem
380 2118 577 2177 obedientiam
597 2116 708 2194 papae⁷
729 2114 939 2175 reservandam.
982 2115 1024 2174 Et
1044 2119 1093 2177 sic
1115 2132 1229 2179 oertum
1244 2126 1281 2176 est

209 2192 211 2217 Ι
228 2215 322 2292 quod⁸
336 2216 507 2291 blasphema
521 2215 663 2291 cupiditas
677 2223 721 2273 est
735 2212 906 2272 damnabilis
924 2213 1010 2272 radix
1025 2214 1129 2293 hujus.
1173 2216 1281 2292 Prosp'r

228 2316 339 2372 ciamus
364 2313 450 2389 igitur
475 2313 505 2369 in
528 2312 591 2389 lege
613 2311 757 2388 perlectae
778 2310 938 2382 libertatis',
959 2313 1035 2388 quid
1057 2317 1239 2393 praecipitur
1256 2324 1281 2371 et

229 2411 383 2470 mandatur
410 2431 428 2470 a
452 2409 592 2479 Domino,
618 2421 646 2468 et
670 2409 739 2468 illud
767 2408 951 2484 perficiamus
978 2419 1009 2468 et
1033 2430 1053 2469 a
1077 2415 1174 2472 vetito
1201 2413 1281 2473 ab&-

210 2527 350 2568 rncamus
373 2511 483 2584 absque
508 2508 685 2567 attendentia
707 2508 745 2565 ad
768 2509 847 2584 leges
869 2507 1018 2566 ordinatas
1044 2511 1173 2580 noviter,
1195 2518 1281 2570 etesi

209 2580 305 2679 isatis
355 2606 442 2665 Unde
468 2607 549 2682 quod
574 2625 660 2682 super
684 2616 736 2677 est,
762 2607 897 2666 nedum¹⁰
920 2627 938 2664 a
964 2607 1037 2663 malo
1062 2618 1118 2678 est,
1146 2609 1226 2668 sed¹¹
1247 2613 1284 2664 ert

210 2686 213 2767 Ι
229 2707 339 2774 naulum,
355 2706 548 2763 communiter
568 2721 692 2763 caecans
713 2704 827 2763 multos.
869 2706 907 2762 Et
927 2705 969 2763 sic
987 2704 1024 2762 de
1046 2708 1192 2766 omnibus
1206 2709 1281 2773 votis

211 2780 471 2878 :promissionibus
496 2812 524 2857 et
549 2802 610 2858 aliis
635 2802 751 2876 privatis
775 2803 964 2861 observantiis
992 2803 1165 2862 consideret
1195 2805 1281 2864 fidelis

211 2888 214 2973 i,
230 2898 500 2976 omnipotentiam¹²
514 2897 584 2975 Jesu
599 2900 697 2968 nostri,
709 2910 737 2956 et
748 2900 866 2957 trahat¹³
879 2910 971 2957 totam
982 2900 1182 2959 intentionem
1198 2904 1281 2960 animi

212 2982 266 3087 lad
288 2998 415 3056 futurum
437 2997 559 3054 vivendo
581 2995 743 3071 perfectius
759 3007 790 3055 ut
811 2998 928 3073 prodest
949 2997 1099 3067 ecclesiae,
1118 3010 1147 3056 et
1171 3000 1209 3059 de
1231 3002 1282 3058 vita

212 3094 307 3183 lmala
328 3096 479 3170 praeterita
500 3096 654 3168 poeniteat,
677 3095 853 3154 confirmans
875 3097 905 3152 in
926 3096 1078 3171 ipsomet¹⁴
1100 3100 1281 3172 propositum

212 3202 215 3279 l
231 3211 292 3250 non
307 3194 423 3250 ulterius
438 3193 479 3248 sic
495 3192 643 3267 peccandi.
686 3191 724 3249 Et
737 3203 768 3249 ut
778 3193 890 3251 videtur
903 3192 982 3262 mihi,
994 3192 1099 3251 sufficit
1114 3195 1154 3253 ad
1168 3197 1281 3272 culpam

212 3288 384 3373 {delendam
407 3301 434 3348 ct
456 3291 493 3347 ad
515 3289 710 3358 salvationem,
733 3289 999 3366 quomodocunque
1023 3293 1192 3367 superiores
1216 3311 1283 3351 con·

214 3390 382 3459 ¹trariantur
406 3389 450 3445 isti
476 3389 643 3446 sentcntiae.
697 3387 755 3445 Sed
779 3390 809 3446 in
834 3389 970 3446 omnibus
994 3389 1056 3447 istis
1079 3390 1169 3449 debet
1194 3392 1283 3450 fidelis

214 3486 333 3544 leavere
355 3505 392 3543 ne
414 3505 480 3544 curn
496 3485 562 3543 Deo
584 3486 760 3561 sophisticct
803 3486 841 3544 Et
862 3496 1001 3562 quantum
1023 3486 1061 3543 ad
1083 3487 1155 3547 illud
1176 3490 1281 3548 dictum

267 3681 274 3709 ¹
291 3681 398 3744 videtur]
412 3682 506 3730 videtur
518 3697 585 3744 ergo,
597 3683 635 3730 ed.
648 3699 684 3746 pr.
785 3683 795 3711 ²
808 3683 901 3745 judicat
913 3681 1003 3747 ipsam]
1015 3682 1109 3732 indicat
1120 3684 1184 3748 ipsa,
1196 3685 1234 3735 ed.
1245 3701 1279 3749 pr.

233 3748 241 3773 ⁸
259 3746 418 3809 ponderares]
430 3747 559 3811 ponderas,
572 3747 634 3795 AB.
647 3748 768 3796 secundae
779 3763 873 3796 manus.
1036 3748 1044 3775 ⁴
1061 3750 1176 3813 generat]
1189 3759 1279 3814 gravat,

234 3812 326 3859 A.B.C.
338 3811 376 3858 ed.
390 3827 425 3874 pr.
610 3813 620 3840 ⁰
636 3812 728 3877 innuis]
742 3814 822 3861 minus
833 3812 921 3867 innuis,
932 3811 970 3861 ed.
983 3828 1028 3888 pr..
1041 3813 1069 3861 Β.
1082 3815 1178 3877 primae
1189 3831 1279 3864 manus

216 3868 218 3951 Ξ
232 3878 242 3903 ⁶
259 3876 350 3937 dictae]
364 3875 515 3931 illaedictae,
525 3876 617 3926 ΑΒΕ.
630 3879 667 3926 ed.
677 3894 713 3941 pr.
779 3878 788 3905 ⁷
805 3877 897 3941 papae]
907 3877 1000 3941 populi,
1011 3877 1049 3926 ed.
1059 3894 1096 3941 pr.
1164 3881 1174 3908 ⁸
1191 3888 1280 3930 certum

215 3972 218 4019 ν
233 3950 269 4015 est
281 3942 359 4003 quod]
372 3957 421 3988 om.
433 3941 471 3988 cd.
484 3958 520 4005 pr.
646 3943 656 3970 ⁹
673 3943 702 3991 cl.
715 3944 767 4006 Jac.
780 3944 794 3991 i.
810 3957 847 4003 ²5·
972 3943 991 3971 ¹⁰
1006 3942 1110 4007 nedum]
1122 3946 1241 4019 nonduin.
1252 3947 1279 3994 C.

215 4058 218 4067 ,
234 4023 326 4069 primae
338 4022 431 4058 munus.
443 4007 481 4054 cd.
495 4023 530 4070 pr.
665 4009 680 4036 ¹¹
699 4008 753 4070 sed]
766 4016 798 4059 et.
811 4009 841 4055 A.
856 4008 882 4055 B.
1028 4007 1046 4035 ¹¹
1062 4010 1278 4073 omnipotentiam]

216 4073 383 4132 opinionem.
397 4072 719 4123 rittttsccundaernanus.
787 4073 913 4138 ¹trnhat]
922 4072 1079 4135 trajiciul‚ed.
1088 4089 1127 4136 pr.
1185 4076 1202 4104 ¹⁴
1218 4075 1280 4139 ipso·

234 4136 296 4199 met]
309 4136 371 4198 ipso,
385 4136 477 4185 nite.
