2864 4836
137 456 237 496 cana
502 437 844 500 TRIALOGUS.

139 597 219 659 dum
237 598 363 676 logicam
381 601 579 660 relativorum¹
593 620 654 660 non
673 601 807 660 dicuntur
825 601 975 678 conjuges,
991 601 1046 660 nisi
1065 620 1141 660 unus
1162 602 1199 659 sit

138 697 255 773 conjux
277 698 392 758 alterius
413 710 442 758 et
461 710 611 770 econtra;
641 699 773 757 concedo
795 709 893 758 tamen
914 700 974 769 tibi,
989 699 1070 774 quod
1087 701 1197 775 conjux

141 791 218 852 dicit
230 797 394 870 generalius
408 797 623 873 copulationem
638 796 753 856 talium²
767 815 856 872 quarn
871 798 1040 855 societatem
1054 797 1200 856 sodalium

140 890 193 950 vel
214 894 431 969 copulationem
453 895 598 953 carnalem
612 906 662 953 aut
682 894 932 965 matrimonialem,
959 913 1027 953 curn
1048 905 1105 954 stat
1130 895 1201 955 tales

141 987 220 1048 duas
233 1008 375 1066 personas
390 1009 426 1050 ex
441 1010 590 1051 consensu
604 992 778 1051 abscondito
793 991 933 1068 copulari.

187 1086 236 1145 Ad
249 1090 394 1146 secundant
416 1099 496 1147 tuam
520 1091 682 1147 rirslanleirm
706 1090 817 1148 videtur
841 1090 911 1148 mihi
935 1091 1096 1166 probabile,
1119 1090 1200 1167 quod

141 1184 218 1244 tales
232 1187 281 1261 qui
300 1205 362 1245 non
380 1198 503 1262 possunt
522 1205 674 1263 procreare
694 1189 852 1258 carnaliter,
867 1189 1089 1264 quodammodo
1104 1189 1198 1247 illicite

142 1283 327 1359 copulantur.
369 1285 456 1344 Unde
478 1286 671 1362 antiquiqui³
691 1287 904 1362 excupiditate
925 1287 1140 1362 temporalium,
1161 1305 1199 1344 ex

143 1397 201 1456 spe
224 1393 391 1442 mutuorum
414 1384 596 1460 juvaminum
617 1394 666 1442 aut
687 1401 724 1441 ex
749 1401 837 1442 causa
857 1384 1040 1442 excusandae
1062 1384 1198 1448 libidinis,

143 1477 213 1537 licet
240 1479 395 1556 desperent
423 1481 460 1539 de
488 1481 577 1557 prole,
603 1482 790 1557 copulantur⁴
818 1480 856 1538 ad
884 1481 1016 1550 invicem,
1043 1499 1104 1539 non
1134 1497 1200 1538 vere

144 1578 394 1637 matrimonialiter
413 1579 592 1656 copulantur,
607 1576 651 1638 et⁶
668 1580 789 1655 juvenes
805 1588 898 1636 aetate
920 1577 974 1635 sed
993 1577 1201 1653 improportio-

144 1674 278 1734 nabiliter
292 1677 440 1752 conjugati
454 1694 491 1734 ex
512 1687 634 1753 peccato
656 1677 753 1753 priori,
769 1675 906 1734 deficiunt
926 1676 1075 1734 aratione
1095 1675 1197 1751 plena⁰

144 1771 232 1849 hujus
246 1775 415 1833 venerabilis
437 1776 615 1834 sacramenti.
659 1774 745 1832 Multi
768 1775 846 1831 enim
869 1774 898 1830 in
919 1773 1108 1848 proportione
1130 1782 1197 1831 sunt

143 1871 236 1945 inepti
257 1871 295 1930 ad
317 1872 506 1948 gignendum,
521 1873 571 1949 qui
596 1891 662 1931 cum
685 1873 747 1929 aliis
771 1871 841 1930 satis
862 1871 1024 1946 gignerent,
1046 1869 1113 1928 ideo
1135 1888 1196 1928 non

144 1967 282 2027 deficeret
302 1986 372 2028 suae
394 1971 569 2046 copulationi
590 1969 646 2027 Dei
667 1970 806 2045 regimen,
822 1969 877 2027 nisi
897 1977 1051 2044 peccatum
1073 1968 1200 2026 anterius

143 2066 183 2123 sit
195 2065 226 2122 in
240 2083 334 2125 causa
377 2066 481 2125 Utrum
504 2078 600 2126 autem
621 2067 692 2127 tales
713 2077 886 2143 permanent
906 2084 1008 2142 graves
1029 2064 1148 2124 adulteri
1163 2083 1199 2123 ex

144 2161 218 2221 salsa
231 2162 396 2239 palliatione
410 2166 595 2235 matrimonii,
611 2165 742 2241 relinquo
757 2165 819 2223 aliis
838 2163 1103 2239 perscrutandum⁷,
1123 2173 1199 2221 certe

144 2278 287 2332 asserens,
315 2263 395 2338 quod
428 2280 489 2320 non
521 2273 564 2320 est
592 2261 752 2339 legitimum
781 2262 1006 2329 matrimonium,
1035 2260 1090 2319 nisi
1118 2259 1199 2319 Deus

144 2359 339 2434 approbando
364 2360 523 2436 conjtingat
547 2359 638 2418 taliter
663 2360 845 2436 conjugatos,
866 2376 936 2417 cum
958 2356 1090 2416 Christus
1114 2358 1198 2433 perti·

144 2467 248 2514 uenter
268 2459 434 2534 praecipiat,
458 2458 555 2533 ‘quod
574 2456 657 2515 Deus
679 2457 839 2533 conjunxit,
858 2456 948 2513 homo
968 2472 1029 2512 non
1053 2453 1198 2530 separet⁸,’

143 2564 175 2612 et
195 2556 264 2630 quia
284 2556 399 2614 sumus⁹
420 2557 521 2614 incerti
543 2555 578 2613 de
605 2555 812 2630 conjunctione
836 2552 998 2628 approbata
1019 2570 1071 2627 per
1091 2551 1198 2623 Deum,

143 2651 214 2712 ideo
236 2653 317 2710 multi
341 2653 475 2712 homines
500 2654 529 2710 in
551 2653 653 2712 talibus
679 2651 822 2727 conjugiis
844 2650 880 2709 de
902 2651 959 2707 vita
980 2667 1033 2708 sua
1053 2650 1199 2708 meritoria

145 2761 213 2809 sunt
227 2751 337 2809 incerti.
380 2751 452 2810 ldeo
474 2751 627 2809 benedicta
648 2751 684 2808 sit
705 2750 887 2807 conversatio
902 2748 1045 2823 virginum
1067 2747 1129 2805 sine
1150 2747 1197 2805 tali

144 2847 267 2925 copulal
303 2849 423 2908 Etcum
441 2848 605 2924 frequenter
623 2848 694 2906 tales
714 2846 793 2923 apud
808 2846 905 2904 Deum
925 2845 1089 2921 indispositi
1110 2863 1198 2921 saepe

144 2948 176 3006 in
196 2945 269 3005 facie
289 2947 429 3006 ecclesiae
449 2946 698 3004 matrimonialiter
716 2943 897 3021 copulantur,
912 2951 1000 3018 patet,
1016 2961 1104 3018 quam
1123 2944 1197 3018 spis-

144 3045 200 3104 sim
222 3055 374 3120 peccatum
397 3045 584 3103 committitur
603 3045 633 3101 in
654 3043 703 3101 tali
724 3042 838 3117 copula,
853 3052 881 3100 et
902 3039 1065 3116 specialiter
1079 3041 1109 3097 in
1129 3040 1197 3098 ficto

144 3143 268 3202 divortio
293 3142 446 3202 celebrato.
495 3141 574 3200 Nam
599 3141 822 3217 pseudofratres,
847 3138 1020 3214 capitulares
1045 3138 1140 3196 clerici
1169 3149 1197 3196 et

143 3244 192 3302 alii
219 3242 315 3318 cupidi
344 3242 453 3301 iaciunt
482 3260 568 3317 saepe
597 3243 746 3300 dt'vorlium
775 3239 811 3297 de
840 3239 982 3314 personis,
1011 3254 1085 3312 quas
1114 3235 1197 3294 Deus

143 3342 331 3419 approbative
347 3341 514 3416 conjunxit3
543 3339 594 3398 sed
609 3357 661 3396 vae
677 3339 745 3397 illisl
783 3336 846 3394 Nec
862 3335 990 3394 delector
1010 3335 1041 3391 in
1060 3333 1197 3408 multipli-

143 3439 285 3498 catione¹⁰
300 3456 451 3498 causarum
471 3437 591 3506 divortii,
607 3454 674 3494 cum
695 3435 802 3493 multae
824 3443 892 3491 sunt
911 3431 1125 3489 infundabiliter
1145 3429 1197 3488 hu-

143 3538 271 3596 manitus
286 3536 455 3607 ordinatae,
480 3544 512 3593 ut
536 3543 615 3611 patet
640 3532 802 3608 specialiter
827 3531 863 3589 de
892 3529 1077 3605 cognatione.
1119 3527 1197 3586 Nam

143 3645 277 3709 tempore
291 3633 376 3709 primi
390 3632 517 3690 hominis
534 3629 635 3689 iratres
649 3641 678 3688 et
693 3646 809 3688 sorores
823 3626 940 3686 fuerunt
958 3643 996 3683 ex
1014 3625 1197 3683 ordinatione

144 3731 242 3790 divina
256 3731 349 3788 taliter
368 3729 525 3806 conjugati,
540 3738 568 3786 et
590 3738 720 3804 ternpore
735 3725 971 3804 patriarcharum,
992 3732 1023 3782 ut
1037 3722 1196 3794 Abraham,

177 3858 372 3923 ¹relativorum]
400 3857 540 3913 relatorum,
567 3856 595 3906 B.
622 3856 750 3913 secundae,
778 3856 807 3906 C.
834 3855 928 3920 primae
954 3867 1055 3908 manus:
1088 3868 1139 3901 om.
1167 3853 1197 3902 C.

142 3923 153 3952 ¹
170 3923 269 3987 talium]
282 3939 331 3972 om.
344 3924 437 3974 A.B.C.
507 3922 517 3952 ⁸
534 3923 586 3988 qui]
597 3923 625 3978 si,
638 3923 703 3972 ΑΕ.
716 3921 836 3970 secundae
847 3935 942 3969 manus.
1011 3918 1020 3946 ⁴
1036 3917 1195 3981 copulantur]

143 3987 297 4053 copulentur,
310 3989 454 4038 A.13.c.ed.
467 4004 504 4052 pr.
590 3987 652 4050 ⁸et]
666 3996 690 4036 et
702 3988 744 4042 sic,
757 3988 787 4035 C.
799 3987 837 4036 ed.
849 4001 886 4099 Ἐγ.
932 4049 937 4060 Ι
984 3982 1096 4047 ‘plena]
1109 3998 1197 4046 poena,

142 4054 182 4104 od.
195 4069 231 4117 pr.
360 4052 600 4118 'perscrutandum
657 4052 831 4107 rtractandum,
874 4063 994 4113 .pnmae
1016 4063 1118 4122 manus;
1144 4063 1197 4112 per·

143 4119 317 4174 scrutantibus.
337 4119 367 4168 C.
487 4119 496 4147 ⁸
512 4118 543 4169 ci.
557 4119 623 4167 Mntt
642 4155 647 4165 .
659 4118 707 4165 xix.
719 4116 743 4166 6.
865 4116 874 4144 ⁹
892 4112 988 4176 sumus]
1000 4112 1098 4168 luimus,
1109 4112 1148 4162 ed.
1160 4129 1196 4178 pr.

144 4186 163 4214 ¹⁰
179 4183 396 4248 multiplicatione]
409 4183 573 4240 multitudine,
585 4183 678 4233 ΑΒΕ.
691 4182 729 4231 ed.
741 4198 777 4246 pr.
