2864 4836
530 430 786 510 JOANNIS
827 428 1036 492 WICLIF
1234 452 1328 489 unrn

276 693 396 769 peccati,
417 710 484 751 cum
506 692 553 749 illa
578 708 638 749 non
659 702 782 768 possunt
803 691 894 749 taliter
919 689 1091 765 comparari,
1134 688 1207 747 Hoc
1232 699 1329 747 tamen

276 790 367 850 bene⁰
388 790 570 849 concluditur
591 800 619 847 et
641 789 729 847 debet
749 788 882 858 concedi,
904 788 986 864 quod
1007 786 1045 845 ad
1066 787 1275 846 remissionem
1288 783 1329 842 vel

276 888 452 947 deletionem
471 887 585 963 peccati
603 887 755 962 requiritur
774 887 905 963 potentia
923 886 1043 955 infinita,
1058 886 1127 961 quia
1147 882 1328 960 impossibile

275 997 318 1045 est
333 986 458 1062 aliquem
472 1003 595 1061 peccare
616 985 687 1043 nisi'
701 996 802 1061 peccet
821 983 1015 1061 principaliter
1036 992 1139 1042 contra
1158 981 1276 1052 Deum;
1303 989 1329 1038 et

275 1102 327 1159 per
341 1101 526 1159 consequens
547 1093 663 1159 oportet
683 1083 763 1142 illum
785 1100 925 1157 magnum
947 1081 1100 1140 dominum
1120 1081 1220 1156 primo
1232 1079 1329 1138 temit-

276 1192 344 1251 tere,
354 1182 378 1239 si
388 1181 594 1240 rationabiliter
603 1180 689 1239 debet
700 1181 768 1252 tolli,
778 1190 806 1238 et
817 1181 879 1257 ipse
888 1179 969 1238 Deus
979 1188 1024 1238 est
1034 1179 1184 1255 potentiae
1193 1177 1330 1244 infinitae,

275 1297 346 1354 ergo
369 1278 517 1337 conclusio
537 1279 627 1336 vera⁸.
670 1278 749 1337 Nam
768 1280 930 1337 remittente
948 1277 1014 1335 Deo
1034 1285 1190 1352 peccatum
1212 1275 1329 1352 quilibet

275 1395 374 1435 servus
396 1395 465 1434 suus
487 1395 547 1435 non
569 1387 666 1452 potest
687 1377 726 1434 illi
747 1376 926 1435 remissioni⁴
943 1374 1111 1450 simpliciter
1131 1373 1252 1431 resilire.
1294 1371 1329 1430 Et

275 1474 316 1532 sic
328 1491 388 1531 non
399 1473 669 1545 intendqhomines
684 1492 800 1533 movere
815 1473 853 1532 ad
867 1472 1026 1532 diabolice⁶
1036 1471 1265 1547 desperandum,
1278 1469 1329 1528 sed

276 1572 372 1647 potius
386 1590 422 1629 ex
442 1571 581 1630 infinitate
601 1572 812 1631 misericordiae
829 1571 895 1640 Dei,
910 1589 947 1628 ex
962 1570 1063 1629 dolore
1084 1577 1112 1627 et
1132 1567 1330 1628 satisfactione

275 1670 396 1744 peccati,
412 1669 441 1726 in
458 1668 525 1727 Deo
539 1670 687 1728 confidere
702 1681 730 1729 et
745 1687 870 1745 sperare.

317 1767 365 1825 Ad
378 1769 488 1825 tertiam
505 1769 666 1825 instantiam
681 1762 834 1826 tollebam⁸
847 1784 913 1824 eam
931 1765 1044 1833 diffuse,
1060 1765 1181 1841 quando
1202 1763 1244 1822 fui
1258 1763 1330 1838 logi-

276 1883 336 1935 cus,
365 1875 393 1923 et
420 1883 498 1923 nunc
526 1866 597 1923 tollo
625 1862 766 1922 eandem⁷
795 1864 970 1933 concedens,
999 1862 1079 1940 quod
1108 1865 1183 1921 sicut
1218 1861 1329 1919 nullum

277 1974 429 2039 peccatum
450 1974 493 2021 est
512 1963 551 2021 ita
570 1963 680 2021 malum
700 1963 772 2021 sicut
786 1961 868 2020 Deus
888 1971 932 2020 est
953 1962 1056 2031 bonus,
1071 1961 1113 2019 sic
1133 1959 1206 2017 nibil
1227 1972 1272 2018 est
1292 1960 1331 2016 ita

257 2090 260 2171 q
277 2078 418 2135 magnum
436 2062 508 2118 sicut
526 2061 621 2135 ipsum
643 2071 686 2117 est
705 2077 825 2135 parvum
844 2058 889 2116 vel
908 2077 924 2116 e
945 2069 1063 2129 contra3
1096 2067 1125 2115 et
1146 2058 1188 2115 sic
1210 2057 1248 2115 de
1269 2057 1330 2114 aliis

276 2159 411 2232 privative
430 2158 581 2232 oppositis,
596 2157 664 2232 quia
684 2157 833 2232 proportio
855 2155 1034 2231 aequalitatis
1052 2155 1170 2230 requirit
1189 2155 1328 2213 conveni·

135 434 196 516 148

275 604 372 671 potest
386 612 450 653 esse
465 591 615 670 proportio
631 592 808 668 aequalitatis
822 592 896 651 inter
906 592 1067 650 bonitatem
1078 589 1137 648 Dei
1149 599 1180 648 et
1190 589 1329 648 malitiam

275 2256 382 2312 entiam
402 2256 516 2329 generis
536 2255 565 2311 in
585 2256 670 2312 rebus
690 2253 882 2329 comparatis;
905 2252 957 2311 sed
971 2251 1143 2328 magnitudo
1157 2261 1187 2310 et
1204 2253 1330 2327 parvitas

276 2371 337 2411 non
354 2353 395 2411 sic
410 2352 590 2410 concordant
605 2353 634 2409 in
649 2370 773 2427 genere3
805 2352 938 2410 concedo
959 2361 1066 2421 tamen,
1081 2349 1162 2426 quod
1176 2351 1246 2409 talia
1261 2369 1328 2426 pos·

275 2462 342 2509 sunt
370 2450 521 2525 analogice
550 2450 722 2525 comparari,
751 2459 864 2508 uttam
889 2447 1060 2525 magnitudo
1085 2466 1175 2524 quarn
1200 2450 1327 2524 parvitas

275 2560 409 2608 causatur
429 2568 446 2607 a
466 2548 540 2618 Deo,
557 2559 585 2606 et
605 2548 790 2624 principalius
810 2546 982 2622 magnitudo
999 2564 1088 2622 quam
1107 2547 1244 2622 parvitas,
1261 2565 1329 2606 cum

275 2647 357 2705 Deus
368 2665 429 2704 non
444 2646 518 2703 adeo
533 2646 715 2721 appreciatur
726 2646 770 2702 vel
782 2645 872 2721 diligit
883 2645 1059 2720 parvitatem.
1104 2643 1140 2701 In
1154 2644 1217 2702 istis
1231 2655 1330 2702 tamen

276 2745 539 2818 comparationibus
565 2761 626 2802 non
655 2752 698 2801 est
723 2742 900 2801 rationabilis
924 2743 1075 2819 proportio
1099 2742 1276 2816 expetenda,
1302 2752 1331 2800 et

276 2841 383 2899 tollitur
404 2840 467 2898 tna⁸
489 2842 571 2899 tertia
593 2842 735 2899 instantia.
781 2839 839 2897 Sed
860 2838 955 2897 adhuc
980 2839 1125 2908 mussitas,
1146 2856 1239 2914 penes
1261 2839 1332 2914 quid

277 2936 384 2996 attendi
399 2938 503 2994 debeat
522 2938 647 3012 gravitas
666 2937 787 3012 peccati,
803 2954 869 2994 cum
889 2944 1042 3012 peccatum
1058 2931 1101 3012 (ut
1121 2944 1189 2993 ante
1204 2935 1278 3012 dixi)
1295 2938 1332 2996 sit

276 3036 387 3093 ratione
408 3035 616 3111 magnitudinis
638 3035 749 3094 domini
769 3034 922 3092 inlinitum.
965 3032 1023 3091 Hic
1045 3043 1144 3092 tamen
1162 3036 1333 3112 respondeo

276 3133 326 3190 tibi
342 3134 542 3203 concedendo,
558 3134 638 3209 quod
653 3144 807 3209 peccatum
821 3133 971 3208 quodlibet
985 3144 1029 3193 est
1050 3133 1087 3191 ad
1103 3151 1223 3192 sensum
1238 3153 1332 3210 expo·

276 3231 362 3289 situm
396 3232 549 3301 inlinitum,
579 3235 666 3290 etiam
699 3233 810 3290 ratione
839 3231 1046 3308 magnitudinis
1075 3233 1223 3308 potentiae
1252 3233 1332 3302 Dei’,

277 3330 372 3388 cum¹⁰
392 3330 415 3386 si
438 3329 526 3387 deleri
548 3329 660 3398 debeat,
682 3330 831 3405 requiritur
852 3330 981 3404 potentia
1002 3328 1123 3388 infinita.
1173 3321 1333 3390 Peccatum

277 3438 374 3485 autern
395 3435 440 3484 est
461 3443 497 3483 eo
518 3427 643 3501 gravius,
658 3443 717 3502 quo
739 3442 837 3500 poena
858 3443 911 3501 pro
933 3427 999 3501 ipso
1021 3426 1119 3485 debita
1140 3426 1214 3486 loret
1229 3430 1333 3504 major,

276 3524 357 3598 quod
371 3535 414 3582 est
429 3524 518 3583 solius
529 3523 584 3581 Dei
599 3525 758 3583 distincte¹¹
771 3542 958 3602 cognoscere.
1003 3525 1117 3583 Scimus
1129 3536 1239 3595 tamen,
1251 3527 1334 3603 quod

257 3602 365 3725 lomne
393 3633 545 3696 peccatum
575 3622 667 3680 finalis
695 3623 931 3698 impoenitentiae
959 3633 1003 3681 est
1027 3623 1209 3698 puniendum
1235 3643 1334 3700 poena

258 3730 261 3813 ἰ
279 3729 425 3794 perpetua,
437 3719 489 3777 sed
504 3737 565 3777 non
580 3721 692 3778 infinita
703 3721 852 3788 intensive,
863 3730 892 3778 et
907 3722 948 3780 sic
962 3731 1116 3795 peccatum
1128 3721 1333 3797 praedestinati

311 3883 318 3912 ¹
337 3881 410 3958 bene]
423 3898 472 3931 om.
486 3881 578 3932 A.B.C.
705 3882 714 3910 ²
731 3882 789 3947 nisi]
802 3898 855 3938 nec,
867 3883 904 3932 ed.
917 3899 953 3947 pr.
1075 3883 1085 3913 ⁸
1101 3883 1169 3948 vera]
1182 3899 1234 3933 om.
1245 3884 1284 3934 ed.
1296 3901 1333 3948 pr.

278 3947 286 3975 ⁴
303 3947 338 3997 illi
351 3948 498 4012 remrssioni]
510 3963 525 3995 a
538 3948 687 4002 remissione,
700 3948 730 3997 C.
742 3949 864 3998 secundae
875 3965 969 4003 manus.
982 3948 1019 3998 ed.
1032 3963 1068 4012 pr.
1171 3949 1181 3978 ⁸
1197 3949 1333 4013 diabolice]

277 4028 327 4062 orn.
340 4012 368 4061 B.
381 4013 510 4067 secundae.
522 4014 551 4062 C.
564 4014 658 4076 primae
668 4029 763 4062 manus.
884 4015 894 4043 ⁸
911 4013 1041 4074 tollebam}
1055 4014 1209 4064 tolerandam
1221 4015 1331 4069 tractavi.

278 4078 339 4126 ΑΒ.
413 4078 542 4127 'eandem
567 4093 616 4126 om.
630 4077 662 4125 Ι).
674 4079 712 4127 ed.
726 4094 762 4142 pr.
829 4079 1157 4142 'taa]om.A.C.prirnae,
1170 4079 1334 4128 B.seeundne

257 4149 371 4282 jmanrgg.
470 4142 545 4192 'Dei
570 4143 673 4198 domini,
684 4143 722 4193 ed.
734 4158 772 4206 pr.
839 4144 858 4173 ¹⁰
874 4142 1105 4208 cum]om.ed.pr.
1172 4145 1189 4174 ¹¹
1207 4144 1332 4205 distincte]

277 4222 326 4255 om.
371 4223 425 4270 .pr.
