2864 4836
71 436 155 479 cam
431 362 773 474 TRIALOGUS.

72 573 220 651 complete
235 574 371 635 causavit.
414 574 491 633 Item
501 575 607 634 misera
617 584 749 634 creatura
758 573 846 632 habet
859 581 1035 650 potestatem
1050 590 1127 649 opus

72 688 160 730 suum
175 671 303 731 futurum
317 690 493 749 proponere,
508 683 536 731 et
550 673 698 731 subductis
718 671 944 746 impedimentis,
960 671 1127 729 considera-

70 770 153 828 tione
164 771 268 830 erroris
279 782 307 829 et
318 771 477 829 variatione
488 770 642 831 voluntatis
656 781 684 829 et
695 769 843 845 temporis,
855 768 928 827 soret
938 770 1127 827 determinate

71 887 183 939 verum,
198 870 281 946 quia¹
298 869 368 928 illud
387 871 508 928 eveniet
551 869 631 945 Ergo
651 868 743 927 multo
762 869 857 943 magis
876 877 974 945 potest
988 866 1070 925 Deus
1090 866 1128 927 ad

71 977 210 1026 eventum
230 967 374 1026 luturum’
393 985 425 1027 se
447 967 646 1026 determinare.
689 966 765 1026 Cum
785 985 856 1043 ergo
877 966 1058 1043 ignorantia³
1071 964 1127 1024 Dei

71 1064 103 1123 in
124 1065 289 1123 variatione
301 1082 371 1124 suae
392 1065 537 1124 volitionis
551 1065 595 1123 vel
616 1065 656 1123 rei
677 1064 862 1140 impedientis
883 1082 944 1122 non
961 1074 1059 1140 potest
1074 1064 1128 1122 ob·

71 1161 216 1222 ataculum
236 1162 360 1233 evenire,
374 1163 543 1239 relinquitur
563 1163 643 1238 quod
662 1163 845 1239 propositum
858 1161 915 1220 Dei
937 1172 1054 1238 oportet
1076 1180 1128 1219 ne·

72 1260 202 1319 cessario
230 1259 389 1335 adimpleri,
414 1271 443 1319 et
468 1261 509 1319 sic
538 1277 627 1318 omne
656 1260 783 1318 futurum
813 1259 978 1319 necessario
1007 1260 1127 1318 eveniet.

72 1355 152 1415 Cum
172 1358 259 1432 ergo‘
279 1359 463 1432 propositum
484 1356 604 1417 tonant
625 1358 670 1417 vel
692 1376 745 1417 sua
766 1358 967 1416 determinatio
989 1357 1057 1416 facit
1078 1357 1129 1415 ali·

72 1453 191 1531 qualem
205 1454 369 1513 firmitatem
383 1455 414 1513 in
433 1455 599 1514 futuritione
619 1457 664 1514 sui
685 1456 789 1532 operis,
804 1455 915 1514 videtur
936 1456 1016 1531 quod
1037 1455 1129 1513 deter-

71 1553 195 1611 minatio
210 1551 270 1610 Dei
281 1551 349 1611 lacit
370 1571 516 1612 summam
537 1554 701 1612 firmitatem
723 1554 753 1611 in
774 1553 941 1612 futuritione
964 1553 1007 1610 sui
1022 1553 1129 1628 operis.

72 1649 150 1709 Item
170 1659 314 1726 repugnat
335 1649 391 1709 Dei
413 1651 590 1721 existentiae,
606 1651 686 1728 quod
707 1670 769 1708 non
790 1651 930 1726 intelligat
950 1667 1056 1708 omnes
1076 1649 1129 1706 ho·

72 1748 169 1806 mines
187 1747 386 1824 intelligibiles,
402 1766 469 1807 cum
488 1748 580 1808 homo
600 1749 664 1807 illos
683 1748 831 1825 intelligit3
861 1760 889 1806 et
910 1758 1034 1818 constat,
1050 1748 1130 1823 quod

72 1845 163 1921 longe
182 1845 279 1920 plures
298 1856 326 1904 et
344 1846 427 1922 plura
445 1846 517 1904 alia³
537 1865 626 1922 quam
646 1846 780 1904 homines
795 1844 878 1903 Deus
898 1845 1047 1920 intelligit;
1073 1846 1130 1920 sig-

72 1945 149 2003 natis
162 1961 234 2019 ergo
256 1943 309 2002 illis
328 1942 505 2014 hominibus,
521 1955 600 2021 patet
614 1944 694 2021 quod
715 1944 825 2002 nullum
845 1943 997 2001 hominem
1016 1952 1130 2018 praeter

71 2041 201 2119 aliquem
221 2040 336 2100 illorum
350 2040 433 2100 Deus
454 2052 550 2119 potest
572 2042 743 2117 producere,
758 2060 825 2099 cum
848 2040 959 2099 nullum
978 2040 1129 2098 hominem

72 2140 129 2198 nisi
150 2156 239 2217 quem
260 2138 342 2198 Deus
363 2148 461 2216 potest
481 2140 648 2216 intelligere,
663 2149 758 2215 potest
780 2138 842 2213 ipse
864 2138 1044 2214 producere;
1078 2137 1131 2197 sed

72 2237 184 2296 nullum
205 2235 357 2295 hominem
377 2237 433 2295 nisi
454 2236 580 2314 aliquem
601 2238 721 2295 istorum
739 2234 821 2295 Deus
843 2246 939 2311 potest
960 2235 1129 2312 intelligere,

72 2353 143 2400 cum
156 2333 238 2393 Deus
258 2333 389 2410 intelligit
409 2335 509 2392 omnia
530 2353 604 2411 quae
626 2344 720 2410 potest
742 2333 908 2410 intelligere,
923 2350 995 2409 ergo
1016 2334 1129 2392 nullum

71 2433 225 2492 hominem
239 2443 354 2508 praeter
367 2431 494 2509 aliquem
505 2432 626 2491 istorum
636 2431 719 2490 Deus
733 2442 830 2507 potest
844 2430 1013 2506 producere.
1055 2429 1130 2488 Eva-

72 2531 173 2592 sioues
186 2542 284 2589 autem
299 2529 482 2606 sophisticae,
498 2547 573 2605 quae
592 2539 716 2604 possunt
736 2529 796 2586 fieri
811 2528 842 2586 in
862 2529 917 2586 ista
931 2529 1060 2598 materia,
1075 2545 1130 2587 nec

72 2640 143 2688 sunt
163 2629 282 2704 sapidae
303 2645 358 2686 nec
379 2627 484 2704 dignae
498 2628 656 2698 memoria3
686 2626 754 2685 ideo
776 2625 917 2684 animaret
938 2635 966 2684 et
989 2626 1131 2702 quietaret

72 2727 200 2784 viantem
215 2725 253 2784 ad
267 2724 403 2784 standum
418 2743 472 2801 pro
487 2724 659 2783 defensione
671 2723 807 2802 justitiae,
823 2723 905 2800 quod
924 2733 1041 2799 oportet
1054 2741 1130 2781 mer-

72 2823 179 2883 cedem
203 2841 287 2882 suam
312 2823 478 2882 necessario
502 2823 626 2893 evenire,
653 2822 726 2880 sicut
751 2832 866 2896 oportet
888 2819 987 2879 Deum
1012 2820 1130 2896 punire⁶

72 2921 207 2980 aemulos
220 2921 353 2980 veritatis.
396 2921 434 2980 Et
455 2922 497 2979 sic
518 2938 579 2978 non
601 2930 716 2995 oportet
738 2919 853 2995 evagari
875 2920 905 2977 in
923 2919 1130 2995 imaginatione
1209 2946 1214 2965 ι

72 3037 172 3080 rerum
195 3037 270 3096 quas
294 3019 431 3094 ponimus
455 3017 618 3095 possibiles,
643 3016 805 3075 dummodo
835 3034 897 3074 non
925 3026 970 3075 est
993 3017 1040 3074 ita.
1093 3015 1131 3074 Et

72 3116 176 3176 tollere
196 3134 354 3193 possumus
376 3116 578 3192 quaestionem
598 3132 657 3191 qua
678 3114 831 3190 quaeritur,
853 3131 943 3190 quare
964 3112 1047 3173 Deus
1069 3130 1130 3171 non

73 3214 162 3273 efficit
186 3213 243 3273 hoc
267 3214 312 3273 vel
339 3213 418 3284 illud,
447 3213 582 3282 dicendo,
608 3212 688 3289 quod
718 3212 794 3282 ideo,
819 3213 887 3287 quia
915 3211 972 3270 hoc
1001 3228 1062 3269 non
1087 3221 1131 3268 est

73 3310 227 3370 effectibile
242 3322 271 3369 et
284 3311 351 3370 licet
364 3310 469 3369 salsum
485 3310 638 3386 fingamus,
652 3310 710 3368 hoc
730 3326 791 3367 non
811 3319 855 3367 est
874 3305 1064 3383 intelligibile⁷
1073 3327 1081 3378 ;
1102 3318 1131 3366 et

73 3409 164 3470 claret
182 3410 255 3468 ratio
275 3408 435 3485 Augustam·
453 3419 482 3467 et
502 3408 583 3467 locus
605 3426 623 3466 a
642 3407 736 3476 simili,
750 3407 819 3482 quia
837 3407 910 3464 sicut
925 3404 1015 3476 Deus,
1032 3405 1055 3464 si
1070 3422 1131 3463 non

73 3507 250 3585 produceret
260 3505 392 3565 Verbum
405 3506 444 3565 ad
456 3506 537 3578 intra,
550 3514 619 3563 tunc
634 3505 782 3580 impotens
796 3503 870 3562 foret
885 3503 929 3562 vel
943 3500 1080 3574 invidus⁸,
1091 3503 1131 3561 ita

75 3608 101 3666 si
126 3624 188 3666 non
213 3605 386 3682 produceret
410 3604 547 3663 effectum
573 3604 610 3661 ad
635 3613 726 3671 extra,
748 3602 811 3678 ipse
834 3603 982 3677 impotens
1004 3600 1079 3660 foret
1102 3612 1131 3659 et

74 3703 213 3764 invidus’.
255 3702 430 3779 Imaginatio
456 3712 554 3760 autem
579 3711 681 3759 nostra
705 3710 733 3758 et
755 3718 834 3759 error
856 3699 1016 3759 intellectus
1040 3700 1130 3758 nostri
1183 3781 1188 3789 ι

109 3874 206 3951 ¹quia]
219 3873 294 3939 quod,
307 3874 343 3923 D.
457 3872 605 3936 'suturumJ
617 3871 700 3928 futuri.
712 3871 750 3921 ed.
762 3887 800 3936 pr.
916 3869 1081 3935 'ignorantia
1106 3869 1131 3917 in

73 3940 222 4053 ignorantia,
231 3938 270 3989 ed.
280 3955 317 4003 pr.
375 3936 384 3966 ⁴
399 3937 535 4051 cumerfio]
546 3938 566 3986 si
575 3953 642 4002 ergo,
651 3936 775 4002 D.ed.pr.
840 3936 850 3966 ³
865 3935 948 4012 plures
957 3934 1060 4048 ersslura
1094 3933 1130 3997 ia]

73 4019 158 4100 puros
177 4011 202 4053 et
220 4004 291 4068 plura
309 4003 484 4059 animalitati.
508 4019 526 4059 .;
551 4003 633 4067 plures
653 4018 691 4051 res
710 4011 735 4052 et
754 4001 824 4066 plura
842 4000 966 4057 animalia,
1012 4036 1018 4047 .
1036 3998 1074 4048 ed.
1095 4014 1131 4064 pr.

103 4068 201 4135 punire]
214 4069 301 4134 punire
312 4069 458 4127 necessario,
470 4068 532 4117 AB.
545 4067 666 4118 secundae
675 4083 769 4122 manus.
779 4068 809 4117 C.
908 4065 917 4095 ⁷
934 4073 958 4116 et
970 4063 1131 4114 licet-intel·

74 4132 184 4249 ligilrdile]
195 4133 296 4247 off'ssed'
308 4150 345 4199 pr.
489 4134 498 4162 ⁸
514 4131 622 4197 invidus]
635 4132 754 4190 invidens,
767 4132 830 4180 ΑΒ.
996 4131 1006 4160 ⁹
1022 4129 1130 4193 invidus]

76 4216 126 4250 mvi
144 4215 196 4254 ens,
235 4234 241 4247 .
265 4234 271 4246 .
