2864 4836
506 443 764 524 JOANNIS
805 445 1022 507 WICLIF
1229 471 1304 511 cnr-s

244 609 351 668 necin
372 624 461 666 causa
481 607 587 666 necin
609 607 730 666 scientia
751 608 858 666 necin
878 607 1026 684 potentia¹
1047 618 1154 685 posset
1174 606 1305 666 alteruter

246 710 367 767 istorum
381 705 529 765 Christum
546 706 703 781 attingere;
725 715 755 764 et
773 716 879 776 amen,
894 717 926 765 ut
945 706 1021 766 fides
1040 707 1192 783 evangelii
1206 706 1305 764 memi-

246 807 296 875 nit,
316 823 370 882 pro
389 804 527 863 salvanda
545 821 598 862 sua
616 804 682 874 vita,
701 803 821 880 qnando
839 803 892 863 fuit
910 805 1106 882 injustissime
1125 814 1305 882 pemecuttrs,

246 922 308 962 non
329 905 371 962 sic
389 903 498 972 restitit,
520 901 590 960 dum
612 912 712 960 tamen
732 913 832 978 posset
852 902 988 962 facillime
1009 905 1105 964 etiam
1126 905 1159 962 in
1182 919 1304 980 persona

246 1003 372 1078 propria,
388 1002 412 1060 si
430 1000 565 1058 inimicos
584 1017 654 1058 suos
673 1011 856 1076 prosternere
869 1000 1023 1074 voluisset;
1054 1005 1119 1061 imo
1137 1003 1191 1060 ubi
1206 1000 1305 1059 Petrus

246 1100 376 1158 educens
399 1098 528 1175 gladium
555 1097 733 1173 praeciderat
759 1116 861 1158 aurem
884 1097 1005 1170 Malcbi,
1031 1101 1145 1159 audivit
1177 1101 1303 1159 divinnm

247 1214 438 1274 responsum:
461 1197 559 1254 ‘mitte
573 1195 703 1272 gladium
717 1205 799 1255 tuum
812 1199 843 1254 in
857 1197 1011 1272 vaginam
1031 1199 1136 1257 omnis
1157 1199 1239 1256 enim
1257 1196 1303 1272 qui

248 1294 346 1372 gladio
367 1295 498 1370 percutit,
519 1294 618 1370 gladio
639 1294 762 1371 peribit?
803 1293 885 1353 Patet
905 1293 1026 1354 historia
1047 1295 1201 1373 Johaunis
1220 1296 1305 1353 xviii⁰

248 1394 322 1451 etin
339 1391 401 1450 aliis
419 1392 592 1468 evangeliis;
622 1409 659 1450 ex
677 1392 783 1468 quibus
800 1391 954 1451 manifeste
971 1403 1062 1469 patet,
1079 1394 1163 1470 quod
1184 1405 1303 1469 uterque

249 1491 370 1548 istorum
394 1488 653 1565 pseudopapamm
673 1499 813 1566 tanquam
837 1492 1003 1549 membrum
1028 1491 1142 1550 diaboli
1163 1492 1196 1549 in
1217 1508 1304 1550 cansa

250 1589 417 1649 stultissima
430 1597 571 1664 provocat
583 1586 719 1646 homines
733 1587 771 1647 ad
785 1587 987 1665 pugnandum,
1002 1607 1073 1648 cum
1093 1608 1157 1648 non
1173 1591 1210 1650 sit
1224 1589 1303 1648 color

249 1687 323 1764 parti
351 1686 440 1756 alteri,
469 1683 565 1762 quod²
595 1703 692 1756 causa,
720 1704 774 1762 pro
807 1704 866 1762 qua
898 1687 941 1744 sic
970 1687 1133 1762 pugnant⁸,
1163 1688 1202 1746 sit
1235 1688 1304 1747 lidos

250 1784 393 1845 catholica
406 1784 451 1841 vel
470 1784 619 1860 objectum
638 1784 732 1842 meriti
753 1783 791 1842 ad
809 1782 985 1855 bellandum,
999 1795 1064 1843 tum
1086 1786 1157 1862 quia
1172 1784 1304 1845 Christus

249 1883 342 1942 noluit
362 1899 416 1958 pro
438 1882 659 1940 conservatione
678 1883 752 1940 vitae
773 1899 843 1940 suae
862 1880 997 1940 homines
1019 1883 1062 1940 sic
1083 1901 1230 1959 pugnare,
1244 1896 1304 1943 tum

250 1982 338 2041 etiam
359 1981 427 2056 quia
448 1979 559 2038 dotatio
580 1979 728 2049 ecclesiae,
751 1996 827 2055 quae
847 1987 892 2038 est
911 1979 995 2038 radix
1017 1979 1106 2056 hujus
1128 1984 1304 2052 certaminis,

250 2090 295 2139 est
318 2078 405 2154 plene
429 2076 574 2135 haeretica
595 2086 624 2135 et
644 2076 809 2136 intoxicans
833 2076 954 2135 multam
976 2077 1105 2154 plebem.
1147 2077 1240 2139 Unde
1261 2082 1305 2139 isti

251 2175 459 2253 pseudopapae
474 2191 535 2232 non
556 2183 678 2250 possent
696 2175 841 2249 patentius
860 2174 1017 2235 ostendere
1034 2193 1067 2234 se
1085 2175 1170 2237 esse*
1183 2179 1305 2237 vimrios

252 2272 428 2344 antichristi;
457 2273 545 2331 etiam
565 2282 707 2348 quantum
727 2271 766 2330 ad
786 2273 866 2349 leges
886 2282 915 2332 et
935 2272 1012 2332 facta
1032 2292 1088 2350 pro
1109 2287 1195 2352 parte
1220 2277 1303 2336 alter·

252 2383 315 2432 utra
343 2370 474 2446 allegata,
503 2377 591 2446 patet,
616 2369 697 2446 quod
721 2369 873 2430 fundatm⁵
899 2372 930 2430 in
958 2372 1129 2448 conjectura
1153 2393 1304 2435 venem

252 2469 369 2538 diaboli,
385 2467 457 2544 qua⁶
478 2478 575 2525 movet
589 2467 788 2526 antichristum
810 2470 848 2529 ad
866 2470 1052 2529 statuendum
1070 2472 1146 2532 tales
1166 2473 1251 2550 leges
1269 2474 1305 2533 ad

254 2564 395 2639 populum
411 2565 611 2623 intricandum.

169 2679 204 2711 rer
296 2661 367 2720 Non
392 2665 470 2720 enim
493 2663 558 2737 plus
578 2663 712 2738 propter'
735 2664 907 2724 electionem
928 2666 1027 2725 talium
1048 2668 1242 2728 cardinalium
1263 2671 1306 2729 vel

254 2761 489 2835 reprobationem
509 2771 553 2818 est
571 2762 636 2836 quis
650 2760 756 2821 Christi
773 2763 893 2821 vicarius
907 2763 951 2821 vel
970 2767 1138 2824 membrum
1157 2768 1306 2837 ecclesiae,

256 2877 344 2935 quam
356 2869 475 2934 propter
485 2859 622 2934 garritum
634 2860 730 2917 avium
741 2861 784 2919 vel
796 2862 913 2936 signum
924 2872 1185 2941 quantumcunque
1200 2868 1305 2943 imper-

255 2958 359 3026 tinens,
381 2957 462 3032 quod
485 2957 652 3032 contingit³.
694 2957 847 3033 Proprium
868 2960 946 3017 enim
967 2959 1027 3017 Deo
1047 2961 1109 3020 est’
1130 2966 1305 3023 constituere

253 3056 390 3113 vicarium
406 3056 458 3113 sibi
474 3055 517 3113 vel
537 3066 650 3131 partem
664 3057 821 3132 quamlibet
839 3075 964 3133 sponsae
984 3076 1061 3118 suae.
1104 3060 1181 3121 Ideo
1196 3065 1305 3123 videtur

253 3164 350 3230 partes
363 3155 432 3211 istas
443 3153 601 3211 haereticas
613 3154 810 3212 contradicere
821 3155 888 3213 fidei
900 3157 991 3215 sancti
1003 3157 1084 3216 Pauli
1099 3160 1140 3218 ad
1152 3159 1304 3222 Hebraeos

253 3253 355 3327 quinto
370 3250 500 3322 dicentis
515 3251 595 3326 quod
616 3257 721 3310 ‘nemo
741 3252 827 3310 debet
846 3253 900 3311 sibi
919 3270 1032 3313 sumere
1052 3255 1200 3316 honorem
1218 3261 1302 3319 talem

253 3349 487 3418 ecclesiasticum,
500 3349 552 3408 sed
567 3350 616 3425 qui
627 3360 746 3407 vocatur
760 3349 853 3408 aDeo
864 3360 1003 3426 tanquam
1017 3352 1140 3413 Aaron.'
1176 3357 1213 3415 Et
1228 3359 1302 3418 idern

253 3456 296 3505 est
323 3447 463 3522 judicium
492 3447 528 3505 de
557 3449 778 3523 quibuscunque
806 3448 996 3508 electionibus
1027 3451 1116 3511 hodie
1147 3455 1305 3516 celebratis

255 3544 357 3602 Nullus
379 3545 457 3602 enim
473 3545 642 3621 eligentium
663 3546 784 3603 istorum
799 3547 861 3616 scit,
878 3548 902 3605 si
923 3565 976 3606 sua
990 3550 1156 3610 nominatio
1170 3554 1303 3613 electioni

254 3640 374 3698 Domini
385 3644 419 3699 sit
431 3642 605 3713 conformis;
627 3644 650 3701 si
661 3645 782 3702 attendit
793 3644 830 3702 ad
840 3646 927 3702 vitam
938 3645 1021 3705 electi
1032 3657 1060 3705 et
1070 3647 1108 3706 ad
1119 3650 1304 3712 affectionem

253 3757 342 3814 quarn
354 3739 460 3797 elector
471 3739 558 3798 habet
569 3740 606 3797 ad
617 3758 773 3816 personam
784 3742 875 3811 electi,
887 3742 998 3802 lucrum
1010 3745 1053 3803 vel
1065 3746 1198 3807 favorem
1208 3751 1305 3820 seculi,

253 3854 419 3912 supponere
434 3837 528 3907 debet,
543 3838 624 3914 quod
642 3839 677 3896 sit
696 3838 801 3898 electio
820 3859 837 3897 a
852 3838 984 3900 Domino
1004 3843 1170 3904 maledicta
1212 3847 1250 3906 Et
1265 3850 1305 3906 sic

286 4015 434 4079 ¹potentia]
447 4022 576 4079 potestate.
589 4016 619 4066 C.
750 4018 854 4083 ’quod]
867 4023 1010 4083 quum,a.b.
1154 4025 1164 4055 ³
1198 4035 1291 4090 ngnant

253 4080 447 4143 pugnat‚a.b.C.
520 4081 674 4131 ‘ostendere
685 4098 711 4131 se
723 4083 788 4147 esse]
801 4086 967 4135 seostendere
978 4102 1039 4144 esse,
1049 4087 1080 4138 C.
1156 4093 1167 4122 ⁸
1224 4093 1302 4142 datur,

253 4146 287 4192 sic
299 4161 385 4194 omnes
397 4146 460 4193 libri.
536 4146 623 4210 ‘qua]
636 4163 705 4211 quae.
717 4149 746 4197 C.
844 4149 1094 4216 ⁷propter]probat,
1108 4157 1138 4205 C.
1222 4144 1304 4207 'oon3

253 4209 340 4272 tingit]
353 4211 465 4273 contigit.
478 4212 507 4260 C.
607 4216 616 4240 ν
634 4214 690 4262 Deo
701 4213 750 4278 est]
763 4221 799 4263 est
813 4213 877 4271 Deo,
889 4217 969 4267 nuc.
