2864 4836
485 341 940 404 pnoraoorurna.
1248 355 1286 422 15

136 516 202 565 tore
223 506 393 582 compositis
411 506 490 565 brevi
507 505 720 583 comprehensa
733 516 784 577 est,
800 507 849 582 qui
870 506 900 564 in
922 506 1030 582 pagina
1044 502 1175 581 Trialogi
1197 503 1287 581 ipsius

136 612 313 689 principium
327 611 517 672 antecedente
531 613 607 690 typis
621 613 755 688 exscripti
770 621 854 670 sunt:

499 929 687 1008 Jonnnss
709 930 919 992 nicaenus

566 1149 702 1193 omnmo
723 1148 861 1191 merom.

263 1312 343 1374 Dum
364 1315 487 1391 capitale
508 1314 561 1374 tuit
581 1315 700 1392 passim,
722 1314 767 1373 las
784 1314 890 1391 jusque
913 1313 994 1385 tueri,

303 1420 342 1482 Et
362 1431 457 1482 tutum
478 1421 547 1480 nulli
569 1438 622 1498 pro
644 1421 751 1498 pietate
771 1419 859 1497 loqui,

264 1525 411 1587 Delituere
432 1529 504 1587 boni
525 1527 644 1603 passim,
666 1526 709 1585 las
728 1527 834 1604 jusque
855 1527 995 1596 relictum,

304 1632 343 1693 Et
363 1635 405 1693 vis
426 1635 456 1693 in
477 1634 588 1693 cunctis
608 1633 708 1692 extulit
731 1651 813 1691 arma
832 1632 912 1692 locis.

265 1738 335 1801 Heu
355 1759 431 1818 quae
452 1751 619 1818 tempestas,
640 1741 706 1816 quis
726 1732 821 1811 turbo,
843 1757 953 1816 quaeve
974 1740 1100 1817 procella

305 1846 451 1924 Incubuit,
473 1865 548 1924 quae
569 1864 629 1905 nox
651 1845 788 1905 cordibus
809 1844 856 1904 illa
876 1845 952 1921 piis?

265 1955 306 2014 At
325 1947 405 2014 nunc
425 1964 492 2032 post
512 1953 641 2014 hiemem
662 1965 722 2012 tam
743 1953 835 2013 diram
856 1954 906 2012 ubi
927 1970 1025 2012 rursus
1046 1950 1176 2029 Olympo

309 2059 360 2119 Sol
380 2059 454 2121 redit
473 2069 503 2119 et
523 2059 606 2138 pulsa
627 2059 752 2119 candida
772 2059 850 2118 nube
871 2058 942 2129 dies,

265 2164 319 2225 Vis
331 2183 458 2255 ¹quoque
479 2165 617 2243 paulatim
637 2163 764 2241 languet,
786 2165 929 2241 sentitque
944 2173 1091 2223 senectam

307 2270 345 2329 Et
365 2270 492 2330 recalent
512 2271 617 2330 animis
636 2270 683 2347 jus
704 2271 854 2347 pietasque
875 2271 943 2341 suis,

266 2375 293 2435 E
313 2376 429 2437 latebris
450 2376 573 2436 redeunt
592 2377 681 2436 etiam
702 2377 853 2454 fiduntque
867 2394 981 2448 sereno,

308 2482 462 2543 Hactenus
482 2482 513 2540 in
534 2481 627 2541 denso
648 2481 698 2558 qui
719 2500 857 2558 gemuere
879 2483 944 2542 situ.

267 2592 348 2651 Inter
369 2608 444 2667 quos
465 2602 493 2649 et
514 2608 571 2667 ego
591 2589 731 2649 Wiclelus
750 2590 814 2667 jure
835 2606 951 2649 reverso

308 2696 433 2768 Prode0,
452 2696 578 2773 justitiae
593 2714 672 2755 nunc
687 2713 804 2772 quoque
819 2696 889 2755 fisus
903 2714 970 2773 ope.

269 2801 324 2863 Cui
345 2803 451 2863 sinon
472 2801 569 2860 omnis
590 2800 773 2876 plaudendus
795 2801 868 2860 forte
890 2801 1017 2873 videbor,

310 2910 381 2971 Non
402 2909 490 2970 etiam
511 2917 589 2968 totus
611 2905 685 2967 sorte
706 2908 883 2985 premendus
904 2927 964 2968 ero.

188 3290 348 3366 Prologum
375 3288 503 3363 sequitur
531 3286 641 3346 ‘Index
669 3300 906 3365 argumentorum
939 3291 1118 3367 singulorum
1145 3293 1292 3369 capitum,'

144 3414 236 3478 quem
257 3395 304 3454 hic
324 3391 515 3471 repetendum
536 3408 598 3450 non
618 3409 682 3452 esse
703 3411 769 3453 eam
789 3395 831 3452 ob
851 3412 970 3454 causam
989 3395 1189 3471 judicavimus,
1211 3399 1293 3475 quod

145 3512 319 3583 argumenta
332 3501 397 3577 ipsa
410 3515 472 3559 non
486 3499 608 3558 omnino
622 3507 699 3558 recte
714 3516 748 3557 ac
762 3517 829 3559 vere
843 3499 969 3560 indicata
981 3519 1046 3561 esse
1058 3502 1231 3563 viderentur.

191 3608 299 3669 Textm
327 3604 459 3681 Trialogi
486 3605 517 3663 in
545 3604 670 3664 editione
698 3604 828 3680 principe
856 3606 994 3667 continuo
1023 3617 1125 3668 tenore
1152 3610 1192 3668 ita
1217 3611 1294 3687 typis

146 3714 307 3790 exscriptus
318 3719 371 3779 est,
382 3719 414 3768 ut
424 3725 521 3784 neque
532 3707 582 3766 ubi
593 3724 736 3783 personae
750 3707 950 3786 colloquentes
960 3712 1014 3770 eibi
1025 3710 1187 3771 succedunt
1198 3728 1294 3787 neque

145 3821 197 3882 ubi
215 3836 293 3881 nova
311 3815 518 3878 sententianim
537 3813 626 3873 series
645 3813 775 3886 nectitur,
793 3815 939 3877 intervalla
959 3818 1104 3894 quaedam
1125 3826 1295 3877 statuantur.

146 3927 218 4000 Qua
240 3942 271 3985 re
295 3923 359 3983 libri
382 3921 539 3980 lectionem
562 3918 753 3980 difficiliorem
778 3921 848 3993 fieri,
873 3924 938 3998 quis
966 3934 1010 3983 est
1037 3925 1108 4000 quin
1136 3922 1296 3998 intelligat?

146 4031 312 4094 Summaria
331 4027 451 4105 quidem
469 4036 709 4103 argumentorum
728 4025 766 4085 ad
784 4029 948 4105 marginem
967 4029 1094 4088 indicata
1115 4028 1295 4104 aliquantum

144 4139 285 4217 adjuvant
305 4136 445 4205 lectores;
476 4129 529 4191 sed
550 4130 696 4208 duplicem
716 4134 757 4191 ob
779 4150 898 4193 causam
921 4150 983 4193 non
1006 4135 1128 4193 omnino
1150 4132 1296 4193 sufficiunt

146 4242 302 4314 desiderio,
320 4242 446 4318 primum
460 4237 529 4316 quia
549 4238 759 4315 inaequabilius
778 4238 890 4321 digesta
909 4249 984 4310 sunt,
1000 4239 1105 4300 deinde
1126 4241 1195 4317 quia
1215 4238 1295 4298 haud
