<?xml version="1.0" encoding="UTF-8"?>
<!DOCTYPE html PUBLIC "-//W3C//DTD XHTML 1.0 Transitional//EN"
    "http://www.w3.org/TR/xhtml1/DTD/xhtml1-transitional.dtd">
<html xmlns="http://www.w3.org/1999/xhtml" xml:lang="en" lang="en">
 <head>
  <title>
</title>
<meta http-equiv="Content-Type" content="text/html;charset=utf-8" />
  <meta name='ocr-system' content='tesseract 3.04.00' />
  <meta name='ocr-capabilities' content='ocr_page ocr_carea ocr_par ocr_line ocrx_word'/>
</head>
<body>
  <div class='ocr_page' id='page_1' title='image "./trialoguscumsup00lechgoog_0420.png"; bbox 0 0 2864 4836; ppageno 0'>
   <div class='ocr_carea' id='block_1_1' title="bbox 143 1036 1170 1157">
    <p class='ocr_par' dir='ltr' id='par_1_1' title="bbox 143 1036 1170 1157">
     <span class='ocr_line' id='line_1_1' title="bbox 143 1036 1170 1157; baseline -0.004 -36"><span class='ocrx_word' id='word_1_1' title='bbox 143 1036 769 1157; x_wconf 24' lang='lat' dir='ltr'>,SUPPLEMENTUM</span> <span class='ocrx_word' id='word_1_2' title='bbox 819 1036 1170 1119; x_wconf 87' lang='lat' dir='ltr'><strong>TRIALOGI</strong></span> 
     </span>
    </p>
   </div>
   <div class='ocr_carea' id='block_1_2' title="bbox 624 1251 704 1292">
    <p class='ocr_par' dir='ltr' id='par_1_2' title="bbox 624 1251 704 1292">
     <span class='ocr_line' id='line_1_2' title="bbox 624 1251 704 1292; baseline 0.013 -1"><span class='ocrx_word' id='word_1_3' title='bbox 624 1251 704 1292; x_wconf 77' lang='lat' dir='ltr'>SIVE</span> 
     </span>
    </p>
   </div>
   <div class='ocr_carea' id='block_1_3' title="bbox 208 1409 1124 1484">
    <p class='ocr_par' dir='ltr' id='par_1_3' title="bbox 208 1409 1124 1484">
     <span class='ocr_line' id='line_1_3' title="bbox 208 1409 1124 1484; baseline 0.001 -3"><span class='ocrx_word' id='word_1_4' title='bbox 208 1409 287 1482; x_wconf 89' lang='lat' dir='ltr'>DE</span> <span class='ocrx_word' id='word_1_5' title='bbox 327 1410 706 1484; x_wconf 86' lang='lat' dir='ltr'>DOTATIONE</span> <span class='ocrx_word' id='word_1_6' title='bbox 746 1409 1124 1484; x_wconf 89' lang='lat' dir='ltr'><strong>ECCLESIAE¹.</strong></span> 
     </span>
    </p>
   </div>
   <div class='ocr_carea' id='block_1_4' title="bbox 460 1629 762 1690">
    <p class='ocr_par' dir='ltr' id='par_1_4' title="bbox 460 1629 762 1690">
     <span class='ocr_line' id='line_1_4' title="bbox 460 1629 762 1690; baseline 0 0"><span class='ocrx_word' id='word_1_7' title='bbox 460 1664 462 1668; x_wconf 95' lang='lat'>·</span> <span class='ocrx_word' id='word_1_8' title='bbox 563 1629 717 1690; x_wconf 85' lang='lat' dir='ltr'>CAPUT</span> <span class='ocrx_word' id='word_1_9' title='bbox 739 1629 762 1690; x_wconf 92' lang='lat'>1.</span> 
     </span>
    </p>
   </div>
   <div class='ocr_carea' id='block_1_5' title="bbox 301 1779 1032 1936">
    <p class='ocr_par' dir='ltr' id='par_1_5' title="bbox 301 1779 1032 1936">
     <span class='ocr_line' id='line_1_5' title="bbox 301 1779 1032 1856; baseline -0.003 -18"><span class='ocrx_word' id='word_1_10' title='bbox 301 1780 441 1839; x_wconf 78' lang='lat' dir='ltr'><em>Ecclesiae</em></span> <span class='ocrx_word' id='word_1_11' title='bbox 453 1781 612 1839; x_wconf 78' lang='lat' dir='ltr'>dolalrbnem</span> <span class='ocrx_word' id='word_1_12' title='bbox 626 1800 644 1838; x_wconf 89' lang='lat' dir='ltr'><em>a</em></span> <span class='ocrx_word' id='word_1_13' title='bbox 659 1781 733 1838; x_wconf 84' lang='lat' dir='ltr'>clero</span> <span class='ocrx_word' id='word_1_14' title='bbox 739 1789 793 1855; x_wconf 74' lang='lat' dir='ltr'>per</span> <span class='ocrx_word' id='word_1_15' title='bbox 806 1779 886 1856; x_wconf 84' lang='lat' dir='ltr'>nefas</span> <span class='ocrx_word' id='word_1_16' title='bbox 899 1787 1032 1855; x_wconf 73' lang='lat' dir='ltr'>acceptam</span> 
     </span>
     <span class='ocr_line' id='line_1_6' title="bbox 526 1879 806 1936; baseline -0.004 0"><span class='ocrx_word' id='word_1_17' title='bbox 526 1897 581 1936; x_wconf 83' lang='lat' dir='ltr'>esse</span> <span class='ocrx_word' id='word_1_18' title='bbox 595 1879 806 1936; x_wconf 68' lang='lat' dir='ltr'>demonstratur.</span> 
     </span>
    </p>
   </div>
   <div class='ocr_carea' id='block_1_6' title="bbox 137 2032 1389 3773">
    <p class='ocr_par' dir='ltr' id='par_1_6' title="bbox 139 2032 1361 2209">
     <span class='ocr_line' id='line_1_7' title="bbox 180 2032 1361 2121; baseline -0.002 -29"><span class='ocrx_word' id='word_1_19' title='bbox 180 2032 295 2094; x_wconf 82' lang='lat' dir='ltr'>Urnuu</span> <span class='ocrx_word' id='word_1_20' title='bbox 320 2035 414 2094; x_wconf 92' lang='lat' dir='ltr'>clerus</span> <span class='ocrx_word' id='word_1_21' title='bbox 443 2034 541 2094; x_wconf 87' lang='lat' dir='ltr'>debuit</span> <span class='ocrx_word' id='word_1_22' title='bbox 568 2033 757 2105; x_wconf 88' lang='lat' dir='ltr'>dotationem,</span> <span class='ocrx_word' id='word_1_23' title='bbox 782 2051 872 2109; x_wconf 83' lang='lat' dir='ltr'>quarn</span> <span class='ocrx_word' id='word_1_24' title='bbox 899 2033 990 2091; x_wconf 90' lang='lat' dir='ltr'>modo</span> <span class='ocrx_word' id='word_1_25' title='bbox 1015 2042 1149 2108; x_wconf 78' lang='lat' dir='ltr'>occupat,</span> <span class='ocrx_word' id='word_1_26' title='bbox 1175 2050 1192 2090; x_wconf 87' lang='lat' dir='ltr'>a</span> <span class='ocrx_word' id='word_1_27' title='bbox 1225 2036 1361 2121; x_wconf 40' lang='lat'>3333&amp;</span> 
     </span>
     <span class='ocr_line' id='line_1_8' title="bbox 139 2131 670 2209; baseline -0.006 -18"><span class='ocrx_word' id='word_1_28' title='bbox 139 2132 269 2191; x_wconf 91' lang='lat' dir='ltr'>dominis</span> <span class='ocrx_word' id='word_1_29' title='bbox 283 2131 491 2209; x_wconf 86' lang='lat' dir='ltr'>temporalibus</span> <span class='ocrx_word' id='word_1_30' title='bbox 505 2132 670 2206; x_wconf 88' lang='lat' dir='ltr'>recepisse?</span> 
     </span>
    </p>

    <p class='ocr_par' dir='ltr' id='par_1_7' title="bbox 137 2226 1198 3089">
     <span class='ocr_line' id='line_1_9' title="bbox 179 2226 1193 2307; baseline -0.001 -18"><span class='ocrx_word' id='word_1_31' title='bbox 179 2229 218 2289; x_wconf 89' lang='lat' dir='ltr'>Et</span> <span class='ocrx_word' id='word_1_32' title='bbox 241 2231 361 2302; x_wconf 86' lang='lat' dir='ltr'>videtur,</span> <span class='ocrx_word' id='word_1_33' title='bbox 386 2230 467 2307; x_wconf 91' lang='lat' dir='ltr'>quod</span> <span class='ocrx_word' id='word_1_34' title='bbox 492 2231 542 2288; x_wconf 92' lang='lat' dir='ltr'>sic.</span> <span class='ocrx_word' id='word_1_35' title='bbox 593 2229 672 2301; x_wconf 77' lang='lat' dir='ltr'>Quia</span> <span class='ocrx_word' id='word_1_36' title='bbox 696 2230 798 2287; x_wconf 88' lang='lat' dir='ltr'>beatus</span> <span class='ocrx_word' id='word_1_37' title='bbox 824 2226 959 2288; x_wconf 78' lang='lat' dir='ltr'>Stlvesler</span> <span class='ocrx_word' id='word_1_38' title='bbox 984 2240 1011 2288; x_wconf 91' lang='lat' dir='ltr'>et</span> <span class='ocrx_word' id='word_1_39' title='bbox 1036 2229 1118 2288; x_wconf 90' lang='lat' dir='ltr'>multi</span> <span class='ocrx_word' id='word_1_40' title='bbox 1146 2229 1193 2288; x_wconf 88' lang='lat' dir='ltr'>alii</span> 
     </span>
     <span class='ocr_line' id='line_1_10' title="bbox 137 2326 1191 2405; baseline -0.001 -19"><span class='ocrx_word' id='word_1_41' title='bbox 137 2339 354 2405; x_wconf 86' lang='lat' dir='ltr'>consequentes</span> <span class='ocrx_word' id='word_1_42' title='bbox 378 2329 408 2386; x_wconf 91' lang='lat' dir='ltr'>in</span> <span class='ocrx_word' id='word_1_43' title='bbox 434 2327 602 2404; x_wconf 90' lang='lat' dir='ltr'>recipiendo</span> <span class='ocrx_word' id='word_1_44' title='bbox 628 2327 699 2386; x_wconf 84' lang='lat' dir='ltr'>tales</span> <span class='ocrx_word' id='word_1_45' title='bbox 723 2326 898 2385; x_wconf 86' lang='lat' dir='ltr'>elemosinas</span> <span class='ocrx_word' id='word_1_46' title='bbox 923 2335 1087 2386; x_wconf 80' lang='lat' dir='ltr'>meruerunt.</span> <span class='ocrx_word' id='word_1_47' title='bbox 1132 2327 1191 2386; x_wconf 87' lang='lat' dir='ltr'>Sed</span> 
     </span>
     <span class='ocr_line' id='line_1_11' title="bbox 138 2424 1194 2503; baseline 0 -19"><span class='ocrx_word' id='word_1_48' title='bbox 138 2427 407 2503; x_wconf 87' lang='lat' dir='ltr'>quomodocunque</span> <span class='ocrx_word' id='word_1_49' title='bbox 417 2426 481 2502; x_wconf 91' lang='lat' dir='ltr'>quis</span> <span class='ocrx_word' id='word_1_50' title='bbox 491 2424 557 2483; x_wconf 87' lang='lat' dir='ltr'>fecit</span> <span class='ocrx_word' id='word_1_51' title='bbox 566 2425 716 2494; x_wconf 88' lang='lat' dir='ltr'>merendo,</span> <span class='ocrx_word' id='word_1_52' title='bbox 726 2424 819 2480; x_wconf 80' lang='lat' dir='ltr'>debuit</span> <span class='ocrx_word' id='word_1_53' title='bbox 827 2424 921 2482; x_wconf 82' lang='lat' dir='ltr'>facere</span> <span class='ocrx_word' id='word_1_54' title='bbox 930 2444 938 2496; x_wconf 93' lang='lat'>;</span> <span class='ocrx_word' id='word_1_55' title='bbox 962 2443 1033 2500; x_wconf 82' lang='lat' dir='ltr'>ergo</span> <span class='ocrx_word' id='word_1_56' title='bbox 1044 2426 1194 2484; x_wconf 92' lang='lat' dir='ltr'>conclusio</span> 
     </span>
     <span class='ocr_line' id='line_1_12' title="bbox 137 2521 1196 2599; baseline -0.001 -16"><span class='ocrx_word' id='word_1_57' title='bbox 137 2542 214 2583; x_wconf 70' lang='lat' dir='ltr'>vera„</span> <span class='ocrx_word' id='word_1_58' title='bbox 257 2523 288 2583; x_wconf 92' lang='lat' dir='ltr'>Si</span> <span class='ocrx_word' id='word_1_59' title='bbox 309 2526 388 2583; x_wconf 89' lang='lat' dir='ltr'>enim</span> <span class='ocrx_word' id='word_1_60' title='bbox 409 2524 529 2599; x_wconf 91' lang='lat' dir='ltr'>quilibet</span> <span class='ocrx_word' id='word_1_61' title='bbox 552 2523 615 2581; x_wconf 85' lang='lat' dir='ltr'>talis</span> <span class='ocrx_word' id='word_1_62' title='bbox 640 2523 676 2580; x_wconf 93' lang='lat' dir='ltr'>de</span> <span class='ocrx_word' id='word_1_63' title='bbox 700 2521 778 2580; x_wconf 92' lang='lat' dir='ltr'>clero</span> <span class='ocrx_word' id='word_1_64' title='bbox 801 2540 861 2578; x_wconf 93' lang='lat' dir='ltr'>non</span> <span class='ocrx_word' id='word_1_65' title='bbox 883 2522 982 2580; x_wconf 85' lang='lat' dir='ltr'>debuit</span> <span class='ocrx_word' id='word_1_66' title='bbox 1003 2523 1090 2581; x_wconf 86' lang='lat' dir='ltr'>talem</span> <span class='ocrx_word' id='word_1_67' title='bbox 1113 2524 1196 2582; x_wconf 85' lang='lat' dir='ltr'>dota·</span> 
     </span>
     <span class='ocr_line' id='line_1_13' title="bbox 138 2618 1195 2698; baseline -0.002 -18"><span class='ocrx_word' id='word_1_68' title='bbox 138 2623 251 2680; x_wconf 90' lang='lat' dir='ltr'>tionem</span> <span class='ocrx_word' id='word_1_69' title='bbox 271 2623 409 2698; x_wconf 91' lang='lat' dir='ltr'>recipere,</span> <span class='ocrx_word' id='word_1_70' title='bbox 424 2633 494 2680; x_wconf 90' lang='lat' dir='ltr'>tunc</span> <span class='ocrx_word' id='word_1_71' title='bbox 509 2622 538 2678; x_wconf 92' lang='lat' dir='ltr'>in</span> <span class='ocrx_word' id='word_1_72' title='bbox 560 2621 601 2679; x_wconf 95' lang='lat' dir='ltr'>sic</span> <span class='ocrx_word' id='word_1_73' title='bbox 623 2618 791 2695; x_wconf 91' lang='lat' dir='ltr'>recipiendo</span> <span class='ocrx_word' id='word_1_74' title='bbox 806 2618 889 2678; x_wconf 65' lang='lat' dir='ltr'>secie</span> <span class='ocrx_word' id='word_1_75' title='bbox 903 2620 976 2678; x_wconf 91' lang='lat' dir='ltr'>sicut</span> <span class='ocrx_word' id='word_1_76' title='bbox 997 2638 1059 2678; x_wconf 94' lang='lat' dir='ltr'>non</span> <span class='ocrx_word' id='word_1_77' title='bbox 1081 2620 1195 2694; x_wconf 92' lang='lat' dir='ltr'>debuit;</span> 
     </span>
     <span class='ocr_line' id='line_1_14' title="bbox 140 2717 1197 2797; baseline -0.001 -19"><span class='ocrx_word' id='word_1_78' title='bbox 140 2729 169 2778; x_wconf 91' lang='lat' dir='ltr'>et</span> <span class='ocrx_word' id='word_1_79' title='bbox 190 2739 243 2796; x_wconf 87' lang='lat' dir='ltr'>per</span> <span class='ocrx_word' id='word_1_80' title='bbox 257 2738 442 2797; x_wconf 89' lang='lat' dir='ltr'>consequens</span> <span class='ocrx_word' id='word_1_81' title='bbox 463 2720 494 2777; x_wconf 91' lang='lat' dir='ltr'>in</span> <span class='ocrx_word' id='word_1_82' title='bbox 512 2717 680 2794; x_wconf 87' lang='lat' dir='ltr'>recipiendo</span> <span class='ocrx_word' id='word_1_83' title='bbox 703 2728 762 2774; x_wconf 84' lang='lat' dir='ltr'>tam</span> <span class='ocrx_word' id='word_1_84' title='bbox 783 2717 866 2775; x_wconf 87' lang='lat' dir='ltr'>avide</span> <span class='ocrx_word' id='word_1_85' title='bbox 887 2736 922 2776; x_wconf 88' lang='lat' dir='ltr'>ac</span> <span class='ocrx_word' id='word_1_86' title='bbox 943 2717 1107 2777; x_wconf 77' lang='lat' dir='ltr'>defensorie</span> <span class='ocrx_word' id='word_1_87' title='bbox 1128 2737 1197 2797; x_wconf 89' lang='lat' dir='ltr'>pec·</span> 
     </span>
     <span class='ocr_line' id='line_1_15' title="bbox 139 2814 1198 2895; baseline -0.001 -19"><span class='ocrx_word' id='word_1_88' title='bbox 139 2819 214 2876; x_wconf 83' lang='lat' dir='ltr'>cavit</span> <span class='ocrx_word' id='word_1_89' title='bbox 241 2820 364 2895; x_wconf 85' lang='lat' dir='ltr'>graviter</span> <span class='ocrx_word' id='word_1_90' title='bbox 392 2827 478 2893; x_wconf 86' lang='lat' dir='ltr'>atque</span> <span class='ocrx_word' id='word_1_91' title='bbox 506 2815 667 2887; x_wconf 85' lang='lat' dir='ltr'>haeretice;</span> <span class='ocrx_word' id='word_1_92' title='bbox 702 2814 899 2890; x_wconf 90' lang='lat' dir='ltr'>quodcunque</span> <span class='ocrx_word' id='word_1_93' title='bbox 933 2816 1012 2874; x_wconf 89' lang='lat' dir='ltr'>enim</span> <span class='ocrx_word' id='word_1_94' title='bbox 1044 2827 1198 2892; x_wconf 87' lang='lat' dir='ltr'>peccatum</span> 
     </span>
     <span class='ocr_line' id='line_1_16' title="bbox 140 2912 1197 2992; baseline -0.001 -19"><span class='ocrx_word' id='word_1_95' title='bbox 140 2914 232 2975; x_wconf 89' lang='lat' dir='ltr'>homo</span> <span class='ocrx_word' id='word_1_96' title='bbox 257 2912 333 2975; x_wconf 79' lang='lat' dir='ltr'>tam³</span> <span class='ocrx_word' id='word_1_97' title='bbox 356 2915 541 2992; x_wconf 83' lang='lat' dir='ltr'>pertinaciter</span> <span class='ocrx_word' id='word_1_98' title='bbox 566 2912 734 2982; x_wconf 80' lang='lat' dir='ltr'>defenderit,</span> <span class='ocrx_word' id='word_1_99' title='bbox 758 2912 863 2970; x_wconf 83' lang='lat' dir='ltr'>exhinc</span> <span class='ocrx_word' id='word_1_100' title='bbox 888 2914 965 2972; x_wconf 88' lang='lat' dir='ltr'>cadit</span> <span class='ocrx_word' id='word_1_101' title='bbox 989 2915 1020 2972; x_wconf 90' lang='lat' dir='ltr'>in</span> <span class='ocrx_word' id='word_1_102' title='bbox 1044 2913 1197 2986; x_wconf 86' lang='lat' dir='ltr'>haeresim,</span> 
     </span>
     <span class='ocr_line' id='line_1_17' title="bbox 139 3010 817 3089; baseline -0.001 -18"><span class='ocrx_word' id='word_1_103' title='bbox 139 3014 210 3089; x_wconf 85' lang='lat' dir='ltr'>quia</span> <span class='ocrx_word' id='word_1_104' title='bbox 223 3012 354 3072; x_wconf 87' lang='lat' dir='ltr'>defendit</span> <span class='ocrx_word' id='word_1_105' title='bbox 368 3012 528 3071; x_wconf 89' lang='lat' dir='ltr'>indebitum</span> <span class='ocrx_word' id='word_1_106' title='bbox 543 3020 645 3070; x_wconf 89' lang='lat' dir='ltr'>contra</span> <span class='ocrx_word' id='word_1_107' title='bbox 660 3010 817 3070; x_wconf 88' lang='lat' dir='ltr'>Christum.</span> 
     </span>
    </p>

    <p class='ocr_par' dir='ltr' id='par_1_8' title="bbox 139 3108 1389 3773">
     <span class='ocr_line' id='line_1_18' title="bbox 181 3108 1389 3202; baseline -0.008 -32"><span class='ocrx_word' id='word_1_108' title='bbox 181 3111 218 3170; x_wconf 95' lang='lat' dir='ltr'>In</span> <span class='ocrx_word' id='word_1_109' title='bbox 232 3113 401 3188; x_wconf 89' lang='lat' dir='ltr'>oppositum</span> <span class='ocrx_word' id='word_1_110' title='bbox 425 3112 482 3169; x_wconf 89' lang='lat' dir='ltr'>sic:</span> <span class='ocrx_word' id='word_1_111' title='bbox 514 3126 551 3168; x_wconf 88' lang='lat' dir='ltr'>eo</span> <span class='ocrx_word' id='word_1_112' title='bbox 575 3111 648 3185; x_wconf 90' lang='lat' dir='ltr'>ips0‚</span> <span class='ocrx_word' id='word_1_113' title='bbox 674 3126 734 3184; x_wconf 92' lang='lat' dir='ltr'>quo</span> <span class='ocrx_word' id='word_1_114' title='bbox 757 3108 849 3166; x_wconf 89' lang='lat' dir='ltr'>bomo</span> <span class='ocrx_word' id='word_1_115' title='bbox 874 3109 1002 3185; x_wconf 80' lang='lat' dir='ltr'>fungitur</span> <span class='ocrx_word' id='word_1_116' title='bbox 1024 3111 1143 3170; x_wconf 91' lang='lat' dir='ltr'>nomine</span> <span class='ocrx_word' id='word_1_117' title='bbox 1168 3112 1199 3168; x_wconf 93' lang='lat' dir='ltr'>in</span> <span class='ocrx_word' id='word_1_118' title='bbox 1233 3126 1389 3202; x_wconf 46' lang='lat' dir='ltr'>rqoqquoeue-</span> 
     </span>
     <span class='ocr_line' id='line_1_19' title="bbox 140 3178 1363 3291; baseline -0.001 -23"><span class='ocrx_word' id='word_1_119' title='bbox 140 3209 264 3269; x_wconf 83' lang='lat' dir='ltr'>ecclesia</span> <span class='ocrx_word' id='word_1_120' title='bbox 284 3228 302 3266; x_wconf 88' lang='lat' dir='ltr'>a</span> <span class='ocrx_word' id='word_1_121' title='bbox 323 3208 389 3267; x_wconf 91' lang='lat' dir='ltr'>Deo</span> <span class='ocrx_word' id='word_1_122' title='bbox 411 3209 559 3283; x_wconf 90' lang='lat' dir='ltr'>imposit0,</span> <span class='ocrx_word' id='word_1_123' title='bbox 582 3217 610 3265; x_wconf 88' lang='lat' dir='ltr'>et</span> <span class='ocrx_word' id='word_1_124' title='bbox 635 3207 702 3265; x_wconf 90' lang='lat' dir='ltr'>vivit</span> <span class='ocrx_word' id='word_1_125' title='bbox 728 3207 870 3264; x_wconf 88' lang='lat' dir='ltr'>contrarie</span> <span class='ocrx_word' id='word_1_126' title='bbox 893 3207 932 3263; x_wconf 88' lang='lat' dir='ltr'>illi</span> <span class='ocrx_word' id='word_1_127' title='bbox 954 3208 1076 3279; x_wconf 90' lang='lat' dir='ltr'>nomini,</span> <span class='ocrx_word' id='word_1_128' title='bbox 1097 3219 1199 3283; x_wconf 87' lang='lat' dir='ltr'>peccat</span> <span class='ocrx_word' id='word_1_129' title='bbox 1233 3178 1363 3291; x_wconf 53' lang='grc' dir='ltr'>Ξξὲξῖᾓξὲ·</span> 
     </span>
     <span class='ocr_line' id='line_1_20' title="bbox 139 3299 1389 3384; baseline 0 -20"><span class='ocrx_word' id='word_1_130' title='bbox 139 3308 264 3384; x_wconf 79' lang='lat' dir='ltr'>graviter</span> <span class='ocrx_word' id='word_1_131' title='bbox 284 3317 424 3383; x_wconf 85' lang='lat' dir='ltr'>tanquam</span> <span class='ocrx_word' id='word_1_132' title='bbox 444 3305 600 3382; x_wconf 85' lang='lat' dir='ltr'>apostata⁴.</span> <span class='ocrx_word' id='word_1_133' title='bbox 643 3303 701 3362; x_wconf 84' lang='lat' dir='ltr'>Sed</span> <span class='ocrx_word' id='word_1_134' title='bbox 721 3304 762 3361; x_wconf 91' lang='lat' dir='ltr'>sic</span> <span class='ocrx_word' id='word_1_135' title='bbox 784 3315 828 3361; x_wconf 91' lang='lat' dir='ltr'>est</span> <span class='ocrx_word' id='word_1_136' title='bbox 848 3304 885 3362; x_wconf 88' lang='lat' dir='ltr'>de</span> <span class='ocrx_word' id='word_1_137' title='bbox 904 3321 1078 3380; x_wconf 88' lang='lat' dir='ltr'>quocunque</span> <span class='ocrx_word' id='word_1_138' title='bbox 1099 3305 1200 3364; x_wconf 87' lang='lat' dir='ltr'>dotato</span> <span class='ocrx_word' id='word_1_139' title='bbox 1233 3299 1389 3364; x_wconf 43' lang='lat' dir='ltr'>diffisi&amp;</span> 
     </span>
     <span class='ocr_line' id='line_1_21' title="bbox 140 3372 1327 3482; baseline -0.003 -18"><span class='ocrx_word' id='word_1_140' title='bbox 140 3405 282 3482; x_wconf 83' lang='lat' dir='ltr'>fungente</span> <span class='ocrx_word' id='word_1_141' title='bbox 308 3407 428 3462; x_wconf 92' lang='lat' dir='ltr'>nomine</span> <span class='ocrx_word' id='word_1_142' title='bbox 455 3403 566 3475; x_wconf 89' lang='lat' dir='ltr'>clerici;</span> <span class='ocrx_word' id='word_1_143' title='bbox 599 3421 670 3479; x_wconf 82' lang='lat' dir='ltr'>ergo</span> <span class='ocrx_word' id='word_1_144' title='bbox 695 3403 813 3479; x_wconf 90' lang='lat' dir='ltr'>quilibet</span> <span class='ocrx_word' id='word_1_145' title='bbox 840 3403 904 3460; x_wconf 82' lang='lat' dir='ltr'>talis</span> <span class='ocrx_word' id='word_1_146' title='bbox 931 3413 1033 3478; x_wconf 81' lang='lat' dir='ltr'>peccat</span> <span class='ocrx_word' id='word_1_147' title='bbox 1061 3413 1200 3479; x_wconf 83' lang='lat' dir='ltr'>tanquam</span> <span class='ocrx_word' id='word_1_148' title='bbox 1233 3372 1327 3414; x_wconf 56' lang='lat' dir='ltr'>&#39;mm&#39;</span> 
     </span>
     <span class='ocr_line' id='line_1_22' title="bbox 141 3500 1200 3581; baseline -0.001 -19"><span class='ocrx_word' id='word_1_149' title='bbox 141 3504 290 3581; x_wconf 74' lang='lat' dir='ltr'>apostata⁶</span> <span class='ocrx_word' id='word_1_150' title='bbox 312 3505 370 3562; x_wconf 86' lang='lat' dir='ltr'>sive</span> <span class='ocrx_word' id='word_1_151' title='bbox 392 3502 561 3561; x_wconf 86' lang='lat' dir='ltr'>haereticus.</span> <span class='ocrx_word' id='word_1_152' title='bbox 604 3500 706 3559; x_wconf 74' lang='lat' dir='ltr'>Clesus</span> <span class='ocrx_word' id='word_1_153' title='bbox 727 3501 806 3559; x_wconf 92' lang='lat' dir='ltr'>enim</span> <span class='ocrx_word' id='word_1_154' title='bbox 831 3500 935 3558; x_wconf 91' lang='lat' dir='ltr'>dicitur</span> <span class='ocrx_word' id='word_1_155' title='bbox 958 3519 975 3558; x_wconf 86' lang='lat' dir='ltr'>a</span> <span class='ocrx_word' id='word_1_156' title='bbox 998 3502 1091 3572; x_wconf 85' lang='lat' dir='ltr'>cleros,</span> <span class='ocrx_word' id='word_1_157' title='bbox 1118 3503 1200 3579; x_wconf 91' lang='lat' dir='ltr'>quod</span> 
     </span>
     <span class='ocr_line' id='line_1_23' title="bbox 139 3598 1200 3675; baseline -0.002 -16"><span class='ocrx_word' id='word_1_158' title='bbox 139 3611 186 3660; x_wconf 88' lang='lat' dir='ltr'>est</span> <span class='ocrx_word' id='word_1_159' title='bbox 207 3619 271 3661; x_wconf 88' lang='lat' dir='ltr'>sors</span> <span class='ocrx_word' id='word_1_160' title='bbox 285 3602 345 3660; x_wconf 90' lang='lat' dir='ltr'>sive</span> <span class='ocrx_word' id='word_1_161' title='bbox 365 3601 538 3670; x_wconf 83' lang='lat' dir='ltr'>haereditas,</span> <span class='ocrx_word' id='word_1_162' title='bbox 554 3617 590 3657; x_wconf 91' lang='lat' dir='ltr'>eo</span> <span class='ocrx_word' id='word_1_163' title='bbox 612 3599 693 3674; x_wconf 90' lang='lat' dir='ltr'>quod</span> <span class='ocrx_word' id='word_1_164' title='bbox 708 3616 770 3656; x_wconf 92' lang='lat' dir='ltr'>non</span> <span class='ocrx_word' id='word_1_165' title='bbox 790 3598 877 3656; x_wconf 89' lang='lat' dir='ltr'>habet</span> <span class='ocrx_word' id='word_1_166' title='bbox 899 3599 929 3655; x_wconf 91' lang='lat' dir='ltr'>in</span> <span class='ocrx_word' id='word_1_167' title='bbox 950 3599 1062 3657; x_wconf 89' lang='lat' dir='ltr'>mundo</span> <span class='ocrx_word' id='word_1_168' title='bbox 1083 3611 1200 3675; x_wconf 86' lang='lat' dir='ltr'>partem</span> 
     </span>
     <span class='ocr_line' id='line_1_24' title="bbox 141 3694 1201 3773; baseline -0.004 -15"><span class='ocrx_word' id='word_1_169' title='bbox 141 3699 229 3758; x_wconf 85' lang='lat' dir='ltr'>aliam</span> <span class='ocrx_word' id='word_1_170' title='bbox 244 3700 303 3758; x_wconf 92' lang='lat' dir='ltr'>sive</span> <span class='ocrx_word' id='word_1_171' title='bbox 318 3698 444 3758; x_wconf 83' lang='lat' dir='ltr'>sortem⁸</span> <span class='ocrx_word' id='word_1_172' title='bbox 464 3715 552 3773; x_wconf 88' lang='lat' dir='ltr'>quam</span> <span class='ocrx_word' id='word_1_173' title='bbox 568 3695 674 3766; x_wconf 86' lang='lat' dir='ltr'>Deum,</span> <span class='ocrx_word' id='word_1_174' title='bbox 689 3695 759 3753; x_wconf 88' lang='lat' dir='ltr'>dum</span> <span class='ocrx_word' id='word_1_175' title='bbox 774 3695 841 3753; x_wconf 91' lang='lat' dir='ltr'>vivit</span> <span class='ocrx_word' id='word_1_176' title='bbox 860 3695 896 3753; x_wconf 93' lang='lat' dir='ltr'>de</span> <span class='ocrx_word' id='word_1_177' title='bbox 914 3694 1081 3754; x_wconf 87' lang='lat' dir='ltr'>elemosinis</span> <span class='ocrx_word' id='word_1_178' title='bbox 1100 3696 1201 3772; x_wconf 89' lang='lat' dir='ltr'>populi</span> 
     </span>
    </p>
   </div>
   <div class='ocr_carea' id='block_1_7' title="bbox 141 3793 1201 3874">
    <p class='ocr_par' dir='ltr' id='par_1_9' title="bbox 141 3793 1201 3874">
     <span class='ocr_line' id='line_1_25' title="bbox 141 3793 1201 3874; baseline -0.004 -18"><span class='ocrx_word' id='word_1_179' title='bbox 141 3798 232 3874; x_wconf 79' lang='lat' dir='ltr'>gratis</span> <span class='ocrx_word' id='word_1_180' title='bbox 251 3797 335 3867; x_wconf 87' lang='lat' dir='ltr'>datis,</span> <span class='ocrx_word' id='word_1_181' title='bbox 354 3798 428 3855; x_wconf 89' lang='lat' dir='ltr'>sicut</span> <span class='ocrx_word' id='word_1_182' title='bbox 444 3797 578 3854; x_wconf 87' lang='lat' dir='ltr'>vixerunt</span> <span class='ocrx_word' id='word_1_183' title='bbox 594 3793 728 3853; x_wconf 92' lang='lat' dir='ltr'>Christus</span> <span class='ocrx_word' id='word_1_184' title='bbox 747 3804 776 3851; x_wconf 95' lang='lat' dir='ltr'>et</span> <span class='ocrx_word' id='word_1_185' title='bbox 793 3794 837 3851; x_wconf 91' lang='lat' dir='ltr'>sui</span> <span class='ocrx_word' id='word_1_186' title='bbox 859 3794 991 3869; x_wconf 86' lang='lat' dir='ltr'>apostoli.</span> <span class='ocrx_word' id='word_1_187' title='bbox 1034 3793 1110 3854; x_wconf 91' lang='lat' dir='ltr'>Cum</span> <span class='ocrx_word' id='word_1_188' title='bbox 1129 3812 1201 3871; x_wconf 81' lang='lat' dir='ltr'>ergo</span> 
     </span>
    </p>
   </div>
   <div class='ocr_carea' id='block_1_8' title="bbox 142 3947 1202 4277">
    <p class='ocr_par' dir='ltr' id='par_1_10' title="bbox 142 3947 1202 4277">
     <span class='ocr_line' id='line_1_26' title="bbox 175 3947 1202 4013; baseline -0.006 -11"><span class='ocrx_word' id='word_1_189' title='bbox 175 3953 184 3982; x_wconf 86' lang='lat'>¹</span> <span class='ocrx_word' id='word_1_190' title='bbox 202 3952 289 4002; x_wconf 85' lang='lat' dir='ltr'>Codex</span> <span class='ocrx_word' id='word_1_191' title='bbox 301 3952 333 4000; x_wconf 83' lang='grc' dir='ltr'>Α.</span> <span class='ocrx_word' id='word_1_192' title='bbox 345 3951 423 4000; x_wconf 88' lang='lat' dir='ltr'>minio</span> <span class='ocrx_word' id='word_1_193' title='bbox 437 3950 513 3999; x_wconf 84' lang='lat' dir='ltr'>rubro</span> <span class='ocrx_word' id='word_1_194' title='bbox 529 3949 674 4013; x_wconf 84' lang='lat' dir='ltr'>inscriptum</span> <span class='ocrx_word' id='word_1_195' title='bbox 689 3948 779 3997; x_wconf 83' lang='lat' dir='ltr'>habet:</span> <span class='ocrx_word' id='word_1_196' title='bbox 799 3947 889 4012; x_wconf 88' lang='lat' dir='ltr'>Incipit</span> <span class='ocrx_word' id='word_1_197' title='bbox 907 3954 1026 3996; x_wconf 81' lang='lat' dir='ltr'>tractatus</span> <span class='ocrx_word' id='word_1_198' title='bbox 1040 3948 1072 3996; x_wconf 89' lang='lat' dir='ltr'>de</span> <span class='ocrx_word' id='word_1_199' title='bbox 1087 3949 1202 3997; x_wconf 71' lang='lat' dir='ltr'>domnone</span> 
     </span>
     <span class='ocr_line' id='line_1_27' title="bbox 142 4012 1200 4080; baseline -0.005 -14"><span class='ocrx_word' id='word_1_200' title='bbox 142 4016 268 4066; x_wconf 78' lang='lat' dir='ltr'>ecelesiae.</span> <span class='ocrx_word' id='word_1_201' title='bbox 302 4017 366 4066; x_wconf 86' lang='lat' dir='ltr'>Cod.</span> <span class='ocrx_word' id='word_1_202' title='bbox 378 4032 408 4066; x_wconf 86' lang='lat' dir='ltr'>a:</span> <span class='ocrx_word' id='word_1_203' title='bbox 426 4015 516 4080; x_wconf 90' lang='lat' dir='ltr'>Incipit</span> <span class='ocrx_word' id='word_1_204' title='bbox 528 4014 727 4079; x_wconf 83' lang='lat' dir='ltr'>supplementum</span> <span class='ocrx_word' id='word_1_205' title='bbox 738 4013 858 4077; x_wconf 76' lang='lat' dir='ltr'>Tn&#39;alogt·</span> <span class='ocrx_word' id='word_1_206' title='bbox 977 4012 987 4040; x_wconf 90' lang='lat'><strong>¹</strong></span> <span class='ocrx_word' id='word_1_207' title='bbox 1004 4013 1073 4077; x_wconf 83' lang='lat' dir='ltr'>lecit]</span> <span class='ocrx_word' id='word_1_208' title='bbox 1086 4012 1158 4069; x_wconf 84' lang='lat' dir='ltr'>toret,</span> <span class='ocrx_word' id='word_1_209' title='bbox 1171 4015 1200 4064; x_wconf 92' lang='lat' dir='ltr'>C.</span> 
     </span>
     <span class='ocr_line' id='line_1_28' title="bbox 142 4077 1201 4146; baseline -0.002 -15"><span class='ocrx_word' id='word_1_210' title='bbox 142 4083 152 4111; x_wconf 78' lang='lat'><strong>³</strong></span> <span class='ocrx_word' id='word_1_211' title='bbox 168 4083 246 4132; x_wconf 89' lang='lat' dir='ltr'>homo</span> <span class='ocrx_word' id='word_1_212' title='bbox 257 4081 322 4146; x_wconf 78' lang='lat' dir='ltr'>tam]</span> <span class='ocrx_word' id='word_1_213' title='bbox 335 4090 385 4131; x_wconf 80' lang='lat' dir='ltr'>tem</span> <span class='ocrx_word' id='word_1_214' title='bbox 398 4082 484 4135; x_wconf 82' lang='lat' dir='ltr'>borno.</span> <span class='ocrx_word' id='word_1_215' title='bbox 496 4082 527 4129; x_wconf 79' lang='lat' dir='ltr'>A.</span> <span class='ocrx_word' id='word_1_216' title='bbox 539 4081 633 4145; x_wconf 85' lang='lat' dir='ltr'>primae</span> <span class='ocrx_word' id='word_1_217' title='bbox 644 4095 739 4136; x_wconf 82' lang='lat' dir='ltr'>manns,</span> <span class='ocrx_word' id='word_1_218' title='bbox 751 4079 799 4127; x_wconf 79' lang='lat' dir='ltr'>ab.</span> <span class='ocrx_word' id='word_1_219' title='bbox 963 4077 972 4105; x_wconf 77' lang='lat'><strong>⁴</strong></span> <span class='ocrx_word' id='word_1_220' title='bbox 988 4078 1116 4142; x_wconf 80' lang='lat' dir='ltr'>apostate]</span> <span class='ocrx_word' id='word_1_221' title='bbox 1129 4095 1201 4144; x_wconf 82' lang='lat' dir='ltr'>apos·</span> 
     </span>
     <span class='ocr_line' id='line_1_29' title="bbox 143 4143 1200 4210; baseline -0.003 -13"><span class='ocrx_word' id='word_1_222' title='bbox 143 4155 205 4203; x_wconf 78' lang='lat' dir='ltr'>tota.</span> <span class='ocrx_word' id='word_1_223' title='bbox 218 4149 258 4203; x_wconf 83' lang='lat' dir='ltr'>A..</span> <span class='ocrx_word' id='word_1_224' title='bbox 270 4150 318 4197; x_wconf 64' lang='lat' dir='ltr'>nb.</span> <span class='ocrx_word' id='word_1_225' title='bbox 449 4147 459 4175; x_wconf 78' lang='lat'>⁵</span> <span class='ocrx_word' id='word_1_226' title='bbox 474 4143 601 4210; x_wconf 75' lang='lat' dir='ltr'>rpostata]</span> <span class='ocrx_word' id='word_1_227' title='bbox 613 4151 737 4210; x_wconf 82' lang='lat' dir='ltr'>apostotu,</span> <span class='ocrx_word' id='word_1_228' title='bbox 750 4145 790 4200; x_wconf 82' lang='lat' dir='ltr'>A..</span> <span class='ocrx_word' id='word_1_229' title='bbox 802 4143 851 4192; x_wconf 83' lang='lat' dir='ltr'>ab.</span> <span class='ocrx_word' id='word_1_230' title='bbox 978 4143 987 4171; x_wconf 82' lang='lat'>⁸</span> <span class='ocrx_word' id='word_1_231' title='bbox 1004 4151 1099 4207; x_wconf 79' lang='lat' dir='ltr'>partem</span> <span class='ocrx_word' id='word_1_232' title='bbox 1111 4144 1200 4209; x_wconf 74' lang='lat' dir='ltr'>aliern]</span> 
     </span>
     <span class='ocr_line' id='line_1_30' title="bbox 143 4211 599 4277; baseline -0.011 -15"><span class='ocrx_word' id='word_1_233' title='bbox 143 4221 239 4277; x_wconf 75' lang='lat' dir='ltr'>partem</span> <span class='ocrx_word' id='word_1_234' title='bbox 252 4221 294 4264; x_wconf 85' lang='lat' dir='ltr'>aut</span> <span class='ocrx_word' id='word_1_235' title='bbox 306 4213 381 4263; x_wconf 81' lang='lat' dir='ltr'>uliam</span> <span class='ocrx_word' id='word_1_236' title='bbox 393 4214 444 4262; x_wconf 84' lang='lat' dir='ltr'>sive</span> <span class='ocrx_word' id='word_1_237' title='bbox 455 4219 555 4262; x_wconf 86' lang='lat' dir='ltr'>sortem.</span> <span class='ocrx_word' id='word_1_238' title='bbox 568 4211 599 4258; x_wconf 80' lang='lat' dir='ltr'>A.</span> 
     </span>
    </p>
   </div>
   <div class='ocr_carea' id='block_1_9' title="bbox 0 0 1449 4836">
    <p class='ocr_par' dir='ltr' id='par_1_11' title="bbox 0 0 1449 4836">
     <span class='ocr_line' id='line_1_31' title="bbox 0 0 1449 4836; baseline 0 0"><span class='ocrx_word' id='word_1_239' title='bbox 0 0 1449 4836; x_wconf 95' lang='lat' dir='ltr'> </span> 
     </span>
    </p>
   </div>
  </div>
 </body>
</html>
