2864 4836
534 407 798 489 Jorrrrvrs
837 408 1071 473 mrem
1251 432 1329 470 ms.

274 571 473 650 apostolorum
487 571 574 632 docet
592 569 745 651 quomodo
763 570 963 632 intellexerant
981 571 1043 634 ista
1057 573 1166 635 verba.
1210 571 1328 633 similite

275 670 425 748 apostolus
448 687 464 729 a
487 667 555 730 Cor.
576 670 632 728 viii.
658 687 830 748 supponens
855 679 888 729 ut
914 669 1017 742 fidem,
1044 672 1214 749 quomodo
1239 684 1328 730 omnrt

275 770 416 830 debemus
427 768 509 846 sequi
517 766 853 838 Christuminmoribus,
863 767 1089 845 sicsubjungit3
1108 766 1327 844 ‘scitis’inqut

275 868 414 945 ‘gratiam
432 865 553 925 Domini
574 865 665 925 nostri
684 863 757 943 Jesu
776 863 891 939 Cluisfi,
911 864 978 944 qui¹
998 877 1131 945 propter
1153 885 1213 928 vos
1232 879 1327 944 egem

274 965 366 1026 sactus
384 974 430 1024 est
448 981 517 1023 cum
536 972 612 1023 esset
631 961 720 1034 dives,
734 972 766 1023 nt
785 962 861 1023 illius
878 963 979 1040 inopia
995 980 1054 1024 vos
1071 964 1185 1027 divites
1205 958 1326 1025 esses?

274 1062 351 1124 Cum
372 1080 443 1139 ergo
464 1079 526 1121 non
546 1058 621 1121 ululet
640 1078 758 1138 negare,
771 1061 843 1139 quin
862 1069 980 1139 oportet
999 1078 1115 1123 omnes
1136 1060 1245 1125 fideles
1256 1059 1325 1138 nod

274 1160 423 1222 Christum
445 1161 477 1219 in
504 1160 641 1230 moribus,
666 1169 746 1236 patet
769 1157 850 1236 quod
873 1159 905 1218 in
930 1158 1025 1235 gradu
1053 1160 1201 1222 summo⁸
1223 1168 1327 1241 oportet

274 1260 395 1319 clericos
419 1256 580 1335 specialiter
603 1257 633 1315 in
657 1265 827 1334 paupertate
850 1255 951 1315 humili
972 1256 1058 1334 sequi
1084 1258 1201 1335 ipsum.
1250 1257 1327 1320 Unde

274 1357 401 1434 religiosi
425 1356 525 1426 nostrl,
546 1354 658 1414 utinam
678 1372 741 1414 non
761 1352 841 1426 salse,
860 1353 1036 1414 confitentur
1055 1358 1255 1419 concorditer
1272 1366 1326 1417 tan·

272 1472 363 1533 quam
372 1451 714 1529 substantiamreligionis
722 1470 792 1512 suae
801 1451 997 1512 obedientiam
1004 1454 1327 1527 servandam⁴clnteu

274 1561 474 1630 paupertatem
487 1562 517 1611 et
530 1552 691 1610 castitatem
704 1567 794 1627 quam
811 1550 964 1610 servabant
976 1550 1107 1628 virgines
1127 1552 1201 1614 huie
1215 1570 1328 1632 sponso.

275 1650 411 1710 Similiter
420 1649 486 1709 Act.
496 1649 532 1707 vi.
544 1666 582 1708 ex
596 1649 714 1709 decreto
725 1647 925 1727 apostolorum
937 1657 1005 1726 post
1018 1650 1201 1712 missionem
1212 1652 1327 1731 sumu

276 1749 375 1808 Sancti
394 1748 505 1808 dictum
524 1757 568 1807 est
587 1747 720 1824 publice:
748 1750 891 1806 ‘nonest
906 1763 1034 1823 aequum
1052 1764 1112 1807 nos
1131 1748 1328 1830 derelinquere

275 1849 395 1907 verbum
409 1845 466 1906 Dei
482 1856 510 1906 et
528 1847 691 1906 ministrare
709 1841 853 1906 mensist'
895 1844 933 1904 Et
946 1845 1015 1905 hinc
1032 1846 1251 1909 ordinaverunt
1267 1866 1328 1927 sep·

275 1957 334 2006 tem
349 1946 490 2035 dipconos
504 1944 542 2004 ad
556 1944 613 2003 hoc
627 1961 711 2021 opus
753 1943 812 2004 Sed
826 1943 891 2020 quis
910 1942 1022 2003 dubitat
1034 1944 1108 2022 quin
1123 1946 1173 2007 ille
1186 1948 1328 2025 praelatu

276 2045 371 2120 magis
384 2042 562 2103 secularibus
575 2044 701 2119 negotiis
719 2060 751 2102 se
770 2041 906 2119 implicat,
920 2043 971 2120 qui
984 2041 1085 2103 relicto
1099 2042 1215 2107 Christi
1233 2046 1329 2107 officio

276 2145 306 2201 in
319 2146 384 2212 vita,
397 2159 487 2218 quam
500 2141 628 2200 mundus
641 2141 739 2218 exigit,
754 2158 786 2201 se
801 2140 933 2201 intricati
966 2141 1129 2218 Apostolus
1145 2153 1250 2204 tamen
1264 2144 1328 2204 did

278 2239 447 2299 aTimoth.
469 2240 506 2310 ii,
526 2238 608 2315 quod
629 2243 736 2298 ‘nemo
756 2238 883 2298 militans
903 2237 970 2298 Deo
990 2239 1119 2317 implicat
1144 2258 1180 2302 ae
1204 2242 1327 2322 negotiis

277 2333 487 2397 secularibus:
529 2336 603 2396 Ideo
624 2355 693 2396 cum
713 2341 820 2396 ‘nemo
845 2336 932 2396 sumit
956 2337 1011 2398 sibi
1030 2337 1181 2400 honorem
1202 2341 1258 2401 sed
1280 2340 1327 2419 qui

276 2447 395 2496 vocatur
415 2453 433 2494 a
454 2434 554 2506 Deo'‚'
568 2444 648 2511 patet
669 2435 750 2512 quod
770 2435 914 2511 pmelanrs
934 2434 1021 2495 habet
1041 2435 1122 2496 illum
1143 2436 1328 2498 honorema

276 2535 393 2596 diabolo
407 2535 453 2593 cui
468 2553 500 2593 se
513 2534 661 2610 probavit;
690 2544 718 2593 et
732 2534 774 2592 sic
790 2533 872 2610 juxta
886 2535 1012 2610 primum
1024 2535 1145 2594 verbum
1157 2535 1260 2597 Lucae
1273 2538 1326 2597 xiv.

276 2634 339 2692 talis
353 2650 413 2690 non
430 2642 525 2708 potest
539 2649 603 2689 esse
618 2631 723 2690 Christi
739 2631 902 2707 discipulus,
918 2632 971 2691 sed
984 2631 1142 2708 discipulus
1160 2634 1327 2695 antichristi.

275 2731 313 2788 Et
334 2729 390 2788 sic⁸
404 2747 471 2788 cum
493 2729 649 2804 praesumit
663 2746 727 2787 esse
748 2729 842 2804 major
856 2729 986 2788 Domino
1006 2728 1077 2808 Jesu
1098 2729 1229 2803 Christo,
1250 2740 1327 2809 patet

276 2828 357 2904 quod
378 2845 439 2885 non
460 2838 502 2886 est
523 2828 586 2903 ejus
608 2825 765 2902 discipulus
779 2828 839 2885 sive
854 2845 960 2899 servus,
975 2827 1027 2886 sed
1049 2829 1147 2905 potius
1167 2828 1327 2907 discipulus

276 2925 456 2985 antichristit
498 2924 537 2983 Et
557 2944 593 2983 ex
614 2925 675 2983 istis
696 2935 808 3000 septem
829 2926 961 3001 panibus,
981 2926 1046 2985 licet
1070 2944 1133 2984 non
1155 2927 1327 2992 hordeaoeis

276 3023 328 3082 sed
353 3023 420 3081 satis
445 3023 562 3098 asperis,
588 3031 685 3099 potest
709 3022 778 3080 satis
801 3021 897 3080 satiari
921 3022 1047 3099 populus
1070 3023 1277 3098 praelatorum,
1299 3036 1326 3084 ct

276 3120 442 3197 supradicta
456 3120 599 3177 sententia
613 3119 785 3178 confirmari.
827 3120 892 3178 Alia
906 3130 1003 3179 autem
1018 3120 1242 3197 ‘fragmenta¹⁰'
1257 3125 1325 3183 doc·

276 3229 371 3278 torum
386 3228 414 3276 et
428 3219 556 3276 rationes
570 3235 643 3293 quas
657 3217 688 3274 in
705 3217 760 3275 ista
778 3218 897 3276 materia
916 3218 1035 3295 quidam
1048 3219 1252 3296 multiplicant,
1267 3241 1325 3281 non

276 3326 390 3393 oportet
404 3334 460 3374 nos
475 3315 512 3375 ad
526 3314 583 3374 hoc
603 3315 746 3390 colligere,
762 3332 829 3373 curn
848 3315 919 3374 haec
939 3317 1052 3392 integra
1070 3316 1107 3375 de
1125 3317 1192 3394 lege
1207 3338 1286 3379 nova
1299 3329 1327 3379 et

276 3414 363 3474 veteri
378 3413 523 3472 sufficiunt
537 3412 670 3471 fidelibus
685 3413 723 3472 ad
737 3413 822 3472 istam
837 3414 1008 3473 sententiam
1022 3414 1266 3477 continuandam.

307 3594 316 3623 ¹
333 3592 387 3656 qui]
407 3593 532 3656 quoniam,
549 3592 587 3643 ed.
606 3608 642 3657 pr.
806 3591 816 3620 ¹
831 3591 1006 3656 vos-esselis]
1022 3607 1219 3652 nos—essemus.
1233 3597 1325 3648 Anu.

275 3657 410 3722 ³summo]
423 3675 476 3714 suo.
488 3658 527 3707 ed.
539 3675 576 3723 pr.
657 3657 1039 3771 ‘servandamssobservandum
1052 3658 1145 3708 A.B.C.
1221 3660 1326 3712 ⁸nos-

275 3722 377 3786 mensis]
395 3739 444 3771 om.
462 3724 524 3772 All.
535 3724 573 3772 ed.
584 3738 621 3786 pr.
795 3723 805 3751 ⁰
848 3722 1061 3772 err-secularibus
1091 3739 1141 3773 om.
1159 3724 1222 3775 An.
1233 3728 1273 3776 ed.
1290 3744 1325 3792 pr.

275 3787 332 3837 ⁷cs.
346 3789 424 3837 Heln.
436 3805 459 3837 v.
471 3803 495 3851 4.
583 3787 821 3851 lsic]om.rl.B.C.
897 3788 1060 3837 ’antichristi
1085 3790 1324 3843 verbe⁴etsiccum

276 3852 456 3903 -anlichristi’
468 3853 552 3903 omisit
565 3853 627 3904 Cod.
641 3855 669 3903 ll.
767 3853 786 3883 ¹⁰
803 3852 833 3902 ci.
846 3852 936 3903 Malth.
948 3852 996 3903 xiv.
1010 3867 1048 3902 ιο.
