2864 4836
492 447 753 528 Joanrvrs
793 449 1012 513 vrum
1199 476 1275 515 mn

231 610 312 687 quod
332 611 451 683 incuria,
465 612 523 672 hoc
543 624 588 673 est
608 614 792 691 parvipensio
806 612 852 673 vel
871 631 934 673 non
954 619 1078 677 curatio
1092 619 1172 697 legis
1184 618 1242 687 Dei,
1251 624 1276 675 et

231 720 383 786 peccatum
394 711 590 789 quodcunque
600 712 712 772 actuale
722 713 761 773 ad
771 712 849 772 illam
859 714 1063 790 consequitur.
1110 716 1174 777 Ubi
1183 728 1276 795 quen

229 818 274 867 est
288 809 383 885 major
396 810 581 886 ingratitudo,
596 829 686 888 quarn
700 827 832 871 amorem
844 810 1002 871 terminare
1017 812 1152 875 finaliter
1164 816 1196 875 in
1211 828 1277 873 cret-

230 914 293 963 tura
312 906 432 982 abjecta,
447 917 476 965 et
490 906 597 979 Deum,
612 925 701 984 quem
719 908 846 968 maxime
866 905 1010 967 debemus
1029 927 1147 972 omnes
1164 911 1278 989 digua

230 1018 291 1060 non
304 1003 401 1062 solum
419 1021 481 1063 non
500 1005 618 1082 diligere
639 1005 692 1065 sed
711 1005 814 1065 odire?
854 1003 915 1078 Qui
932 1005 1016 1065 enim
1036 1008 1082 1068 sic
1102 1009 1278 1087 blasphmtt

229 1100 260 1157 in
272 1100 379 1173 Deum,
394 1101 536 1161 tradendo
549 1114 697 1164 creaturae
711 1104 896 1164 dilectionem
913 1119 989 1179 quae
1002 1102 1076 1165 Deo
1094 1108 1221 1185 propria
1234 1114 1279 1175 et,

228 1198 315 1258 nimis
328 1200 457 1275 ingratus
470 1210 515 1259 est
536 1211 564 1259 et
585 1200 773 1277 blasphemus
792 1199 922 1271 idolatra,
936 1210 966 1259 et
986 1201 1030 1261 sic
1052 1202 1128 1263 facit
1148 1204 1202 1281 qui
1220 1203 1279 1263 nrb-

227 1295 327 1356 trahit¹
341 1296 397 1356 Dei
417 1298 571 1370 servitium,
591 1299 744 1358 serviendo
762 1299 891 1360 indebite
909 1309 1069 1360 creaturae.
1113 1300 1200 1361 Nam
1216 1300 1280 1361 fida

227 1395 385 1471 scripturae
414 1406 442 1455 et
469 1397 552 1454 vivax
580 1397 653 1456 ratio
680 1396 785 1458 dictat¹
812 1399 907 1470 nobis,
934 1397 1016 1475 quod
1044 1399 1201 1461 subducto
1225 1398 1280 1459 otio

226 1492 368 1552 debemus
392 1494 529 1553 continue
554 1495 659 1554 servire
683 1494 759 1555 Deo.
801 1495 880 1556 Nam
903 1497 978 1558 sicut
1001 1496 1066 1556 avis
1090 1500 1224 1558 nascitur
1245 1495 1279 1557 td

227 1591 362 1661 volatum,
377 1592 418 1650 sic
432 1591 523 1652 homo
537 1593 575 1652 ad
588 1593 728 1665 laborem,
742 1604 772 1653 et
782 1593 850 1654 hinc
864 1595 977 1672 positus
988 1602 1034 1652 est
1045 1593 1080 1652 in
1090 1596 1280 1672 par-adimi

226 1700 395 1765 operaretur
414 1690 493 1762 illud,
514 1692 589 1750 sicut
609 1692 713 1751 dicitur
727 1691 853 1752 Genesis
866 1692 894 1751 ii.
939 1691 969 1751 Si
990 1708 1064 1767 ergo
1086 1693 1169 1753 beati
1189 1691 1279 1769 angeli

226 1787 440 1860 damnarentur,
463 1790 518 1848 nisi
540 1792 678 1850 servirent
697 1791 835 1849 continue
855 1799 885 1849 et
904 1790 1001 1849 debite
1023 1787 1093 1848 Deo
1114 1808 1182 1862 suo,
1201 1788 1279 1867 quod

226 1886 406 1963 privilegium
421 1898 573 1948 excusaret
586 1906 642 1947 nos
656 1890 787 1959 miseros,
802 1889 827 1948 si
841 1887 1046 1947 subtrahamus
1059 1888 1213 1948 servitium
1225 1886 1278 1947 ne

226 1986 326 2055 nostri,
348 2003 416 2044 cum
437 1997 567 2046 terrenus
588 1986 727 2046 dominus
747 1986 801 2045 ad⁸
820 1987 911 2045 instar
930 1983 988 2044 Dei
1008 1985 1092 2060 punit
1118 1996 1207 2046 acute
1226 2000 1277 2063 pro

226 2084 420 2143 subtractione
449 2085 492 2144 sui
517 2085 643 2144 servitii?
689 2083 763 2143 Ideo
785 2084 918 2143 otiositas
945 2083 976 2141 in
1002 2081 1060 2141 Dei
1087 2084 1209 2144 servitio
1234 2093 1277 2142 est

226 2198 336 2258 vorago
358 2183 488 2242 subtilius
509 2183 653 2242 devorans
673 2183 821 2242 otiantem.
864 2179 943 2240 Nam
965 2179 1039 2239 sicut
1060 2178 1128 2257 plus
1142 2181 1277 2240 oontinue

225 2279 342 2337 incurrit
355 2281 450 2356 magis
464 2280 602 2352 debitum,
617 2282 659 2341 sic
678 2280 817 2340 continue
835 2288 879 2339 est
896 2277 1090 2355 profundatus
1103 2278 1136 2336 in
1151 2280 1276 2350 crimine,

225 2386 253 2436 et
277 2379 464 2454 impotentior
489 2379 527 2438 ad
552 2378 795 2438 satisfaciendum.
837 2375 925 2437 Unde
949 2375 1082 2435 diabolus
1107 2393 1173 2435 non
1193 2377 1277 2437 habet

225 2477 354 2535 medium
376 2477 406 2535 in
426 2476 545 2536 homine
566 2477 661 2552 magis
682 2485 792 2553 aptum,
807 2492 896 2553 quam
917 2473 998 2550 quod
1011 2473 1122 2533 videat‘
1136 2476 1234 2552 ipsum
1247 2476 1276 2534 in

225 2575 281 2634 Dei
302 2575 417 2634 servitio
438 2575 573 2634 otiosum.
620 2573 658 2633 Et
678 2573 746 2633 hinc
769 2573 902 2634 diabolus
922 2571 1015 2630 Evam
1036 2570 1131 2631 solam
1153 2583 1185 2632 et
1205 2591 1276 2650 quo·

225 2673 384 2731 dammodo
399 2674 538 2732 otiantem
554 2672 720 2749 aggreditur
734 2672 772 2732 ad
791 2672 970 2731 tentandum.
1013 2668 1052 2729 Et
1071 2680 1138 2729 sunt
1158 2670 1276 2748 quoad

226 2771 310 2828 istam
321 2773 494 2829 sententiam
506 2770 613 2829 multae
624 2770 851 2829 concordantiae
861 2770 892 2827 in
903 2770 1051 2845 scriptura,
1063 2779 1093 2826 et
1103 2769 1197 2828 multa
1208 2788 1276 2829 cou-

225 2868 310 2938 silia⁶‚
325 2879 372 2925 ut:
404 2869 618 2946 ‘quodcunque
632 2878 729 2944 potest
748 2885 853 2927 manus
870 2878 927 2939 tua,
942 2867 1094 2926 instantius
1114 2864 1275 2944 opereris⁸.'

224 2964 312 3024 Unde
323 2966 410 3027 etiam
422 2967 524 3025 dicitur
536 2967 642 3026 Erech.
654 2968 709 3025 xvi.
722 2967 802 3043 quod
813 2967 886 3025 haec
897 2965 950 3025 fuit
964 2965 1101 3042 iniquitas
1117 2964 1277 3039 Sodomae,

224 3065 356 3127 saturitas
371 3066 455 3141 panis
470 3066 648 3123 abundantia
662 3065 720 3122 vini
734 3075 763 3123 et
776 3063 893 3123 odurn'.
933 3062 971 3121 Et
985 3062 1053 3121 hinc
1068 3061 1204 3124 Christus
1218 3077 1277 3124 tam

223 3164 326 3222 crebro
341 3174 441 3223 monet
456 3181 526 3224 suos
541 3163 700 3239 discipulos
713 3162 838 3238 vigilare.
880 3160 958 3221 Cum
971 3161 1050 3220 enim
1069 3173 1175 3222 natura
1193 3176 1277 3223 natu-

224 3262 318 3322 taliter
339 3264 485 3339 operativa
507 3261 673 3320 naturaliter
694 3261 804 3337 appetit
821 3260 944 3337 operari,
960 3259 1030 3318 dum
1047 3259 1130 3319 deest
1144 3263 1277 3338 operatio

225 3360 330 3431 debita,
346 3371 443 3436 potest
457 3360 494 3418 de
509 3359 584 3419 facili
606 3359 644 3421 ad
658 3359 861 3437 operationem
877 3356 1036 3417 indebitam
1052 3358 1195 3431 inclinari,
1209 3362 1277 3421 etsi

224 3460 315 3535 sapiat
335 3458 493 3535 quidquam
513 3457 682 3526 indebitum,
698 3457 799 3515 transit
813 3474 849 3515 ex
868 3474 924 3514 usu
942 3456 1162 3517 consuetudinis
1182 3460 1213 3517 in
1227 3458 1277 3519 de·

223 3554 364 3615 lectabile.
407 3557 480 3613 Ideo
500 3556 600 3614 dicunt
620 3555 797 3631 philosophi,
812 3555 893 3631 quod
904 3571 974 3613 usus
993 3565 1036 3614 est
1055 3554 1145 3614 altera
1164 3569 1276 3629 natura,

225 3651 318 3711 unde⁸
342 3653 496 3729 prudentia
521 3652 722 3729 applicationis
751 3652 789 3712 ad
817 3670 893 3731 opus
921 3652 1052 3711 debitum
1078 3664 1124 3713 est
1147 3658 1275 3716 maxime

222 3749 410 3823 attendenda,
426 3761 455 3810 et
470 3750 632 3830 specialiter
646 3759 677 3810 ut
691 3751 800 3812 dictum
815 3761 866 3821 est,
881 3760 913 3811 ut
932 3751 963 3809 in
981 3751 1118 3811 omnibus
1137 3755 1277 3830 operibus

254 3983 262 4012 ¹
280 3982 414 4047 subtrahit]
427 3982 548 4034 subtrahit
560 3982 615 4039 sibi,
626 3983 665 4033 ed.
676 3999 714 4048 pr.
847 3982 858 4013 ²
873 3983 963 4051 dictat]
975 3983 1078 4041 dictant,
1089 3984 1128 4041 C..
1140 3985 1170 4035 B.
1182 3987 1276 4052 primae

222 4063 317 4104 manus,
328 4048 367 4098 ed.
380 4065 417 4113 pr.
556 4048 566 4077 ³
583 4048 615 4097 ad
626 4048 715 4113 instar]
727 4048 810 4105 instar,
823 4049 861 4099 ed.
873 4066 910 4114 pr.
1043 4051 1051 4079 ¹
1067 4049 1163 4115 videat]
1175 4052 1277 4108 viderat,

222 4113 310 4178 edpr.
419 4113 561 4178 ⁵c0nsi1ia]
573 4113 669 4169 similia.
682 4114 726 4171 B.;
743 4115 887 4170 consimilia,
899 4114 937 4165 ed.
949 4130 986 4180 pr.
1117 4115 1277 4168 ‘instantiis

224 4177 477 4309 gffirlgsssgninsetdanzerr
487 4194 598 4246 operare,
609 4179 719 4311 §ulh'dces
725 4178 940 4311 uclldfflesegassses
951 4181 983 4230 ix.
998 4194 1036 4233 10.
1100 4181 1110 4210 ⁷
1126 4183 1276 4235 salanias-

372 4280 378 4292 .
423 4281 429 4294 .
472 4281 478 4294 .
834 4283 839 4303 ,
883 4283 889 4294 .
920 4262 938 4295 r.
