2864 4836
715 296 960 304 -ψμ--ῳ-

609 401 863 480 JOANNIS
905 403 1113 466 WICLIF
1308 424 1392 461 marr.

341 563 493 634 sentiendi,
504 573 533 622 et
546 562 604 623 sic¹
619 563 693 622 inira
704 565 790 623 breve
801 582 837 622 ex
852 564 936 642 lapsu
950 564 1014 625 talis
1028 566 1160 641 corporis
1173 575 1392 625 consumeretur

340 680 484 737 organum
499 660 643 720 sentiendi
651 680 659 732 ;
681 679 743 720 non
758 672 856 721 autem
871 663 913 722 sic
927 662 1075 740 concipio,
1090 662 1143 722 sed
1162 661 1246 739 quod
1259 661 1392 739 aptitudo

340 761 399 818 sive
413 758 545 844 habilitas
560 760 704 818 sentiendi
723 761 753 818 in
768 760 873 819 tinibus
892 760 993 819 talium
1014 760 1137 819 situum¹
1150 760 1298 831 limitatur,
1313 757 1392 819 etad

340 867 453 916 tantum
472 875 507 916 ac
526 856 619 917 taliter
632 875 663 915 se
682 858 812 916 extendit
831 858 1000 934 hujusmodi
1013 856 1155 934 aptitudo,
1169 868 1202 916 ut
1219 855 1391 934 perspectivi

340 973 408 1014 vere
427 954 600 1030 intelligunt,
622 954 703 1030 quod
724 955 761 1013 sit
780 956 900 1014 visionis
918 955 1069 1032 judicium,
1089 955 1139 1013 ubi
1160 954 1258 1014 radius
1276 954 1392 1014 visualis

340 1047 501 1112 concurrit⁸
525 1070 593 1111 cum
623 1049 770 1124 catheto⁴3
801 1064 833 1110 ut
857 1052 985 1112 videndo
1009 1070 1117 1129 aquam
1140 1051 1324 1128 suppositam
1348 1051 1390 1110 vei

339 1149 536 1225 quodcunque
551 1148 628 1208 aliud
647 1149 807 1225 speculum,
823 1161 943 1226 apparet
962 1150 1157 1218 communiter
1169 1167 1232 1208 rem
1246 1149 1340 1208 visam
1353 1148 1390 1207 ibi

340 1247 447 1316 situati,
468 1246 518 1305 ubi
539 1246 616 1305 linea
637 1257 715 1305 recta
737 1248 837 1306 exiens
859 1265 876 1305 a
897 1265 927 1304 re
949 1248 1011 1306 visa
1024 1265 1077 1324 per
1091 1246 1252 1323 speculum,
1266 1255 1297 1305 et
1317 1245 1391 1305 linea

339 1343 584 1421 perpendicularis
608 1344 637 1402 in
662 1355 793 1403 extremo
822 1344 886 1420 ejus
911 1354 1094 1413 concurrent,
1119 1346 1191 1403 sicut
1219 1343 1391 1402 invincibilis

340 1442 516 1518 experientia
531 1442 600 1500 satis
620 1441 722 1514 docet;
752 1459 814 1501 non
833 1442 914 1518 quod
934 1459 1041 1518 corpus
1054 1442 1113 1501 exit
1130 1442 1168 1500 ab
1182 1441 1248 1517 ipso
1262 1439 1389 1511 visibili⁸,

339 1548 494 1616 penetrans
514 1539 611 1614 ipsum
631 1540 782 1615 speculum
801 1549 831 1597 et
844 1541 932 1598 etiam
951 1538 1122 1615 sphaeram⁶
1140 1548 1234 1598 terrae
1250 1537 1388 1606 lacerans,

339 1636 390 1696 sed
415 1635 497 1713 quod
520 1637 551 1694 in
575 1636 629 1696 illis
653 1637 754 1696 sitibus
776 1647 843 1695 sunt
867 1635 1060 1708 habitudines,
1082 1622 1245 1695 secundum
1265 1620 1341 1713 quas
1360 1635 1390 1694 fit

336 1732 477 1811 judicium
496 1732 533 1792 de
552 1734 704 1793 situatione
723 1734 847 1803 visibilis,
863 1734 912 1792 ubi
929 1733 1023 1792 lineae
1042 1731 1245 1810 imaginariae'
1263 1734 1305 1792 sic
1322 1750 1388 1792 con·

338 1842 473 1901 currunt;
509 1832 601 1892 etsie
622 1833 653 1890 in
673 1841 756 1908 parte
778 1830 961 1890 sentiendum
983 1842 1028 1891 est
1047 1830 1084 1890 dc
1106 1830 1218 1907 specie⁸
1239 1833 1282 1891 rei
1303 1834 1388 1901 visae,

339 1948 401 1990 non
429 1931 510 2008 quod
538 1930 586 1989 illa
609 1930 722 2005 species
750 1929 786 1988 sit
808 1929 904 2005 aliqua
927 1946 973 1987 res
1000 1928 1141 1999 absoluta,
1165 1946 1242 2005 quae
1269 1928 1389 2007 poterit⁹

339 2046 391 2103 per
415 2046 446 2086 se
471 2045 545 2097 esse,
568 2026 620 2087 sed
645 2035 688 2084 est
713 2024 882 2101 dependens
905 2026 944 2083 ab
968 2025 1087 2102 objecto
1110 2025 1237 2096 visibilis,
1262 2028 1337 2086 sicut
1360 2026 1389 2084 tit

340 2127 439 2184 lumen
459 2125 504 2182 vel
524 2125 635 2192 umbra,
651 2140 723 2198 quas
741 2122 906 2198 judicamus
927 2121 1114 2198 corporaliter
1133 2138 1189 2181 nos
1209 2124 1326 2194 sentire,
1341 2122 1390 2183 sed

340 2222 433 2280 sunt¹⁰
446 2221 630 2280 habitudines
648 2238 709 2296 quo
728 2219 765 2278 ad
786 2220 864 2290 situs,
880 2221 910 2278 in
928 2220 1035 2296 quibus
1054 2220 1232 2279 luminosum
1248 2222 1295 2281 vel
1313 2222 1389 2282 aliud

338 2320 447 2379 visibile
472 2328 516 2378 est
540 2329 719 2396 perceptum.
770 2317 857 2377 Unde
882 2315 1013 2376 salsum¹¹
1037 2327 1081 2376 est
1105 2326 1134 2375 et
1158 2335 1176 2376 a
1200 2319 1389 2379 senioribus¹¹

338 2435 458 2478 erronee
477 2416 683 2485 introductum,
698 2415 780 2491 quod
798 2415 905 2492 globus
923 2415 1040 2474 luminis
1053 2414 1098 2473 vel
1117 2417 1225 2491 speciei
1245 2417 1389 2478 visibilis²³

338 2516 374 2574 sit
397 2534 457 2574 una
477 2532 524 2574 res
548 2513 691 2583 absoluta,
713 2531 789 2589 quae
814 2513 921 2589 poterit
944 2530 996 2588 per
1017 2530 1049 2571 se
1072 2528 1145 2570 esse.
1193 2510 1248 2571 Est
1270 2515 1387 2591 inquam

338 2721 405 2768 sunt
419 2720 479 2769 tam
501 2709 537 2768 de
558 2710 682 2785 positiva
703 2718 806 2767 natura
826 2706 964 2766 luminosi
984 2724 1073 2783 quam
1094 2705 1131 2766 de
1151 2717 1257 2767 natura
1273 2709 1389 2780 coloris,

338 2806 409 2865 dum
433 2806 560 2865 lumen¹⁴
585 2805 719 2864 radiatur,
771 2804 818 2863 Ex
842 2804 898 2863 hac
922 2804 1010 2862 etiam
1035 2804 1180 2863 sententia
1203 2806 1389 2883 sequuntur¹⁸

341 2903 545 2963 conclusiones
550 2904 571 2937 ¹⁸
585 2903 804 2980 pulcherrimae,
819 2901 894 2961 sicut
907 2901 944 2960 de
959 2910 1062 2960 natura
1074 2900 1248 2978 projiciendi
1261 2907 1386 2984 umbras,

337 3022 412 3081 quae
426 3004 533 3064 docent
547 3022 602 3063 nos
616 3004 748 3081 mystice,
762 3001 915 3079 quomodo
930 3002 1071 3062 debemus
1089 3000 1275 3078 spirimaliter
1287 3003 1388 3062 intelli·

336 3120 414 3178 gere,
430 3102 543 3178 agere¹⁷
557 3113 585 3160 et
599 3101 717 3159 credere
733 3100 770 3159 de
785 3098 978 3176 spiritualibus
991 3099 1137 3176 prioribus
1150 3099 1181 3157 iu
1195 3108 1308 3157 natura

259 3233 302 3259 „u-
379 3201 437 3261 Sed
461 3218 521 3277 quo
546 3199 582 3259 ad
604 3199 750 3257 secundam
774 3197 968 3274 difficultatem,
989 3215 1079 3274 quam
1103 3197 1199 3272 tangis
1223 3196 1288 3256 de¹⁸
1312 3197 1389 3257 bruto

275 3291 279 3301 '
336 3299 463 3369 lromr'nis,
489 3316 549 3356 non
579 3298 670 3356 debes
698 3295 814 3354 credere
843 3295 923 3371 quod
951 3295 1086 3371 proxima
1112 3293 1233 3353 materia
1262 3295 1388 3355 bominis

337 3395 437 3456 ioret¹‘
451 3399 576 3464 brutum,
592 3404 641 3453 aut
655 3392 734 3470 quod
750 3410 786 3450 ex
803 3392 850 3450 illa
864 3401 944 3467 parte
960 3391 1100 3450 materiali
1119 3390 1286 3468 qualitativa
1303 3401 1334 3450 et
1351 3409 1387 3450 ex

369 3543 419 3590 ¹et
431 3540 478 3604 sic]
491 3547 554 3590 utet
566 3539 609 3594 sic.
621 3538 659 3589 ed.
671 3554 707 3603 pr.
782 3535 900 3586 ¹situum
924 3543 1033 3592 actuum,
1046 3535 1108 3585 ΑΒ.
1225 3535 1388 3601 'mncnrriq

336 3607 491 3661 concurrerit.
505 3604 564 3654 B.C.
575 3603 614 3654 ed.
626 3619 662 3668 pr.
779 3603 788 3631 ⁴
805 3602 904 3651 catheto
929 3600 1065 3656 anucco,
1076 3600 1115 3650 sd.
1128 3615 1179 3666 pr.;
1197 3599 1262 3651 eod
1271 3601 1302 3652 C.
1312 3617 1387 3652 anno

337 3671 454 3720 tationem
461 3670 536 3720 habet
545 3669 577 3718 ad
593 3684 647 3717 mar
665 3669 729 3717 'nem
746 3667 851 3732 paginae
868 3681 943 3716 manu
960 3666 1067 3715 secunda
1082 3665 1250 3730 adscriptam:
1269 3675 1303 3714 aar
1316 3681 1388 3731 guar

337 3737 416 3784 tineae.
526 3734 536 3764 ⁸
551 3684 789 3824 visibilifinv‘isibili,
802 3731 830 3780 B.
936 3732 947 3760 ⁴
963 3729 1104 3844 sphaeram}
1116 3730 1144 3780 in
1154 3729 1250 3781 cruens
1261 3731 1388 3782 aodidbns

675 3798 709 3846 im
743 3797 749 3807 ‘
796 3795 1111 3861 ‘]imaginatrvae,A..
1193 3794 1387 3861 'specieJem

339 3866 396 3916 B.C.
604 3862 721 3928 ’poterit
746 3869 837 3926 potest,
850 3861 925 3916 B.c.;
943 3875 987 3926 per
999 3861 1111 3910 scellam
1122 3859 1387 3928 potmitessedpr.

336 3932 355 3961 ¹⁰
371 3928 659 3994 sunt]habeut.A.B.C.
759 3925 861 3990 falsum]
874 3925 1041 3980 salsissimum.
1051 3925 1089 3975 sd.
1097 3939 1134 3989 pr.
1201 3922 1220 3954 ¹¹
1236 3924 1388 3990 amion‘bns]

336 3995 442 4050 senibus,
451 3993 514 4044 Α.Β.
624 3993 642 4023 ¹⁸
658 3990 773 4057 visibilis]
785 4006 835 4041 om.
848 3990 911 4040 Ab.
1022 3990 1039 4018 ¹·
1055 3987 1244 4054 lumen]lineae
1254 3990 1388 4046 radiantur.

336 4060 443 4115 a.1t.c.;
460 4059 553 4109 lumine
565 4057 696 4113 mdiantur.
707 4056 746 4106 sd.
757 4071 795 4122 pr.
871 4055 889 4085 ¹⁸
907 4052 1339 4120 Exbac-sequuntnr]om.c.ed.
1381 4092 1388 4104 .

337 4125 354 4153 ¹⁸
371 4124 541 4176 conclusiones
565 4120 815 4188 compositionesed.
845 4137 863 4169 r.
931 4119 949 4149 Ι*
965 4118 1113 4185 agere10m.
1125 4118 1164 4169 ed.
1176 4134 1215 4184 pr.
1311 4121 1333 4152 ¹⁸
1347 4070 1388 4184 g]

337 4191 368 4246 in.
381 4189 442 4237 ΑΒ.
551 4189 561 4217 ’
577 4187 652 4251 soret]
666 4187 714 4236 hoc
726 4186 796 4241 soret.
808 4136 846 4235 eri).
859 4201 895 4249 pr.

337 3801 454 3865 scripturn
466 3809 563 3863 speram.
