2864 4836
146 438 244 481 aaa
510 418 685 478 aaran
709 420 853 482 ocos,
1287 440 1347 510 175

189 574 354 636 Phrenesis.
396 576 567 638 Observabo
595 579 716 641 libenter
743 583 916 641 sententiam
945 600 1034 660 quarn
1062 584 1199 663 injungis,
1255 604 1392 681 affilllm

146 674 203 734 sed
217 693 278 751 quo
292 676 330 736 ad
348 677 497 753 objectum
517 688 600 736 tuum
619 679 757 738 literalem
777 681 931 740 considero
951 683 1112 741 secundum
1127 683 1200 759 logi·
1236 685 1300 726 Μ’·

146 789 209 844 cos,
232 771 314 832 cum¹
336 791 446 832 nomen
467 776 504 835 sit
524 794 582 834 vox
603 777 792 852 significativa
812 779 850 837 ad
871 780 1018 855 placitum,
1038 781 1118 855 quod
1139 798 1200 839 non

146 882 266 948 oportet
294 872 462 943 sollicitari²,
488 891 577 949 quare
603 876 724 934 nomina
748 877 908 952 superbiae,
934 878 1066 949 invidiae,
1091 889 1121 937 et
1141 881 1200 938 irae

146 969 315 1046 mgrnficant
329 979 389 1029 tam
404 970 554 1047 dispariter
568 990 669 1031 sensus
683 991 751 1032 suos
759 992 767 1046 3
793 974 858 1033 licet
874 976 953 1033 enirn
967 977 1130 1051 imponenti
1144 987 1199 1035 ter·

145 1067 245 1126 minos
268 1069 311 1126 uti
335 1068 420 1145 ipsis³
441 1069 479 1127 ad
501 1079 582 1129 actus
602 1070 696 1128 licitos
718 1080 805 1147 atque
828 1072 941 1132 illicitos
962 1073 1199 1150 designandum⁴.

147 1163 230 1225 Cave
244 1167 360 1224 tamen⁶
374 1167 410 1225 de
424 1168 682 1242 grammaticorum
693 1167 793 1244 figura,
803 1187 892 1246 quam
904 1172 958 1248 ipsi
970 1182 1075 1230 vocant
1086 1178 1093 1203 ‘
1103 1183 1199 1232 antro-

145 1263 323 1340 pospatos⁶,'
343 1265 463 1340 quando
484 1265 612 1323 humana
632 1267 729 1341 passio
744 1266 788 1325 vel
808 1270 967 1343 proprietas
978 1269 1045 1327 Deo
1060 1271 1199 1342 tribuitur,

144 1361 230 1438 quod
249 1362 280 1419 in
302 1362 438 1421 omnibus
459 1362 514 1421 illis
538 1373 652 1421 utamur
673 1364 773 1440 regula
792 1365 952 1440 Augustam·
968 1366 1110 1425 colando⁷
1131 1368 1200 1426 illud

144 1459 229 1536 quod
243 1460 410 1537 simpliciter
421 1459 629 1536 perfectionem
644 1463 746 1537 signat,
758 1473 787 1521 et
797 1461 863 1521 Deo
875 1473 976 1521 nostro
990 1464 1200 1540 perfectionem

145 1556 317 1634 hujusmodi
337 1576 522 1629 reservemus,
541 1558 611 1617 illud
630 1570 726 1617 autem
748 1562 828 1636 quod
848 1571 929 1618 notat
948 1561 1200 1637 imperfectionem

145 1657 365 1732 appropriatam
381 1655 552 1726 creaturae⁸,
567 1657 715 1733 loquendo
730 1657 766 1715 de
781 1656 847 1715 Deo
861 1659 976 1733 penitus
994 1659 1198 1719 subducamus.

146 1753 222 1813 ideo
236 1753 319 1812 cum⁹
334 1755 364 1812 in
380 1753 476 1812 furore
490 1753 545 1812 et¹⁰
559 1755 600 1813 ira
615 1765 682 1812 sunt
695 1754 808 1829 aliquae
827 1757 973 1813 motiones
993 1756 1131 1814 iratorum
1145 1759 1199 1815 im-

150 1862 254 1930 petum
269 1852 464 1929 designantes,
478 1863 507 1911 et
526 1851 625 1911 aliae¹¹
644 1852 834 1927 proprietates
856 1851 1024 1927 analogicae
1042 1870 1118 1927 quae
1132 1852 1199 1912 Deo

146 1961 273 2028 possunt
297 1961 472 2026 competere,
495 1950 694 2008 subducamus
719 1949 827 2024 primas
849 1960 878 2007 et
900 1949 1107 2009 reservemus¹'
1128 1951 1198 2010 alias

144 2049 186 2109 ad
200 2048 279 2107 hunc
292 2067 420 2117 sensnm,
435 2047 516 2124 quod
530 2047 673 2124 propheta
686 2057 769 2122 rogat
784 2046 881 2105 Deum
896 2065 990 2118 suum,
1006 2056 1043 2105 ne
1057 2048 1087 2106 in
1102 2048 1198 2108 furore

145 2164 203 2208 suo
216 2147 247 2205 in
264 2147 310 2206 die
329 2147 498 2216 novissimo,
511 2145 631 2221 quando
651 2155 752 2220 arguet
772 2155 855 2203 acute
874 2145 913 2205 ad
933 2145 1071 2222 regulam,
1086 2157 1198 2205 austere

145 2246 267 2306 damnet
280 2245 325 2303 vel
339 2246 440 2321 puniat
459 2262 542 2302 suam
561 2244 697 2302 miseram
718 2255 887 2313 creaturam,
903 2262 1000 2319 neque
1014 2245 1104 2303 invia
1118 2255 1198 2303 ante·

145 2343 285 2404 cedenter
293 2343 331 2400 ad
340 2342 467 2400 furorem
478 2341 557 2399 illum
569 2341 703 2417 corripiat
714 2340 831 2399 fratrem
843 2341 966 2414 suum¹³;
982 2352 1010 2400 et
1020 2342 1100 2400 illum
1109 2342 1197 2401 finem

143 2459 214 2501 cum
236 2441 294 2499 suis
314 2440 418 2498 mediis
432 2440 520 2498 debet
533 2439 624 2497 viator
637 2439 756 2515 quilibet
776 2440 937 2514 imprecari.
980 2439 1079 2499 Potest
1100 2450 1197 2500 autem

144 2538 212 2607 dici,
227 2538 308 2613 quod
322 2538 494 2614 descriptive
508 2538 608 2594 vitium
622 2537 680 2594 irae
695 2546 739 2594 est
754 2537 933 2595 inordinatus
948 2539 1092 2613 appetitus
1107 2538 1197 2596 animi

146 2637 186 2696 ad
197 2637 353 2694 vindictam
365 2635 402 2693 de
414 2645 544 2693 creatura
555 2633 702 2692 Domini¹⁴
714 2635 935 2710 exequendum;
957 2654 1009 2712 per
1023 2635 1080 2694 hoc
1091 2646 1197 2706 autem,

148 2735 230 2812 quod
258 2744 302 2792 est
330 2733 509 2792 inordinatus
534 2734 686 2808 appetitus,
712 2743 792 2809 patet
815 2733 896 2809 quod
921 2732 987 2792 Deo
1016 2753 1077 2792 non
1101 2744 1198 2810 potest

146 2844 313 2909 competere
322 2852 330 2904 ;
355 2832 422 2890 ideo
439 2832 517 2889 furor
531 2848 590 2907 quo
607 2831 637 2887 in
655 2830 701 2888 die
721 2831 821 2906 judicii
834 2830 928 2907 magis
950 2832 1065 2902 saeviet,
1081 2849 1135 2891 nec
1156 2832 1198 2890 ira

144 2930 211 3001 Dei,
226 2949 284 3008 qua
305 2931 431 3007 gratiose
452 2940 481 2988 et
502 2929 634 2988 modeste
656 2929 733 3005 capit
746 2928 902 2987 vindictam
923 2929 960 2988 de
980 2928 1122 3000 hostibus,
1137 2947 1197 2988 non

146 3038 273 3108 possunt
290 3029 475 3104 descriptioni
490 3027 576 3104 hujus
590 3027 649 3085 vitii
671 3027 838 3103 subjacere3
869 3027 943 3085 sicut
965 3045 1019 3085 nec
1038 3027 1081 3085 ira
1098 3027 1196 3103 Moysi

144 3147 202 3208 pro
216 3127 348 3187 idolatria
361 3126 470 3202 populi,
486 3134 535 3184 aut
554 3125 669 3183 alterius
690 3126 781 3183 sancti
796 3124 862 3195 Dei,
877 3123 947 3183 dum
968 3133 1061 3182 servat
1080 3142 1111 3182 se
1128 3125 1196 3182 iras-

143 3227 241 3287 cendo
255 3227 285 3284 in
300 3225 437 3283 limitibus
451 3224 580 3293 rationis,
596 3222 632 3280 ad
647 3223 727 3297 quod
746 3222 868 3280 multum
883 3222 984 3279 valet¹⁵
998 3240 1087 3280 causa
1106 3221 1196 3279 vindi-

143 3324 230 3387 candi
244 3323 301 3383 Dei
315 3321 469 3400 injurias¹⁰,
484 3331 513 3379 et
526 3321 669 3380 modestia
679 3319 875 3397 prosequendi
889 3319 1046 3377 vindictam
1060 3318 1098 3376 ad
1112 3336 1197 3393 regu-

142 3422 231 3483 lam¹⁷
254 3421 416 3481 secundum
440 3418 520 3497 quod
544 3420 661 3495 expedit
685 3419 825 3477 ecclesiae
850 3417 927 3474 illam
952 3418 1025 3492 capi,
1051 3416 1088 3475 ad
1116 3417 1196 3491 quod

176 3586 185 3618 ¹
203 3584 272 3650 cnm]
284 3583 359 3648 quod,
370 3583 464 3632 A.B.C.
475 3582 596 3631 secundae
606 3596 701 3635 manus,
766 3578 776 3608 ¹
792 3577 930 3642 sollicitari]
943 3576 1048 3626 multum
1060 3575 1195 3634 sollicitari,

142 3651 173 3701 B.
185 3651 223 3701 ed.
235 3666 272 3714 pr.
379 3649 389 3678 ¹
406 3647 477 3712 ipsis]
489 3648 563 3710 ipsos,
575 3646 613 3695 ed.
625 3661 662 3709 pr.
769 3644 778 3673 ⁴
794 3642 984 3707 designandum]
998 3642 1060 3690 Β.Ι).
1072 3642 1154 3691 addit:
1171 3651 1196 3692 et

142 3732 209 3766 nnnc
217 3715 275 3764 licet
285 3714 392 3763 limitare
404 3729 447 3762 eos
458 3712 489 3761 ad
501 3712 581 3760 solum
593 3720 663 3759 actus
674 3709 773 3759 illicitos
784 3708 971 3771 designandum.
1073 3708 1083 3736 ¹
1099 3715 1182 3756 tamen

141 3788 248 3835 tantum.
260 3779 298 3829 ed.
311 3795 348 3842 pr.
447 3777 457 3805 ¹
474 3776 677 3840 antropospatos]
689 3775 730 3824 ie.
743 3773 967 3838 anthropopathos
1050 3771 1060 3802 ⁷
1076 3772 1182 3821 colando

142 3845 186 3896 ie.
199 3845 339 3911 purgando:
358 3843 477 3900 tollendo,
489 3842 582 3891 A.B.C.
594 3841 632 3889 ed.
644 3857 681 3904 pr.
802 3841 811 3868 ¹
828 3837 966 3900 creaturae]
979 3846 1096 3893 creatura,
1108 3836 1145 3885 ed.
1157 3852 1194 3900 pr.

140 3910 238 3974 ⁰cum]
251 3909 362 3965 tum,ed.
376 3925 413 3972 pr.
536 3908 554 3936 ¹⁰
570 3905 607 3970 et]
620 3913 672 3954 tum
685 3906 717 3961 in,
729 3906 767 3954 ed.
780 3920 816 3970 pr.
944 3904 960 3933 ¹¹
979 3903 1053 3966 aliae]
1082 3901 1194 3958 uaedam,

140 3977 180 4025 ed.
193 3991 229 4040 pr.
329 3974 348 4004 ¹¹
364 3971 525 4036 reservemus]
538 3986 667 4027 servemus,
679 3971 717 4019 ed.
747 3987 766 4020 r.
849 3969 867 3997 ¹¹
883 3967 1044 4032 suum]cf.P
1081 3966 1158 4016 mvi.
1172 3981 1193 4016 a.

141 4040 159 4072 ¹⁴
178 4039 281 4090 Domini
306 4039 396 4095 Deum,
405 4038 443 4087 ed.
456 4055 494 4102 pr.
631 4035 649 4064 ¹¹
665 3987 746 4100 valeth>
754 4035 843 4092 valent,
855 4035 883 4084 B.
895 4034 989 4098 primae
1000 4047 1095 4087 manns,
1106 4031 1144 4080 ed.
1156 4047 1194 4095 pr.

141 4106 161 4136 ¹⁶
177 4105 210 4155 iu'
228 4106 277 4154 rias
301 4104 421 4168 injuriam,
434 4104 462 4151 B.
474 4103 568 4167 primae
578 4116 673 4157 munus,
684 4101 717 4151 D.
730 4101 768 4150 ed.
781 4117 817 4165 pr.
993 4097 1011 4127 ¹⁷
1028 4095 1193 4161 adregulam]

141 4181 287 4235 regnatam,
299 4168 392 4219 A.C.B.
405 4168 525 4218 secundae
536 4181 631 4215 manus.
