2864 4836
492 328 959 392 PROLEGOMENA..
1277 341 1295 410 7

143 505 214 549 curn
238 507 270 550 re
293 491 411 570 egregie
435 500 581 553 consonat
608 491 703 553 forma
730 492 879 570 colloquii,
902 492 1021 571 quippev
1036 508 1113 570 quae
1137 491 1296 570 simplicior

142 595 181 656 sit
207 614 298 674 quam
325 597 457 676 Trialogi
483 599 585 658 forma
643 598 699 658 Rei
726 600 807 659 enim
833 608 937 660 natura
966 599 1103 676 posnrlat,
1131 599 1296 678 planiorem
1345 607 1352 619 '

142 711 173 762 ct
199 703 407 780 simpliciorem
433 692 572 783 colloquii
599 705 744 765 rationem
776 705 866 783 priori
897 706 995 783 potius
1022 723 1113 783 quam
1139 705 1296 783 posteriori

142 819 277 887 tempore
297 812 493 888 excogitatam
514 806 601 888 atqu'e
621 811 758 872 usitatam
778 830 852 873 esse.
894 812 987 890 Igitur
1004 830 1073 873 cum
1091 813 1122 872 in
1137 812 1294 889 ‘Dialogo'

142 915 215 975 duas
237 934 389 993 personas,
410 917 571 977 Veritatem
593 928 623 977 et
646 917 846 990 Mendacium,
872 918 1073 996 colloquentes
1095 918 1220 990 fecisset,
1242 918 1293 978 ali·

141 1024 325 1098 quotannis
349 1034 419 1100 post
443 1034 545 1084 auctor
567 1025 599 1083 in
623 1023 795 1101 ‘Trialogo'
820 1031 877 1084 tres
900 1043 1043 1102 personas
1065 1024 1140 1085 inter
1163 1042 1196 1086 se
1220 1042 1295 1086 con-

141 1125 306 1188 fabulantes
327 1129 449 1201 induxit,
470 1131 580 1190 scilicet
599 1130 747 1202 Alithianr,
769 1129 914 1190 Pseustim
934 1141 963 1191 et
983 1130 1155 1191 Phronesin.

150 1286 153 1289 .
184 1235 410 1316 Hae'personae
421 1239 574 1317 quomodo
587 1240 661 1299 inter
675 1258 706 1300 se
722 1240 942 1316 distinguantur,
954 1240 1116 1301 secundum
1132 1240 1295 1300 editionem

141 1344 306 1422 principem
332 1343 447 1404 difficile
474 1355 520 1404 est
546 1343 701 1404 intellectu.
744 1344 873 1404 Psemtr’s
896 1345 1017 1422 quidem
1040 1345 1158 1418 (omnes
1182 1344 1293 1406 scilicet

141 1450 208 1510 libri
235 1468 351 1528 semper
378 1461 408 1510 et
433 1450 496 1511 sine
523 1450 583 1509 ulla
610 1450 784 1528 exceptione
807 1450 915 1511 habent
938 1450 1067 1510 Praestri
1087 1450 1140 1510 i.e.
1164 1449 1293 1525 ψώστησ,

142 1573 207 1617 non
234 1556 363 1629 Pseudei,
387 1575 457 1617 cum
484 1557 682 1632 editionibus),
706 1559 767 1618 sive
795 1567 827 1617 ut
853 1576 922 1618 cum
950 1557 1075 1619 auctoris
1098 1557 1226 1637 prologo
1248 1557 1293 1619 loa

141 1680 276 1740 quamur‚
297 1663 422 1724 infidelis
445 1663 602 1742 captiosus,
626 1664 795 1741 perspicuas
816 1665 877 1742 agit
901 1673 998 1742 partes
1020 1664 1159 1741 negando
1181 1674 1211 1726 et
1232 1665 1292 1726 dis·

141 1767 275 1846 putando
296 1778 399 1829 contra
418 1771 576 1830 veritatem.
618 1769 679 1829 Sed
701 1769 771 1846 quid
797 1771 915 1848 proprie
936 1769 1110 1830 discriminis
1131 1769 1292 1833 intercedat

141 1873 284 1934 Alitlriam
306 1875 381 1935 inter
402 1885 432 1936 et
453 1875 622 1948 Pleromatis,
645 1876 670 1935 si
695 1875 743 1935 illa
766 1891 821 1952 pro
844 1874 956 1934 ‘solido
978 1875 1131 1953 theologo'
1154 1875 1292 1936 habenda

141 1980 188 2052 sit,
216 1979 289 2040 haec
315 1999 370 2058 pro
398 1981 512 2041 ‘subtili
539 1981 679 2059 theologo
703 1990 732 2041 et
755 1980 888 2052 maturo,'
911 1982 960 2040 vix
987 1982 1156 2058 conjectura
1176 1980 1292 2042 efficere

140 2087 247 2164 possis
288 2086 400 2146 Verum
418 2087 491 2147 haec
510 2087 662 2148 difficultas
681 2087 765 2148 facile
785 2087 904 2147 solvitur
922 2086 1072 2148 redeundo
1092 2087 1130 2147 ad
1151 2087 1292 2147 librorum

140 2209 232 2251 manu
253 2194 428 2271 scriptorum
449 2195 658 2254 auctoritatem.
699 2192 785 2253 Unus
806 2194 887 2254 enim
908 2193 988 2270 liber,
1003 2194 1086 2272 isque
1106 2211 1168 2252 non
1188 2192 1291 2256 tritium

141 2300 210 2362 loco
229 2301 391 2372 habendus,
411 2300 459 2372 Ι).,
474 2301 547 2361 haec
568 2301 686 2360 exhibet
706 2302 811 2361 verba:
834 2296 1017 2378 ‘Trialogus,
1038 2301 1088 2360 ubi
1109 2301 1206 2379 primo
1226 2311 1291 2361 tan·

140 2426 232 2487 qnam
259 2408 368 2469 Alithia
395 2408 506 2470 solidus
528 2409 708 2485 philosophus
734 2406 918 2486 loqueretur!
968 2409 1008 2467 Et
1034 2426 1103 2468 cum
1130 2410 1186 2469 isto
1213 2407 1291 2480 lacit,

140 2517 194 2594 qui
219 2515 327 2577 librum
354 2515 389 2575 C.
413 2516 559 2576 recensuit
587 2525 674 2593 atque
697 2516 841 2589 correxit3
875 2515 923 2575 hic
951 2517 1039 2587 enim,
1067 2534 1135 2575 cum
1159 2516 1190 2575 in
1216 2516 1292 2576 libro

140 2621 281 2698 scriptum
302 2631 396 2681 esset:
417 2621 545 2681 ‘solidus
565 2620 718 2698 theologus,'
736 2623 857 2684 verbum
877 2622 1020 2697 posterius
1040 2621 1159 2679 mutavit
1179 2629 1209 2679 et
1229 2621 1293 2698 ejus

138 2728 209 2788 loco
229 2727 328 2805 posuit
342 2726 549 2803 ‘philosophae'
591 2727 655 2785 Etsi
676 2726 736 2786 duo
757 2726 859 2804 reliqui
879 2726 952 2796 libri,
965 2726 1002 2785 Α.
1017 2736 1046 2786 et
1060 2725 1093 2784 B.
1109 2744 1177 2786 cum
1197 2726 1292 2803 prima

111 2842 112 2845 ’
139 2852 232 2894 manu
253 2834 362 2893 codicis
384 2832 418 2891 C.
438 2833 580 2892 habeant:
607 2832 796 2914 ‘theologus'
818 2842 919 2892 tamen
939 2832 1003 2893 illos
1023 2834 1182 2909 genuinam
1204 2842 1291 2909 atque
1346 2874 1349 2880 -

139 2957 239 2999 veram
261 2939 387 3000 auctoris
409 2939 499 3015 ipsius
524 2939 712 3015 scriptionem
735 2939 834 2999 testari
856 2956 917 2998 non
940 2939 1088 3016 estquod
1113 2938 1290 2999 dubitemus.

141 3045 210 3106 Hac
232 3048 312 3106 enim
335 3046 447 3106 ratione
468 3064 611 3123 personne
634 3047 664 3105 in
685 3045 828 3124 Trialogo
850 3046 925 3107 inter
948 3065 980 3107 se
1003 3045 1202 3123 colloquentes
1224 3064 1291 3122 per·

139 3153 241 3231 spicue
274 3162 304 3213 et
336 3153 504 3230 simpliciter
537 3153 761 3230 distinguuntur.
818 3151 917 3213 Primo
952 3152 1062 3213 solidus
1096 3152 1291 3231 philosophus

137 3260 275 3337 loquitur,
304 3260 410 3319 deinde
436 3258 562 3319 infidelis
592 3259 723 3336 captiose
750 3259 859 3338 objicit,
887 3270 1038 3337 postremo
1066 3259 1178 3319 subtilis
1205 3258 1290 3318 theo·

139 3367 227 3444 logus
247 3367 478 3427 controversiam
498 3367 645 3445 dijudicat

180 3473 319 3535 Ceterum
338 3475 418 3535 hunc
436 3474 587 3551 dialogum
604 3474 694 3550 longe
712 3475 816 3534 abesse
835 3491 855 3532 a
866 3471 1084 3532 Platonicorum
1103 3471 1289 3550 dialogorum

139 3581 261 3654 ratione,
285 3581 334 3640 vix
357 3581 508 3658 estquod
531 3599 716 3641 moneamus.
756 3578 888 3639 Nomina
908 3580 988 3638 enim
1011 3579 1076 3657 ipsa
1099 3595 1291 3657 personarum

139 3688 274 3760 innuunt,
299 3706 361 3747 non
389 3689 470 3748 vivos
497 3687 642 3759 homines,
666 3685 803 3764 peculiari
834 3687 977 3747 sentiendi
1005 3686 1171 3764 agendique
1198 3683 1291 3745 modo

139 3812 241 3855 revera
253 3793 406 3854 distinctos
424 3794 479 3854 sibi
498 3793 633 3870 colloqui,
648 3792 700 3853 sed
719 3804 868 3856 auctorem
887 3813 905 3853 a
921 3794 1009 3854 rebus
1027 3793 1097 3870 ipsis
1115 3791 1291 3851 abstraxisse

139 3901 273 3962 animum
291 3911 320 3962 et
338 3902 456 3961 virtutes
477 3909 527 3961 aut
546 3900 614 3959 vitia
634 3901 778 3976 quaedam
799 3917 991 3979 personarum
1011 3898 1111 3976 specie
1130 3895 1215 3975 quasi
1236 3895 1290 3954 cir·

139 4006 336 4078 cumdedisse,
355 4007 412 4068 hoc
429 4006 526 4066 solum
543 4006 756 4078 observantem,
770 4017 803 4066 ut
821 4004 959 4064 Alithiam
978 4003 1112 4074 feminae,
1126 4000 1291 4062 Phronesin

138 4124 169 4175 et
201 4114 349 4174 Pseustim
376 4113 504 4173 virorum
536 4112 604 4172 loco
635 4111 761 4172 haberet
821 4109 958 4188 Namque
986 4107 1095 4168 Alithia
1125 4107 1289 4169 Phronesin

138 4220 290 4289 ‘fratrem’
304 4219 451 4298 appellare
473 4220 557 4293 solet,
572 4219 730 4281 Phronesis
743 4217 882 4279 Alithiam
903 4215 1064 4279 identidem
1078 4226 1110 4277 ut
1124 4211 1287 4278 ‘sororem'
