<?xml version="1.0" encoding="UTF-8"?>
<!DOCTYPE html PUBLIC "-//W3C//DTD XHTML 1.0 Transitional//EN"
    "http://www.w3.org/TR/xhtml1/DTD/xhtml1-transitional.dtd">
<html xmlns="http://www.w3.org/1999/xhtml" xml:lang="en" lang="en">
 <head>
  <title>
</title>
<meta http-equiv="Content-Type" content="text/html;charset=utf-8" />
  <meta name='ocr-system' content='tesseract 3.04.00' />
  <meta name='ocr-capabilities' content='ocr_page ocr_carea ocr_par ocr_line ocrx_word'/>
</head>
<body>
  <div class='ocr_page' id='page_1' title='image "./trialoguscumsup00lechgoog_0248.png"; bbox 0 0 2864 4836; ppageno 0'>
   <div class='ocr_carea' id='block_1_1' title="bbox 137 387 852 499">
    <p class='ocr_par' dir='ltr' id='par_1_1' title="bbox 137 387 852 499">
     <span class='ocr_line' id='line_1_1' title="bbox 137 387 852 499; baseline -0.004 -7"><span class='ocrx_word' id='word_1_1' title='bbox 137 456 239 499; x_wconf 63' lang='lat' dir='ltr'>cn...</span> <span class='ocrx_word' id='word_1_2' title='bbox 508 387 852 492; x_wconf 73' lang='lat' dir='ltr'>rnraroavs</span> 
     </span>
    </p>
   </div>
   <div class='ocr_carea' id='block_1_2' title="bbox 136 591 1200 867">
    <p class='ocr_par' dir='ltr' id='par_1_2' title="bbox 136 591 1200 867">
     <span class='ocr_line' id='line_1_2' title="bbox 136 591 1200 672; baseline -0.004 -19"><span class='ocrx_word' id='word_1_3' title='bbox 136 591 349 672; x_wconf 87' lang='lat' dir='ltr'>principaliter,</span> <span class='ocrx_word' id='word_1_4' title='bbox 363 593 416 652; x_wconf 89' lang='lat' dir='ltr'>sed</span> <span class='ocrx_word' id='word_1_5' title='bbox 430 592 469 651; x_wconf 92' lang='lat' dir='ltr'>ad</span> <span class='ocrx_word' id='word_1_6' title='bbox 482 591 647 664; x_wconf 88' lang='lat' dir='ltr'>Christum;</span> <span class='ocrx_word' id='word_1_7' title='bbox 677 610 732 651; x_wconf 90' lang='lat' dir='ltr'>nec</span> <span class='ocrx_word' id='word_1_8' title='bbox 746 592 820 651; x_wconf 90' lang='lat' dir='ltr'>valet</span> <span class='ocrx_word' id='word_1_9' title='bbox 840 591 1037 651; x_wconf 90' lang='lat' dir='ltr'>solemnisatio</span> <span class='ocrx_word' id='word_1_10' title='bbox 1057 592 1101 650; x_wconf 92' lang='lat' dir='ltr'>vel</span> <span class='ocrx_word' id='word_1_11' title='bbox 1121 591 1200 650; x_wconf 84' lang='lat' dir='ltr'>festi-</span> 
     </span>
     <span class='ocr_line' id='line_1_3' title="bbox 137 689 1200 767; baseline -0.004 -16"><span class='ocrx_word' id='word_1_12' title='bbox 137 691 218 750; x_wconf 82' lang='lat' dir='ltr'>vitas</span> <span class='ocrx_word' id='word_1_13' title='bbox 239 691 304 750; x_wconf 88' lang='lat' dir='ltr'>talis</span> <span class='ocrx_word' id='word_1_14' title='bbox 325 691 427 761; x_wconf 90' lang='lat' dir='ltr'>sancti,</span> <span class='ocrx_word' id='word_1_15' title='bbox 449 690 504 748; x_wconf 93' lang='lat' dir='ltr'>nisi</span> <span class='ocrx_word' id='word_1_16' title='bbox 526 690 562 749; x_wconf 91' lang='lat' dir='ltr'>de</span> <span class='ocrx_word' id='word_1_17' title='bbox 583 700 695 767; x_wconf 91' lang='lat' dir='ltr'>quanto</span> <span class='ocrx_word' id='word_1_18' title='bbox 722 690 760 749; x_wconf 91' lang='lat' dir='ltr'>ad</span> <span class='ocrx_word' id='word_1_19' title='bbox 781 690 1030 766; x_wconf 84' lang='lat' dir='ltr'>magnificandum</span> <span class='ocrx_word' id='word_1_20' title='bbox 1052 689 1200 750; x_wconf 87' lang='lat' dir='ltr'><strong>Christum</strong></span> 
     </span>
     <span class='ocr_line' id='line_1_4' title="bbox 137 788 1200 867; baseline -0.002 -19"><span class='ocrx_word' id='word_1_21' title='bbox 137 799 306 867; x_wconf 82' lang='lat' dir='ltr'>praeparat,</span> <span class='ocrx_word' id='word_1_22' title='bbox 326 788 364 847; x_wconf 91' lang='lat' dir='ltr'>ad</span> <span class='ocrx_word' id='word_1_23' title='bbox 378 788 522 847; x_wconf 89' lang='lat' dir='ltr'>honorem</span> <span class='ocrx_word' id='word_1_24' title='bbox 544 805 629 846; x_wconf 91' lang='lat' dir='ltr'>suurn</span> <span class='ocrx_word' id='word_1_25' title='bbox 648 789 755 858; x_wconf 89' lang='lat' dir='ltr'>incitat,</span> <span class='ocrx_word' id='word_1_26' title='bbox 770 798 800 846; x_wconf 91' lang='lat' dir='ltr'>et</span> <span class='ocrx_word' id='word_1_27' title='bbox 813 789 852 847; x_wconf 92' lang='lat' dir='ltr'>ad</span> <span class='ocrx_word' id='word_1_28' title='bbox 873 806 1005 847; x_wconf 90' lang='lat' dir='ltr'>amorem</span> <span class='ocrx_word' id='word_1_29' title='bbox 1026 806 1111 847; x_wconf 88' lang='lat' dir='ltr'>suurn</span> <span class='ocrx_word' id='word_1_30' title='bbox 1131 805 1200 865; x_wconf 93' lang='lat' dir='ltr'>pro·</span> 
     </span>
    </p>
   </div>
   <div class='ocr_carea' id='block_1_3' title="bbox 138 885 1200 1058">
    <p class='ocr_par' dir='ltr' id='par_1_3' title="bbox 138 885 1200 1058">
     <span class='ocr_line' id='line_1_5' title="bbox 138 885 1199 963; baseline 0.001 -18"><span class='ocrx_word' id='word_1_31' title='bbox 138 897 232 947; x_wconf 85' lang='lat' dir='ltr'>vocat</span> <span class='ocrx_word' id='word_1_32' title='bbox 257 887 316 946; x_wconf 85' lang='lat' dir='ltr'>vel¹</span> <span class='ocrx_word' id='word_1_33' title='bbox 345 886 487 946; x_wconf 84' lang='lat' dir='ltr'><strong>accendit.</strong></span> <span class='ocrx_word' id='word_1_34' title='bbox 540 885 627 944; x_wconf 89' lang='lat' dir='ltr'>Unde</span> <span class='ocrx_word' id='word_1_35' title='bbox 656 887 680 944; x_wconf 93' lang='lat' dir='ltr'>si</span> <span class='ocrx_word' id='word_1_36' title='bbox 708 887 822 963; x_wconf 84' lang='lat' dir='ltr'>aliquae</span> <span class='ocrx_word' id='word_1_37' title='bbox 850 899 918 947; x_wconf 89' lang='lat' dir='ltr'>sunt</span> <span class='ocrx_word' id='word_1_38' title='bbox 946 888 1199 947; x_wconf 87' lang='lat' dir='ltr'>solemnisationes</span> 
     </span>
     <span class='ocr_line' id='line_1_6' title="bbox 139 980 1200 1058; baseline -0.002 -17"><span class='ocrx_word' id='word_1_39' title='bbox 139 992 312 1041; x_wconf 64' lang='lat' dir='ltr'>sannorum</span> <span class='ocrx_word' id='word_1_40' title='bbox 342 999 418 1058; x_wconf 88' lang='lat' dir='ltr'>quae</span> <span class='ocrx_word' id='word_1_41' title='bbox 446 980 612 1039; x_wconf 86' lang='lat' dir='ltr'>exorbitant</span> <span class='ocrx_word' id='word_1_42' title='bbox 640 981 678 1038; x_wconf 91' lang='lat' dir='ltr'>ab</span> <span class='ocrx_word' id='word_1_43' title='bbox 705 980 762 1038; x_wconf 92' lang='lat' dir='ltr'>hoc</span> <span class='ocrx_word' id='word_1_44' title='bbox 790 980 857 1051; x_wconf 87' lang='lat' dir='ltr'>line,</span> <span class='ocrx_word' id='word_1_45' title='bbox 891 998 953 1039; x_wconf 92' lang='lat' dir='ltr'>non</span> <span class='ocrx_word' id='word_1_46' title='bbox 982 982 1102 1041; x_wconf 91' lang='lat' dir='ltr'>dubium</span> <span class='ocrx_word' id='word_1_47' title='bbox 1129 983 1200 1058; x_wconf 91' lang='lat' dir='ltr'>quin</span> 
     </span>
    </p>
   </div>
   <div class='ocr_carea' id='block_1_4' title="bbox 140 1076 1201 1449">
    <p class='ocr_par' dir='ltr' id='par_1_4' title="bbox 140 1076 1201 1449">
     <span class='ocr_line' id='line_1_7' title="bbox 140 1076 1201 1154; baseline -0.003 -16"><span class='ocrx_word' id='word_1_48' title='bbox 140 1077 289 1154; x_wconf 80' lang='lat' dir='ltr'>cupiditas</span> <span class='ocrx_word' id='word_1_49' title='bbox 302 1077 347 1136; x_wconf 90' lang='lat' dir='ltr'>vel</span> <span class='ocrx_word' id='word_1_50' title='bbox 369 1087 523 1154; x_wconf 90' lang='lat' dir='ltr'>peccatum</span> <span class='ocrx_word' id='word_1_51' title='bbox 548 1076 626 1137; x_wconf 86' lang='lat' dir='ltr'>aliud</span> <span class='ocrx_word' id='word_1_52' title='bbox 649 1078 685 1136; x_wconf 88' lang='lat' dir='ltr'>sit</span> <span class='ocrx_word' id='word_1_53' title='bbox 707 1078 737 1136; x_wconf 92' lang='lat' dir='ltr'>in</span> <span class='ocrx_word' id='word_1_54' title='bbox 759 1095 855 1137; x_wconf 89' lang='lat' dir='ltr'>causa.</span> <span class='ocrx_word' id='word_1_55' title='bbox 898 1077 973 1136; x_wconf 91' lang='lat' dir='ltr'>Ideo</span> <span class='ocrx_word' id='word_1_56' title='bbox 995 1078 1077 1136; x_wconf 90' lang='lat' dir='ltr'>multi</span> <span class='ocrx_word' id='word_1_57' title='bbox 1098 1087 1201 1154; x_wconf 89' lang='lat' dir='ltr'>putant</span> 
     </span>
     <span class='ocr_line' id='line_1_8' title="bbox 141 1174 1200 1253; baseline 0 -19"><span class='ocrx_word' id='word_1_58' title='bbox 141 1174 285 1253; x_wconf 82' lang='lat' dir='ltr'>prodesse</span> <span class='ocrx_word' id='word_1_59' title='bbox 299 1175 447 1245; x_wconf 86' lang='lat' dir='ltr'>ecclesiae,</span> <span class='ocrx_word' id='word_1_60' title='bbox 461 1174 542 1251; x_wconf 89' lang='lat' dir='ltr'>quod</span> <span class='ocrx_word' id='word_1_61' title='bbox 561 1175 743 1234; x_wconf 79' lang='lat' dir='ltr'>cessantibus</span> <span class='ocrx_word' id='word_1_62' title='bbox 762 1176 823 1234; x_wconf 91' lang='lat' dir='ltr'>istis</span> <span class='ocrx_word' id='word_1_63' title='bbox 842 1176 981 1234; x_wconf 91' lang='lat' dir='ltr'>omnibus</span> <span class='ocrx_word' id='word_1_64' title='bbox 1000 1176 1200 1235; x_wconf 74' lang='lat' dir='ltr'>festivitatibus</span> 
     </span>
     <span class='ocr_line' id='line_1_9' title="bbox 141 1271 1199 1350; baseline 0 -18"><span class='ocrx_word' id='word_1_65' title='bbox 141 1283 313 1332; x_wconf 90' lang='lat' dir='ltr'>sanctorum</span> <span class='ocrx_word' id='word_1_66' title='bbox 328 1273 424 1332; x_wconf 91' lang='lat' dir='ltr'>solum</span> <span class='ocrx_word' id='word_1_67' title='bbox 439 1271 545 1332; x_wconf 87' lang='lat' dir='ltr'>Christi</span> <span class='ocrx_word' id='word_1_68' title='bbox 560 1272 696 1332; x_wconf 83' lang='lat' dir='ltr'>festivitas</span> <span class='ocrx_word' id='word_1_69' title='bbox 715 1274 890 1346; x_wconf 86' lang='lat' dir='ltr'>observetur,</span> <span class='ocrx_word' id='word_1_70' title='bbox 906 1275 982 1350; x_wconf 91' lang='lat' dir='ltr'>quia,</span> <span class='ocrx_word' id='word_1_71' title='bbox 1004 1285 1037 1332; x_wconf 95' lang='lat' dir='ltr'>ut</span> <span class='ocrx_word' id='word_1_72' title='bbox 1057 1274 1199 1350; x_wconf 90' lang='lat' dir='ltr'>inquiunt,</span> 
     </span>
     <span class='ocr_line' id='line_1_10' title="bbox 141 1370 1199 1449; baseline -0.002 -18"><span class='ocrx_word' id='word_1_73' title='bbox 141 1382 215 1431; x_wconf 86' lang='lat' dir='ltr'>tnnc</span> <span class='ocrx_word' id='word_1_74' title='bbox 229 1370 335 1430; x_wconf 83' lang='lat' dir='ltr'>Christi</span> <span class='ocrx_word' id='word_1_75' title='bbox 348 1372 491 1430; x_wconf 89' lang='lat' dir='ltr'>memoria</span> <span class='ocrx_word' id='word_1_76' title='bbox 504 1372 649 1430; x_wconf 90' lang='lat' dir='ltr'>recentius</span> <span class='ocrx_word' id='word_1_77' title='bbox 669 1371 829 1443; x_wconf 91' lang='lat' dir='ltr'>haberetur,</span> <span class='ocrx_word' id='word_1_78' title='bbox 844 1383 873 1430; x_wconf 89' lang='lat' dir='ltr'>et</span> <span class='ocrx_word' id='word_1_79' title='bbox 891 1371 985 1449; x_wconf 91' lang='lat' dir='ltr'>plebis</span> <span class='ocrx_word' id='word_1_80' title='bbox 1005 1372 1122 1432; x_wconf 88' lang='lat' dir='ltr'>devotio</span> <span class='ocrx_word' id='word_1_81' title='bbox 1137 1389 1199 1430; x_wconf 89' lang='lat' dir='ltr'>non</span> 
     </span>
    </p>
   </div>
   <div class='ocr_carea' id='block_1_5' title="bbox 1281 447 1344 514">
    <p class='ocr_par' dir='ltr' id='par_1_5' title="bbox 1281 447 1344 514">
     <span class='ocr_line' id='line_1_11' title="bbox 1281 447 1344 514; baseline -0.016 0"><span class='ocrx_word' id='word_1_82' title='bbox 1281 447 1344 514; x_wconf 76' lang='lat'>235</span> 
     </span>
    </p>
   </div>
   <div class='ocr_carea' id='block_1_6' title="bbox 142 1467 1377 1644">
    <p class='ocr_par' dir='ltr' id='par_1_6' title="bbox 142 1467 1377 1644">
     <span class='ocr_line' id='line_1_12' title="bbox 142 1467 1377 1555; baseline -0.004 -26"><span class='ocrx_word' id='word_1_83' title='bbox 142 1470 242 1529; x_wconf 90' lang='lat' dir='ltr'>sicin</span> <span class='ocrx_word' id='word_1_84' title='bbox 267 1470 400 1529; x_wconf 90' lang='lat' dir='ltr'>membra</span> <span class='ocrx_word' id='word_1_85' title='bbox 424 1467 531 1528; x_wconf 88' lang='lat' dir='ltr'>Christi</span> <span class='ocrx_word' id='word_1_86' title='bbox 556 1468 683 1528; x_wconf 87' lang='lat' dir='ltr'>indebite</span> <span class='ocrx_word' id='word_1_87' title='bbox 708 1481 898 1546; x_wconf 84' lang='lat' dir='ltr'>spargeretur.</span> <span class='ocrx_word' id='word_1_88' title='bbox 953 1468 1011 1528; x_wconf 91' lang='lat' dir='ltr'>Sed</span> <span class='ocrx_word' id='word_1_89' title='bbox 1034 1469 1198 1547; x_wconf 92' lang='lat' dir='ltr'>quomodo·</span> <span class='ocrx_word' id='word_1_90' title='bbox 1234 1529 1253 1552; x_wconf 57' lang='lat' dir='ltr'><strong>m</strong></span> <span class='ocrx_word' id='word_1_91' title='bbox 1304 1489 1377 1555; x_wconf 59' lang='lat'>„2¹⁰3”</span> 
     </span>
     <span class='ocr_line' id='line_1_13' title="bbox 143 1566 1313 1644; baseline -0.003 -17"><span class='ocrx_word' id='word_1_92' title='bbox 143 1583 262 1644; x_wconf 88' lang='lat' dir='ltr'>cunque</span> <span class='ocrx_word' id='word_1_93' title='bbox 284 1567 321 1625; x_wconf 90' lang='lat' dir='ltr'>sit</span> <span class='ocrx_word' id='word_1_94' title='bbox 335 1568 371 1626; x_wconf 91' lang='lat' dir='ltr'>de</span> <span class='ocrx_word' id='word_1_95' title='bbox 392 1566 459 1637; x_wconf 91' lang='lat' dir='ltr'>hoc,</span> <span class='ocrx_word' id='word_1_96' title='bbox 475 1577 586 1625; x_wconf 90' lang='lat' dir='ltr'>certum</span> <span class='ocrx_word' id='word_1_97' title='bbox 606 1577 650 1625; x_wconf 92' lang='lat' dir='ltr'>est</span> <span class='ocrx_word' id='word_1_98' title='bbox 671 1567 752 1644; x_wconf 91' lang='lat' dir='ltr'>quod</span> <span class='ocrx_word' id='word_1_99' title='bbox 772 1586 834 1627; x_wconf 92' lang='lat' dir='ltr'>non</span> <span class='ocrx_word' id='word_1_100' title='bbox 856 1569 981 1644; x_wconf 84' lang='lat' dir='ltr'>prodest</span> <span class='ocrx_word' id='word_1_101' title='bbox 995 1567 1117 1643; x_wconf 88' lang='lat' dir='ltr'>alicujus</span> <span class='ocrx_word' id='word_1_102' title='bbox 1135 1566 1200 1625; x_wconf 87' lang='lat' dir='ltr'>talis</span> <span class='ocrx_word' id='word_1_103' title='bbox 1286 1570 1313 1595; x_wconf 68' lang='lat'>¹³⁸</span> 
     </span>
    </p>
   </div>
   <div class='ocr_carea' id='block_1_7' title="bbox 144 1664 1201 1938">
    <p class='ocr_par' dir='ltr' id='par_1_7' title="bbox 144 1664 1201 1938">
     <span class='ocr_line' id='line_1_14' title="bbox 144 1664 1200 1742; baseline -0.002 -18"><span class='ocrx_word' id='word_1_104' title='bbox 144 1666 241 1724; x_wconf 89' lang='lat' dir='ltr'>sancti</span> <span class='ocrx_word' id='word_1_105' title='bbox 256 1665 424 1723; x_wconf 87' lang='lat' dir='ltr'>solemnitas</span> <span class='ocrx_word' id='word_1_106' title='bbox 438 1664 483 1722; x_wconf 87' lang='lat' dir='ltr'>vel</span> <span class='ocrx_word' id='word_1_107' title='bbox 500 1665 625 1735; x_wconf 87' lang='lat' dir='ltr'>devotio,</span> <span class='ocrx_word' id='word_1_108' title='bbox 641 1666 696 1724; x_wconf 90' lang='lat' dir='ltr'>nisi</span> <span class='ocrx_word' id='word_1_109' title='bbox 711 1665 747 1724; x_wconf 92' lang='lat' dir='ltr'>de</span> <span class='ocrx_word' id='word_1_110' title='bbox 767 1675 878 1742; x_wconf 89' lang='lat' dir='ltr'>quanto</span> <span class='ocrx_word' id='word_1_111' title='bbox 899 1666 1032 1725; x_wconf 87' lang='lat' dir='ltr'>accendit</span> <span class='ocrx_word' id='word_1_112' title='bbox 1051 1665 1088 1723; x_wconf 93' lang='lat' dir='ltr'>ad</span> <span class='ocrx_word' id='word_1_113' title='bbox 1103 1664 1200 1723; x_wconf 89' lang='lat' dir='ltr'>Chris·</span> 
     </span>
     <span class='ocr_line' id='line_1_15' title="bbox 144 1763 1200 1841; baseline -0.004 -18"><span class='ocrx_word' id='word_1_114' title='bbox 144 1774 211 1823; x_wconf 87' lang='lat' dir='ltr'>tum</span> <span class='ocrx_word' id='word_1_115' title='bbox 230 1763 398 1832; x_wconf 89' lang='lat' dir='ltr'>amandum,</span> <span class='ocrx_word' id='word_1_116' title='bbox 418 1773 448 1822; x_wconf 88' lang='lat' dir='ltr'>et</span> <span class='ocrx_word' id='word_1_117' title='bbox 466 1773 626 1841; x_wconf 91' lang='lat' dir='ltr'>praeparat,</span> <span class='ocrx_word' id='word_1_118' title='bbox 642 1774 673 1821; x_wconf 96' lang='lat' dir='ltr'>ut</span> <span class='ocrx_word' id='word_1_119' title='bbox 686 1764 749 1840; x_wconf 90' lang='lat' dir='ltr'>ipse</span> <span class='ocrx_word' id='word_1_120' title='bbox 764 1765 857 1841; x_wconf 81' lang='lat' dir='ltr'>magis</span> <span class='ocrx_word' id='word_1_121' title='bbox 877 1763 956 1822; x_wconf 79' lang='lat' dir='ltr'>oret²</span> <span class='ocrx_word' id='word_1_122' title='bbox 974 1763 1011 1822; x_wconf 93' lang='lat' dir='ltr'>ad</span> <span class='ocrx_word' id='word_1_123' title='bbox 1031 1763 1200 1838; x_wconf 82' lang='lat' dir='ltr'>suffragium</span> 
     </span>
     <span class='ocr_line' id='line_1_16' title="bbox 145 1859 1201 1938; baseline -0.005 -16"><span class='ocrx_word' id='word_1_124' title='bbox 145 1861 362 1938; x_wconf 88' lang='lat' dir='ltr'>impetrandum</span> <span class='ocrx_word' id='word_1_125' title='bbox 370 1878 378 1932; x_wconf 92' lang='lat'>;</span> <span class='ocrx_word' id='word_1_126' title='bbox 400 1861 468 1938; x_wconf 87' lang='lat' dir='ltr'>quia</span> <span class='ocrx_word' id='word_1_127' title='bbox 482 1872 593 1920; x_wconf 91' lang='lat' dir='ltr'>certum</span> <span class='ocrx_word' id='word_1_128' title='bbox 604 1872 649 1920; x_wconf 91' lang='lat' dir='ltr'>est</span> <span class='ocrx_word' id='word_1_129' title='bbox 659 1879 696 1919; x_wconf 87' lang='lat' dir='ltr'>ex</span> <span class='ocrx_word' id='word_1_130' title='bbox 707 1860 773 1932; x_wconf 86' lang='lat' dir='ltr'>fide,</span> <span class='ocrx_word' id='word_1_131' title='bbox 786 1859 867 1937; x_wconf 88' lang='lat' dir='ltr'>quod</span> <span class='ocrx_word' id='word_1_132' title='bbox 881 1871 996 1938; x_wconf 91' lang='lat' dir='ltr'>oportet</span> <span class='ocrx_word' id='word_1_133' title='bbox 1010 1860 1201 1918; x_wconf 88' lang='lat' dir='ltr'>mediatorem</span> 
     </span>
    </p>
   </div>
   <div class='ocr_carea' id='block_1_8' title="bbox 144 1963 1204 3710">
    <p class='ocr_par' dir='ltr' id='par_1_8' title="bbox 144 1963 1204 3514">
     <span class='ocr_line' id='line_1_17' title="bbox 144 1963 1200 2042; baseline -0.005 -16"><span class='ocrx_word' id='word_1_134' title='bbox 144 1964 206 2026; x_wconf 87' lang='lat' dir='ltr'>Dei</span> <span class='ocrx_word' id='word_1_135' title='bbox 218 1975 248 2024; x_wconf 93' lang='lat' dir='ltr'>et</span> <span class='ocrx_word' id='word_1_136' title='bbox 266 1965 419 2024; x_wconf 91' lang='lat' dir='ltr'>bominum</span> <span class='ocrx_word' id='word_1_137' title='bbox 434 1963 581 2025; x_wconf 90' lang='lat' dir='ltr'>Christum</span> <span class='ocrx_word' id='word_1_138' title='bbox 599 1965 710 2042; x_wconf 88' lang='lat' dir='ltr'>Jesum,</span> <span class='ocrx_word' id='word_1_139' title='bbox 726 1967 750 2025; x_wconf 93' lang='lat' dir='ltr'>si</span> <span class='ocrx_word' id='word_1_140' title='bbox 764 1966 871 2042; x_wconf 86' lang='lat' dir='ltr'>aliquid</span> <span class='ocrx_word' id='word_1_141' title='bbox 886 1985 904 2025; x_wconf 91' lang='lat' dir='ltr'>a</span> <span class='ocrx_word' id='word_1_142' title='bbox 918 1965 1061 2024; x_wconf 86' lang='lat' dir='ltr'>Trinitate</span> <span class='ocrx_word' id='word_1_143' title='bbox 1076 1963 1200 2023; x_wconf 91' lang='lat' dir='ltr'>concedi</span> 
     </span>
     <span class='ocr_line' id='line_1_18' title="bbox 146 2061 1201 2142; baseline -0.007 -16"><span class='ocrx_word' id='word_1_144' title='bbox 146 2065 262 2134; x_wconf 81' lang='lat' dir='ltr'>debeat,</span> <span class='ocrx_word' id='word_1_145' title='bbox 290 2063 359 2140; x_wconf 81' lang='lat' dir='ltr'>per⁸</span> <span class='ocrx_word' id='word_1_146' title='bbox 385 2065 545 2123; x_wconf 91' lang='lat' dir='ltr'>orationem</span> <span class='ocrx_word' id='word_1_147' title='bbox 574 2066 772 2142; x_wconf 87' lang='lat' dir='ltr'>cujuscunque</span> <span class='ocrx_word' id='word_1_148' title='bbox 801 2066 893 2123; x_wconf 90' lang='lat' dir='ltr'>sancti</span> <span class='ocrx_word' id='word_1_149' title='bbox 921 2064 1036 2122; x_wconf 91' lang='lat' dir='ltr'>alterius</span> <span class='ocrx_word' id='word_1_150' title='bbox 1064 2061 1201 2121; x_wconf 89' lang='lat' dir='ltr'>mediare.</span> 
     </span>
     <span class='ocr_line' id='line_1_19' title="bbox 145 2161 1204 2240; baseline -0.004 -18"><span class='ocrx_word' id='word_1_151' title='bbox 145 2161 236 2222; x_wconf 89' lang='lat' dir='ltr'>Unde</span> <span class='ocrx_word' id='word_1_152' title='bbox 261 2162 358 2222; x_wconf 90' lang='lat' dir='ltr'>multis</span> <span class='ocrx_word' id='word_1_153' title='bbox 381 2163 500 2232; x_wconf 89' lang='lat' dir='ltr'>videtur,</span> <span class='ocrx_word' id='word_1_154' title='bbox 526 2162 606 2239; x_wconf 91' lang='lat' dir='ltr'>quod</span> <span class='ocrx_word' id='word_1_155' title='bbox 628 2163 748 2240; x_wconf 91' lang='lat' dir='ltr'>quando</span> <span class='ocrx_word' id='word_1_156' title='bbox 773 2163 954 2239; x_wconf 81' lang='lat' dir='ltr'>singulariter</span> <span class='ocrx_word' id='word_1_157' title='bbox 978 2163 1070 2220; x_wconf 90' lang='lat' dir='ltr'>oratio</span> <span class='ocrx_word' id='word_1_158' title='bbox 1095 2161 1204 2220; x_wconf 89' lang='lat' dir='ltr'>directa</span> 
     </span>
     <span class='ocr_line' id='line_1_20' title="bbox 148 2258 1202 2339; baseline -0.007 -17"><span class='ocrx_word' id='word_1_159' title='bbox 148 2260 218 2322; x_wconf 84' lang='lat' dir='ltr'>fuit⁴</span> <span class='ocrx_word' id='word_1_160' title='bbox 235 2261 273 2320; x_wconf 90' lang='lat' dir='ltr'>ad</span> <span class='ocrx_word' id='word_1_161' title='bbox 294 2260 372 2318; x_wconf 90' lang='lat' dir='ltr'>illam</span> <span class='ocrx_word' id='word_1_162' title='bbox 391 2278 551 2336; x_wconf 73' lang='lat' dir='ltr'>,personam</span> <span class='ocrx_word' id='word_1_163' title='bbox 572 2261 699 2320; x_wconf 89' lang='lat' dir='ltr'>mediam</span> <span class='ocrx_word' id='word_1_164' title='bbox 720 2279 774 2339; x_wconf 92' lang='lat' dir='ltr'>pro</span> <span class='ocrx_word' id='word_1_165' title='bbox 797 2261 941 2337; x_wconf 87' lang='lat' dir='ltr'>adjutorio</span> <span class='ocrx_word' id='word_1_166' title='bbox 963 2258 1110 2336; x_wconf 88' lang='lat' dir='ltr'>spirituali,</span> <span class='ocrx_word' id='word_1_167' title='bbox 1133 2267 1202 2315; x_wconf 92' lang='lat' dir='ltr'>tunc</span> 
     </span>
     <span class='ocr_line' id='line_1_21' title="bbox 146 2357 1202 2437; baseline -0.005 -18"><span class='ocrx_word' id='word_1_168' title='bbox 146 2360 214 2437; x_wconf 92' lang='lat' dir='ltr'>plus</span> <span class='ocrx_word' id='word_1_169' title='bbox 231 2357 339 2436; x_wconf 84' lang='lat' dir='ltr'>profuit</span> <span class='ocrx_word' id='word_1_170' title='bbox 356 2370 386 2417; x_wconf 91' lang='lat' dir='ltr'>et</span> <span class='ocrx_word' id='word_1_171' title='bbox 404 2359 491 2418; x_wconf 90' lang='lat' dir='ltr'>crevit</span> <span class='ocrx_word' id='word_1_172' title='bbox 510 2358 632 2418; x_wconf 89' lang='lat' dir='ltr'>ecclesia</span> <span class='ocrx_word' id='word_1_173' title='bbox 647 2377 736 2435; x_wconf 90' lang='lat' dir='ltr'>quarn</span> <span class='ocrx_word' id='word_1_174' title='bbox 752 2359 822 2418; x_wconf 90' lang='lat' dir='ltr'>facit</span> <span class='ocrx_word' id='word_1_175' title='bbox 834 2359 935 2429; x_wconf 85' lang='lat' dir='ltr'>modu,</span> <span class='ocrx_word' id='word_1_176' title='bbox 950 2357 1046 2416; x_wconf 88' lang='lat' dir='ltr'>multis</span> <span class='ocrx_word' id='word_1_177' title='bbox 1065 2358 1202 2415; x_wconf 89' lang='lat' dir='ltr'>interces-</span> 
     </span>
     <span class='ocr_line' id='line_1_22' title="bbox 147 2453 1203 2531; baseline -0.006 -13"><span class='ocrx_word' id='word_1_178' title='bbox 147 2457 280 2518; x_wconf 90' lang='lat' dir='ltr'>sionibus</span> <span class='ocrx_word' id='word_1_179' title='bbox 304 2455 473 2515; x_wconf 89' lang='lat' dir='ltr'>adinventis.</span> <span class='ocrx_word' id='word_1_180' title='bbox 515 2456 554 2514; x_wconf 89' lang='lat' dir='ltr'>Et</span> <span class='ocrx_word' id='word_1_181' title='bbox 579 2456 618 2514; x_wconf 67' lang='lat' dir='ltr'>si⁸</span> <span class='ocrx_word' id='word_1_182' title='bbox 642 2456 771 2516; x_wconf 87' lang='lat' dir='ltr'>Pseustis</span> <span class='ocrx_word' id='word_1_183' title='bbox 796 2457 890 2526; x_wconf 90' lang='lat' dir='ltr'>instat,</span> <span class='ocrx_word' id='word_1_184' title='bbox 915 2455 997 2531; x_wconf 91' lang='lat' dir='ltr'>quod</span> <span class='ocrx_word' id='word_1_185' title='bbox 1018 2454 1111 2513; x_wconf 91' lang='lat' dir='ltr'>sancti</span> <span class='ocrx_word' id='word_1_186' title='bbox 1132 2453 1203 2528; x_wconf 84' lang='lat' dir='ltr'>legis</span> 
     </span>
     <span class='ocr_line' id='line_1_23' title="bbox 147 2550 1204 2630; baseline -0.002 -20"><span class='ocrx_word' id='word_1_187' title='bbox 147 2554 253 2614; x_wconf 87' lang='lat' dir='ltr'>veteris</span> <span class='ocrx_word' id='word_1_188' title='bbox 277 2571 339 2612; x_wconf 91' lang='lat' dir='ltr'>non</span> <span class='ocrx_word' id='word_1_189' title='bbox 363 2565 522 2630; x_wconf 89' lang='lat' dir='ltr'>sequuntur</span> <span class='ocrx_word' id='word_1_190' title='bbox 547 2552 704 2625; x_wconf 85' lang='lat' dir='ltr'>Christum,</span> <span class='ocrx_word' id='word_1_191' title='bbox 729 2555 797 2630; x_wconf 90' lang='lat' dir='ltr'>quia</span> <span class='ocrx_word' id='word_1_192' title='bbox 822 2554 956 2612; x_wconf 89' lang='lat' dir='ltr'>noudum</span> <span class='ocrx_word' id='word_1_193' title='bbox 983 2563 1028 2611; x_wconf 91' lang='lat' dir='ltr'>est</span> <span class='ocrx_word' id='word_1_194' title='bbox 1055 2568 1109 2628; x_wconf 92' lang='lat' dir='ltr'>pro</span> <span class='ocrx_word' id='word_1_195' title='bbox 1137 2550 1204 2627; x_wconf 83' lang='lat' dir='ltr'>lege</span> 
     </span>
     <span class='ocr_line' id='line_1_24' title="bbox 148 2650 1202 2728; baseline -0.002 -19"><span class='ocrx_word' id='word_1_196' title='bbox 148 2652 247 2722; x_wconf 89' lang='lat' dir='ltr'>veteri,</span> <span class='ocrx_word' id='word_1_197' title='bbox 262 2670 330 2711; x_wconf 91' lang='lat' dir='ltr'>cum</span> <span class='ocrx_word' id='word_1_198' title='bbox 350 2650 512 2710; x_wconf 81' lang='lat' dir='ltr'>&#39;Christus’</span> <span class='ocrx_word' id='word_1_199' title='bbox 533 2650 610 2710; x_wconf 93' lang='lat' dir='ltr'>dicat</span> <span class='ocrx_word' id='word_1_200' title='bbox 630 2653 771 2710; x_wconf 92' lang='lat' dir='ltr'>unionem</span> <span class='ocrx_word' id='word_1_201' title='bbox 792 2652 1005 2728; x_wconf 81' lang='lat' dir='ltr'>hypostaticam</span> <span class='ocrx_word' id='word_1_202' title='bbox 1026 2659 1202 2719; x_wconf 90' lang='lat' dir='ltr'>naturarum,</span> 
     </span>
     <span class='ocr_line' id='line_1_25' title="bbox 148 2747 1203 2827; baseline -0.006 -17"><span class='ocrx_word' id='word_1_203' title='bbox 148 2750 254 2810; x_wconf 91' lang='lat' dir='ltr'>dicitur</span> <span class='ocrx_word' id='word_1_204' title='bbox 268 2751 323 2809; x_wconf 89' lang='lat' dir='ltr'>sibi</span> <span class='ocrx_word' id='word_1_205' title='bbox 337 2750 418 2826; x_wconf 90' lang='lat' dir='ltr'>quod</span> <span class='ocrx_word' id='word_1_206' title='bbox 432 2766 489 2808; x_wconf 90' lang='lat' dir='ltr'>nos</span> <span class='ocrx_word' id='word_1_207' title='bbox 503 2748 664 2808; x_wconf 91' lang='lat' dir='ltr'>audivimus</span> <span class='ocrx_word' id='word_1_208' title='bbox 679 2768 714 2808; x_wconf 84' lang='lat' dir='ltr'>ex</span> <span class='ocrx_word' id='word_1_209' title='bbox 728 2750 802 2826; x_wconf 85' lang='lat' dir='ltr'>lege,</span> <span class='ocrx_word' id='word_1_210' title='bbox 817 2750 899 2827; x_wconf 89' lang='lat' dir='ltr'>qnod</span> <span class='ocrx_word' id='word_1_211' title='bbox 914 2748 1046 2809; x_wconf 91' lang='lat' dir='ltr'>Christus</span> <span class='ocrx_word' id='word_1_212' title='bbox 1060 2757 1159 2806; x_wconf 85' lang='lat' dir='ltr'>manet</span> <span class='ocrx_word' id='word_1_213' title='bbox 1172 2747 1203 2804; x_wconf 92' lang='lat' dir='ltr'>in</span> 
     </span>
     <span class='ocr_line' id='line_1_26' title="bbox 147 2845 1203 2925; baseline -0.007 -16"><span class='ocrx_word' id='word_1_214' title='bbox 147 2861 307 2919; x_wconf 84' lang='lat' dir='ltr'>aeternnm,</span> <span class='ocrx_word' id='word_1_215' title='bbox 324 2849 365 2906; x_wconf 92' lang='lat' dir='ltr'>sic</span> <span class='ocrx_word' id='word_1_216' title='bbox 387 2847 467 2924; x_wconf 90' lang='lat' dir='ltr'>quod</span> <span class='ocrx_word' id='word_1_217' title='bbox 488 2847 525 2907; x_wconf 91' lang='lat' dir='ltr'>de</span> <span class='ocrx_word' id='word_1_218' title='bbox 547 2847 664 2907; x_wconf 89' lang='lat' dir='ltr'>Christo</span> <span class='ocrx_word' id='word_1_219' title='bbox 686 2849 866 2925; x_wconf 84' lang='lat' dir='ltr'>singulariter</span> <span class='ocrx_word' id='word_1_220' title='bbox 886 2849 1069 2907; x_wconf 89' lang='lat' dir='ltr'>verificantur</span> <span class='ocrx_word' id='word_1_221' title='bbox 1089 2845 1203 2922; x_wconf 94' lang='lat' dir='ltr'>sophis-</span> 
     </span>
     <span class='ocr_line' id='line_1_27' title="bbox 147 2943 1204 3023; baseline -0.007 -16"><span class='ocrx_word' id='word_1_222' title='bbox 147 2946 242 3007; x_wconf 81' lang='lat' dir='ltr'>mata‘</span> <span class='ocrx_word' id='word_1_223' title='bbox 256 2964 331 3023; x_wconf 90' lang='lat' dir='ltr'>quae</span> <span class='ocrx_word' id='word_1_224' title='bbox 346 2946 383 3005; x_wconf 92' lang='lat' dir='ltr'>de</span> <span class='ocrx_word' id='word_1_225' title='bbox 398 2946 461 3004; x_wconf 90' lang='lat' dir='ltr'>aliis</span> <span class='ocrx_word' id='word_1_226' title='bbox 475 2945 642 3005; x_wconf 90' lang='lat' dir='ltr'>hominibus</span> <span class='ocrx_word' id='word_1_227' title='bbox 656 2947 794 3005; x_wconf 89' lang='lat' dir='ltr'>verificari</span> <span class='ocrx_word' id='word_1_228' title='bbox 812 2965 874 3005; x_wconf 92' lang='lat' dir='ltr'>non</span> <span class='ocrx_word' id='word_1_229' title='bbox 894 2945 1075 3022; x_wconf 79' lang='lat' dir='ltr'>potuerunt⁷,</span> <span class='ocrx_word' id='word_1_230' title='bbox 1089 2955 1121 3003; x_wconf 93' lang='lat' dir='ltr'>ut</span> <span class='ocrx_word' id='word_1_231' title='bbox 1135 2943 1204 3019; x_wconf 92' lang='lat' dir='ltr'>quia</span> 
     </span>
     <span class='ocr_line' id='line_1_28' title="bbox 148 3041 1204 3123; baseline -0.007 -18"><span class='ocrx_word' id='word_1_232' title='bbox 148 3044 341 3123; x_wconf 72' lang='lat' dir='ltr'>personal&#39;uas</span> <span class='ocrx_word' id='word_1_233' title='bbox 362 3043 469 3103; x_wconf 91' lang='lat' dir='ltr'>Christi</span> <span class='ocrx_word' id='word_1_234' title='bbox 491 3054 535 3101; x_wconf 91' lang='lat' dir='ltr'>est</span> <span class='ocrx_word' id='word_1_235' title='bbox 556 3053 681 3114; x_wconf 90' lang='lat' dir='ltr'>aeterna,</span> <span class='ocrx_word' id='word_1_236' title='bbox 696 3056 725 3102; x_wconf 91' lang='lat' dir='ltr'>et</span> <span class='ocrx_word' id='word_1_237' title='bbox 746 3063 815 3104; x_wconf 90' lang='lat' dir='ltr'>suae</span> <span class='ocrx_word' id='word_1_238' title='bbox 836 3045 1022 3103; x_wconf 90' lang='lat' dir='ltr'>humanitatis</span> <span class='ocrx_word' id='word_1_239' title='bbox 1043 3041 1204 3117; x_wconf 88' lang='lat' dir='ltr'>assumptio</span> 
     </span>
     <span class='ocr_line' id='line_1_29' title="bbox 148 3137 1204 3219; baseline -0.006 -17"><span class='ocrx_word' id='word_1_240' title='bbox 148 3141 329 3202; x_wconf 84' lang='lat' dir='ltr'>aeternaliter</span> <span class='ocrx_word' id='word_1_241' title='bbox 357 3153 536 3218; x_wconf 90' lang='lat' dir='ltr'>praeparata,</span> <span class='ocrx_word' id='word_1_242' title='bbox 565 3152 662 3217; x_wconf 90' lang='lat' dir='ltr'>potest</span> <span class='ocrx_word' id='word_1_243' title='bbox 689 3141 746 3200; x_wconf 91' lang='lat' dir='ltr'>dici</span> <span class='ocrx_word' id='word_1_244' title='bbox 779 3142 860 3219; x_wconf 94' lang='lat' dir='ltr'>quod</span> <span class='ocrx_word' id='word_1_245' title='bbox 888 3160 942 3219; x_wconf 92' lang='lat' dir='ltr'>pro</span> <span class='ocrx_word' id='word_1_246' title='bbox 970 3152 1101 3215; x_wconf 91' lang='lat' dir='ltr'>tempore</span> <span class='ocrx_word' id='word_1_247' title='bbox 1130 3137 1204 3213; x_wconf 79' lang='lat' dir='ltr'>legis</span> 
     </span>
     <span class='ocr_line' id='line_1_30' title="bbox 148 3237 1204 3317; baseline -0.005 -19"><span class='ocrx_word' id='word_1_248' title='bbox 148 3241 252 3301; x_wconf 88' lang='lat' dir='ltr'>veteris</span> <span class='ocrx_word' id='word_1_249' title='bbox 266 3249 365 3298; x_wconf 87' lang='lat' dir='ltr'>manet</span> <span class='ocrx_word' id='word_1_250' title='bbox 386 3237 526 3309; x_wconf 89' lang='lat' dir='ltr'>Christus,</span> <span class='ocrx_word' id='word_1_251' title='bbox 541 3240 610 3315; x_wconf 92' lang='lat' dir='ltr'>quia</span> <span class='ocrx_word' id='word_1_252' title='bbox 623 3238 736 3298; x_wconf 78' lang='lat' dir='ltr'>manet⁸</span> <span class='ocrx_word' id='word_1_253' title='bbox 750 3241 805 3300; x_wconf 88' lang='lat' dir='ltr'>ista</span> <span class='ocrx_word' id='word_1_254' title='bbox 819 3256 953 3317; x_wconf 88' lang='lat' dir='ltr'>persona,</span> <span class='ocrx_word' id='word_1_255' title='bbox 968 3249 997 3297; x_wconf 91' lang='lat' dir='ltr'>et</span> <span class='ocrx_word' id='word_1_256' title='bbox 1011 3239 1065 3297; x_wconf 89' lang='lat' dir='ltr'>ista</span> <span class='ocrx_word' id='word_1_257' title='bbox 1079 3252 1204 3311; x_wconf 87' lang='lat' dir='ltr'>persona</span> 
     </span>
     <span class='ocr_line' id='line_1_31' title="bbox 149 3331 1203 3414; baseline -0.009 -16"><span class='ocrx_word' id='word_1_258' title='bbox 149 3348 282 3414; x_wconf 90' lang='lat' dir='ltr'>tempore</span> <span class='ocrx_word' id='word_1_259' title='bbox 303 3337 373 3396; x_wconf 78' lang='lat' dir='ltr'>suo’</span> <span class='ocrx_word' id='word_1_260' title='bbox 394 3348 438 3396; x_wconf 89' lang='lat' dir='ltr'>est</span> <span class='ocrx_word' id='word_1_261' title='bbox 460 3335 601 3396; x_wconf 89' lang='lat' dir='ltr'>Christus.</span> <span class='ocrx_word' id='word_1_262' title='bbox 643 3337 681 3395; x_wconf 91' lang='lat' dir='ltr'>Et</span> <span class='ocrx_word' id='word_1_263' title='bbox 701 3338 770 3397; x_wconf 94' lang='lat' dir='ltr'>hinc</span> <span class='ocrx_word' id='word_1_264' title='bbox 791 3337 941 3414; x_wconf 90' lang='lat' dir='ltr'>apostolus</span> <span class='ocrx_word' id='word_1_265' title='bbox 961 3333 1142 3393; x_wconf 86' lang='lat' dir='ltr'>confidenter</span> <span class='ocrx_word' id='word_1_266' title='bbox 1160 3331 1203 3388; x_wconf 95' lang='lat' dir='ltr'>lo-</span> 
     </span>
     <span class='ocr_line' id='line_1_32' title="bbox 148 3430 977 3514; baseline -0.006 -18"><span class='ocrx_word' id='word_1_267' title='bbox 148 3437 245 3514; x_wconf 91' lang='lat' dir='ltr'>quitur</span> <span class='ocrx_word' id='word_1_268' title='bbox 263 3454 275 3494; x_wconf 91' lang='lat'>1</span> <span class='ocrx_word' id='word_1_269' title='bbox 294 3434 425 3495; x_wconf 88' lang='lat' dir='ltr'>Corinth.</span> <span class='ocrx_word' id='word_1_270' title='bbox 441 3453 486 3494; x_wconf 89' lang='lat' dir='ltr'>x.:</span> <span class='ocrx_word' id='word_1_271' title='bbox 509 3434 620 3505; x_wconf 70' lang='lat' dir='ltr'>‘Petra</span> <span class='ocrx_word' id='word_1_272' title='bbox 636 3435 736 3512; x_wconf 90' lang='lat' dir='ltr'>inquit,</span> <span class='ocrx_word' id='word_1_273' title='bbox 751 3444 813 3494; x_wconf 83' lang='lat' dir='ltr'>erat</span> <span class='ocrx_word' id='word_1_274' title='bbox 826 3430 977 3493; x_wconf 64' lang='lat' dir='ltr'>christus?</span> 
     </span>
    </p>

    <p class='ocr_par' dir='ltr' id='par_1_9' title="bbox 148 3528 1203 3710">
     <span class='ocr_line' id='line_1_33' title="bbox 193 3528 1203 3608; baseline -0.009 -15"><span class='ocrx_word' id='word_1_275' title='bbox 193 3534 243 3593; x_wconf 84' lang='lat' dir='ltr'>Ad</span> <span class='ocrx_word' id='word_1_276' title='bbox 263 3533 511 3593; x_wconf 83' lang='lat' dir='ltr'>conclusionem¹⁰</span> <span class='ocrx_word' id='word_1_277' title='bbox 525 3532 684 3591; x_wconf 90' lang='lat' dir='ltr'>secundam</span> <span class='ocrx_word' id='word_1_278' title='bbox 699 3541 777 3608; x_wconf 89' lang='lat' dir='ltr'>patet</span> <span class='ocrx_word' id='word_1_279' title='bbox 791 3550 827 3590; x_wconf 89' lang='lat' dir='ltr'>ex</span> <span class='ocrx_word' id='word_1_280' title='bbox 849 3530 914 3602; x_wconf 89' lang='lat' dir='ltr'>fide,</span> <span class='ocrx_word' id='word_1_281' title='bbox 930 3528 1083 3606; x_wconf 90' lang='lat' dir='ltr'>quomodo</span> <span class='ocrx_word' id='word_1_282' title='bbox 1098 3547 1115 3586; x_wconf 93' lang='lat' dir='ltr'>a</span> <span class='ocrx_word' id='word_1_283' title='bbox 1129 3544 1203 3603; x_wconf 93' lang='lat' dir='ltr'>quo·</span> 
     </span>
     <span class='ocr_line' id='line_1_34' title="bbox 148 3629 1201 3710; baseline -0.009 -18"><span class='ocrx_word' id='word_1_284' title='bbox 148 3650 265 3710; x_wconf 90' lang='lat' dir='ltr'>cunque</span> <span class='ocrx_word' id='word_1_285' title='bbox 280 3630 425 3691; x_wconf 88' lang='lat' dir='ltr'>catholico</span> <span class='ocrx_word' id='word_1_286' title='bbox 443 3630 531 3690; x_wconf 91' lang='lat' dir='ltr'>debet</span> <span class='ocrx_word' id='word_1_287' title='bbox 546 3630 679 3701; x_wconf 90' lang='lat' dir='ltr'>concedi,</span> <span class='ocrx_word' id='word_1_288' title='bbox 693 3629 773 3706; x_wconf 93' lang='lat' dir='ltr'>quod</span> <span class='ocrx_word' id='word_1_289' title='bbox 782 3629 945 3688; x_wconf 89' lang='lat' dir='ltr'>humanum</span> <span class='ocrx_word' id='word_1_290' title='bbox 955 3645 1048 3704; x_wconf 82' lang='lat' dir='ltr'>genus</span> <span class='ocrx_word' id='word_1_291' title='bbox 1059 3635 1201 3703; x_wconf 89' lang='lat' dir='ltr'>perpetuo</span> 
     </span>
    </p>
   </div>
   <div class='ocr_carea' id='block_1_9' title="bbox 149 3838 1206 4238">
    <p class='ocr_par' dir='ltr' id='par_1_10' title="bbox 149 3838 1205 4238">
     <span class='ocr_line' id='line_1_35' title="bbox 149 3838 1204 3976; baseline -0.012 -14.284"><span class='ocrx_word' id='word_1_292' title='bbox 149 3845 363 3976; x_wconf 37' lang='grc' dir='ltr'>ἸἱΐηιιξῒιοιιΔΙ</span> <span class='ocrx_word' id='word_1_293' title='bbox 365 3845 541 3962; x_wconf 29' lang='lat' dir='ltr'>gqucucssdper</span> <span class='ocrx_word' id='word_1_294' title='bbox 540 3925 635 3963; x_wconf 86' lang='lat' dir='ltr'>manus</span> <span class='ocrx_word' id='word_1_295' title='bbox 647 3843 699 3958; x_wconf 74' lang='lat' dir='ltr'>ed²</span> <span class='ocrx_word' id='word_1_296' title='bbox 715 3843 781 3957; x_wconf 47' lang='lat' dir='ltr'>{ret}</span> <span class='ocrx_word' id='word_1_297' title='bbox 802 3851 855 3894; x_wconf 61' lang='lat' dir='ltr'>om</span> <span class='ocrx_word' id='word_1_298' title='bbox 872 3852 976 3970; x_wconf 55' lang='lat' dir='ltr'>pptsrueptr]</span> <span class='ocrx_word' id='word_1_299' title='bbox 984 3838 1154 3960; x_wconf 40' lang='lat' dir='ltr'>sssfissgcssfgp</span> <span class='ocrx_word' id='word_1_300' title='bbox 1166 3852 1204 3966; x_wconf 50' lang='grc' dir='ltr'>ἕξ.</span> 
     </span>
     <span class='ocr_line' id='line_1_36' title="bbox 149 3913 1205 4068; baseline -0.013 -40.659"><span class='ocrx_word' id='word_1_301' title='bbox 149 3913 265 4041; x_wconf 42' lang='lat' dir='ltr'>‘effug</span> <span class='ocrx_word' id='word_1_302' title='bbox 277 3927 316 4026; x_wconf 58' lang='lat' dir='ltr'>eg.</span> <span class='ocrx_word' id='word_1_303' title='bbox 312 3992 365 4068; x_wconf 89' lang='lat' dir='ltr'>p.r</span> <span class='ocrx_word' id='word_1_304' title='bbox 487 3974 668 4024; x_wconf 67' lang='lat' dir='ltr'>⁶verificantur</span> <span class='ocrx_word' id='word_1_305' title='bbox 679 3926 844 4039; x_wconf 56' lang='lat' dir='ltr'>sgplrismata]</span> <span class='ocrx_word' id='word_1_306' title='bbox 856 3972 1045 4022; x_wconf 82' lang='lat' dir='ltr'>verificabuntur</span> <span class='ocrx_word' id='word_1_307' title='bbox 1056 3968 1205 4060; x_wconf 75' lang='lat' dir='ltr'>praedicata,</span> 
     </span>
     <span class='ocr_line' id='line_1_37' title="bbox 152 4032 1204 4168; baseline -0.012 -76"><span class='ocrx_word' id='word_1_308' title='bbox 152 4043 247 4092; x_wconf 81' lang='grc' dir='ltr'><strong>Α...Βῦ</strong></span> <span class='ocrx_word' id='word_1_309' title='bbox 312 4039 484 4105; x_wconf 86' lang='lat' dir='ltr'>potuerunt]</span> <span class='ocrx_word' id='word_1_310' title='bbox 497 4047 619 4133; x_wconf 46' lang='lat' dir='ltr'>poteroant,</span> <span class='ocrx_word' id='word_1_311' title='bbox 632 4038 738 4094; x_wconf 78' lang='lat' dir='ltr'>AB..;C</span> <span class='ocrx_word' id='word_1_312' title='bbox 733 4037 1012 4168; x_wconf 44' lang='lat' dir='ltr'>,potreorrperxtnedrepsruo</span> <span class='ocrx_word' id='word_1_313' title='bbox 1024 4100 1105 4149; x_wconf 61' lang='lat' dir='ltr'>ed</span> <span class='ocrx_word' id='word_1_314' title='bbox 1057 4032 1204 4086; x_wconf 87' lang='lat' dir='ltr'>Christus,</span> 
     </span>
     <span class='ocr_line' id='line_1_38' title="bbox 150 4104 1206 4238; baseline -0.011 -15"><span class='ocrx_word' id='word_1_315' title='bbox 150 4104 386 4238; x_wconf 49' lang='grc' dir='ltr'>ἓιιῗιᾚιὶὲιῗ)</span> <span class='ocrx_word' id='word_1_316' title='bbox 390 4107 430 4218; x_wconf 50' lang='lat' dir='ltr'>eg.</span> <span class='ocrx_word' id='word_1_317' title='bbox 433 4122 491 4220; x_wconf 53' lang='grc' dir='ltr'>ἐπὸ.</span> <span class='ocrx_word' id='word_1_318' title='bbox 588 4114 655 4198; x_wconf 53' lang='lat' dir='ltr'>tem?</span> <span class='ocrx_word' id='word_1_319' title='bbox 638 4119 869 4231; x_wconf 50' lang='grc' dir='ltr'>θοὶιίἓῗιιιίοιιειιι]</span> <span class='ocrx_word' id='word_1_320' title='bbox 882 4117 1062 4230; x_wconf 43' lang='lat' dir='ltr'>gestationem,</span> <span class='ocrx_word' id='word_1_321' title='bbox 1071 4111 1206 4214; x_wconf 53' lang='lat' dir='ltr'>BQ</span> <span class='ocrx_word' id='word_1_322' title='bbox 1112 4162 1205 4229; x_wconf 84' lang='lat' dir='ltr'>primae</span> 
     </span>
    </p>
   </div>
   <div class='ocr_carea' id='block_1_10' title="bbox 151 4236 345 4300">
    <p class='ocr_par' dir='ltr' id='par_1_11' title="bbox 151 4236 345 4300">
     <span class='ocr_line' id='line_1_39' title="bbox 151 4236 345 4300; baseline -0.008 -14.543"><span class='ocrx_word' id='word_1_323' title='bbox 151 4236 345 4300; x_wconf 56' lang='lat' dir='ltr'>wundpr.</span> 
     </span>
    </p>
   </div>
   <div class='ocr_carea' id='block_1_11' title="bbox 0 0 1450 4836">
    <p class='ocr_par' dir='ltr' id='par_1_12' title="bbox 0 0 1450 4836">
     <span class='ocr_line' id='line_1_40' title="bbox 0 0 1450 4836; baseline 0 0"><span class='ocrx_word' id='word_1_324' title='bbox 0 0 1450 4836; x_wconf 95' lang='lat' dir='ltr'> </span> 
     </span>
    </p>
   </div>
  </div>
 </body>
</html>
