2864 4836
548 426 806 504 somnus
833 431 1050 492 auem
1268 453 1336 488 a„

280 598 380 645 eontra
400 585 507 646 datum.
550 587 620 647 Non
639 592 718 648 enim
738 602 782 651 est
801 594 905 652 melius
919 592 1028 669 aliquid
1041 609 1106 652 esse
1122 591 1235 662 Deum,
1251 607 1334 668 quam

279 685 335 742 est¹
357 685 463 760 aliquid
484 704 547 745 esse
572 686 739 759 chimeram,
761 693 830 768 quia
854 709 915 749 non
936 701 981 750 est
1002 692 1116 749 bonum
1141 689 1255 766 aliquid
1275 706 1333 747 esse

280 782 446 847 chimeram,
465 801 537 859 ergo
558 784 661 843 salsum
684 786 757 844 soret
777 800 856 856 tunc,
876 788 957 865 quod
978 787 1061 847 Deus
1081 797 1127 846 est
1149 788 1249 846 solum
1269 784 1332 845 illud

279 881 358 955 quod
380 892 422 939 est
444 881 545 939 melius
565 900 629 941 esse
651 901 740 959 quam
761 903 824 943 non
844 904 919 944 esse.
961 884 1105 954 Similiter,
1128 885 1155 944 si
1176 884 1261 944 Deus
1279 882 1332 943 est¹

278 998 353 1037 omne
366 979 435 1037 illud
453 991 481 1037 et
494 980 581 1037 solum
597 981 666 1039 illud
686 983 767 1058 quod
788 983 891 1041 melius
911 993 955 1042 est
977 1001 1041 1042 esse
1063 1001 1156 1060 quam
1178 1002 1242 1042 non
1263 1001 1330 1052 esse,

279 1087 347 1137 tunc
373 1077 454 1135 Deus
476 1096 536 1135 non
559 1092 602 1137 est
622 1079 730 1151 homo;
766 1099 952 1158 consequens
973 1081 1102 1152 ialsnm',
1113 1099 1197 1158 ergo
1218 1094 1328 1141 antece·

279 1174 359 1243 dens,
374 1176 455 1252 quod
470 1196 487 1236 a
501 1175 582 1234 Deo*
596 1189 639 1236 est
654 1181 892 1238 commendatum
900 1199 908 1252 ;
931 1198 1001 1238 nam
1015 1180 1118 1239 melius
1133 1192 1179 1239 est
1197 1180 1329 1240 deitatem

280 1293 339 1334 non
360 1293 425 1335 esse
446 1275 604 1345 hominem,
619 1294 708 1353 quarn
730 1279 839 1354 ipsam⁵
852 1297 917 1338 esse
938 1279 1098 1348 hominem,
1114 1297 1186 1338 cum
1206 1282 1328 1357 primum

279 1374 314 1432 sit
329 1373 460 1433 absoluto
475 1376 669 1433 necessarium
683 1386 712 1433 et
733 1388 892 1447 aeternum,
907 1376 959 1436 sed
973 1377 1138 1435 secundum
1149 1376 1328 1455 simpliciter⁸

280 1471 447 1549 temporale,
472 1490 532 1530 non
556 1473 659 1531 melius
683 1491 773 1548 quam
797 1485 947 1551 assumpta
971 1474 1173 1552 humanitas.³
1201 1474 1249 1533 Ex
1274 1492 1328 1551 quo

279 1569 396 1639 videtur,
419 1569 498 1647 quod
519 1571 600 1629 Deus
621 1588 682 1629 non
703 1570 798 1629 solum
819 1582 863 1630 est
884 1571 951 1630 illud
972 1571 1054 1648 quod
1077 1573 1184 1632 melius
1204 1584 1327 1632 estesse

278 1686 366 1746 quam
383 1686 443 1727 non
457 1686 529 1735 esse,
544 1687 612 1728 cum
633 1668 736 1728 melius
757 1670 792 1727 sit
811 1669 918 1745 aliquid
942 1687 1003 1728 non
1023 1688 1088 1729 esse
1110 1669 1327 1738 humanitatem,

278 1786 366 1845 quam
386 1778 429 1826 est
448 1766 554 1844 aliquid
573 1785 637 1826 esse
657 1765 874 1837 humanitatem,
890 1786 957 1825 cum
971 1766 1121 1827 absolute'
1135 1771 1284 1846 optimum
1296 1769 1328 1827 sit

277 1866 412 1926 deitatem
427 1884 487 1923 non
502 1884 565 1924 esse
580 1865 799 1935 humanitatem,
813 1878 842 1924 et
855 1884 969 1925 summe
983 1867 1165 1943 impossibile
1180 1869 1227 1937 sit,
1242 1885 1327 1944 aeque

278 1965 388 2024 bonum
403 1982 476 2033 esse,
491 1964 571 2040 quod
586 1962 692 2040 aliquid
708 1965 744 2021 sit
757 1963 931 2022 humanitas.

89 2084 225 2123 sanarat...
317 2062 479 2121 Phrenesis.
515 2062 564 2120 Tu
585 2072 771 2120 monstruose
791 2061 874 2120 addis
895 2080 982 2138 super
1002 2063 1089 2121 verba
1108 2072 1137 2120 et
1158 2065 1327 2122 sententiam

88 2126 200 2163 mm
277 2164 393 2230 sororis,
420 2178 486 2218 cum
515 2162 578 2237 ipsa
606 2160 702 2219 solum
727 2159 795 2217 dicit
817 2160 873 2230 hic,
899 2159 980 2237 quod
1005 2159 1087 2219 Deus
1115 2173 1162 2220 est
1191 2160 1328 2239 quidquid

278 2260 380 2318 melius
405 2271 447 2317 ost
469 2277 532 2317 esse
557 2277 645 2335 quam
670 2276 732 2316 non
756 2277 837 2329 esse;
862 2269 891 2316 et
912 2270 942 2317 tu
965 2259 1146 2335 superaddis,
1168 2261 1252 2336 quod
1275 2260 1328 2318 hoc

278 2359 313 2416 sit
335 2357 464 2415 absolute
486 2358 689 2416 necessarium.
731 2355 801 2433 Ipsa
820 2358 907 2415 etiam
929 2374 990 2414 non
1012 2356 1136 2427 dicebat,
1153 2359 1239 2434 quod
1253 2357 1328 2416 Deus

277 2456 362 2514 solum
377 2467 419 2514 est
436 2455 527 2527 illutll,
542 2455 622 2531 quod
636 2465 680 2512 est
693 2454 796 2513 melius
810 2473 873 2513 esse
889 2473 978 2530 quam
996 2473 1057 2513 non
1070 2473 1145 2526 esse,
1162 2458 1239 2515 sicut
1254 2466 1327 2534 post·

278 2555 398 2613 modum
420 2554 489 2612 salse
514 2554 606 2628 lingis.
649 2552 729 2612 Sicut
749 2571 820 2628 ergo
834 2552 917 2612 Deus
938 2566 981 2612 est
1002 2555 1114 2629 optima
1132 2572 1243 2625 rerum,
1259 2573 1327 2632 quae

277 2664 459 2728 potestesse,
475 2653 515 2710 sic
530 2666 572 2710 est
591 2651 732 2728 quidquid
750 2665 793 2709 est
808 2653 909 2710 melius
923 2670 987 2710 esse
1001 2669 1089 2728 quam
1107 2670 1172 2711 non
1192 2672 1276 2726 esse;
1302 2662 1327 2712 et

277 2750 315 2806 ita
329 2749 414 2807 debet
435 2749 499 2815 dici,
515 2748 594 2825 quod
615 2750 694 2825 prius
715 2750 889 2825 principium
911 2751 945 2808 sit
967 2749 1098 2808 absolute
1121 2754 1326 2820 necessarium,

277 2846 392 2915 scilieet,
413 2846 492 2922 quod
514 2846 594 2905 Deus
616 2860 668 2917 est,
688 2864 748 2922 quo
772 2848 867 2922 majus
892 2847 1028 2922 cogitari'
1049 2864 1112 2904 non
1133 2858 1252 2923 potest;
1275 2850 1326 2908 hoc

277 2957 373 3002 autem
388 2945 561 3021 principium
581 2944 647 3003 fidei
666 2956 710 3003 est
732 2946 936 3014 necessarium,
956 2946 1030 3003 sicut
1045 2948 1246 3005 necessarium
1254 2948 1275 2980 ¹⁰
1287 2957 1325 3005 est

277 3043 374 3100 Deum
389 3061 452 3100 esse
467 3044 608 3117 optimam
622 3060 717 3100 rerum
732 3043 842 3101 mundi.
884 3043 943 3101 Iste
963 3060 1034 3119 ergo
1055 3051 1099 3101 est
1119 3061 1226 3104 sensus
1246 3047 1326 3123 hujus

276 3141 417 3217 principii,
440 3138 521 3196 Deus
544 3153 586 3197 est
612 3140 753 3216 quidquid
778 3141 822 3198 vel
844 3140 1126 3217 cujusmodicunque
1156 3143 1263 3203 melius
1287 3155 1324 3204 est

276 3237 402 3314 aliquam
431 3255 492 3294 rem
520 3255 593 3306 esse,
622 3255 711 3313 quam
739 3237 865 3313 aliquam
894 3256 954 3295 rem
983 3255 1044 3294 non
1072 3254 1145 3306 esse,
1175 3240 1259 3314 quod
1286 3248 1324 3298 est

275 3337 479 3396 necessarium.
526 3334 594 3394 Scio
618 3348 713 3393 autem
738 3336 818 3412 quod
843 3338 937 3394 nescis
962 3337 1085 3412 probare
1111 3354 1215 3395 casum
1241 3355 1323 3415 quem

275 3435 402 3510 ponis¹³;
426 3435 502 3509 quia,
518 3451 585 3492 cum
605 3433 686 3491 Deus
707 3433 777 3490 nihil
798 3445 893 3509 potest
908 3433 1075 3502 annihilare,
1095 3444 1124 3491 et
1138 3452 1260 3511 semper
1278 3433 1323 3494 fuit

275 3533 409 3599 mundus,
425 3550 544 3591 necesse
559 3543 602 3589 est
617 3531 755 3589 fabricam
769 3531 898 3589 mundi¹²
911 3550 984 3589 esse.
1027 3531 1087 3588 Ista
1103 3543 1204 3590 autem
1217 3549 1321 3609 propo

274 3633 349 3701 sitio,
369 3640 431 3688 aitte
450 3634 574 3705 primum
603 3633 711 3687 instans
736 3632 835 3687 ntundt‘
855 3632 942 3687 solum
968 3629 1046 3687 Deus
1063 3631 1140 3706 fuel,
1162 3644 1207 3689 est
1229 3632 1320 3708 dispu-

274 3729 367 3788 tabilis
382 3729 460 3804 apud
474 3728 581 3786 multos
590 3748 598 3800 ;
622 3747 689 3787 cum
704 3739 813 3787 certum
829 3730 873 3798 sit,
889 3729 969 3803 quod
984 3747 1044 3786 non
1064 3731 1263 3804 temporaliter
1277 3730 1321 3788 luit

254 3904 256 3959 ἶ
306 3911 379 3973 'estl
392 3926 441 3959 om.
455 3910 548 3958 Ante.
560 3909 598 3958 ed.
610 3925 646 3972 pr.
716 3909 790 3970 ²est]
807 3909 846 3964 sit,
860 3909 892 3957 Ι).
953 3880 976 3936 ι’
993 3909 1092 3973 falsum]
1106 3909 1269 3968 haereticum,
1279 3912 1320 3963 Da

253 4012 255 4041 Ι
272 3977 360 4024 falsum
372 3984 395 4024 et
409 3975 565 4028 haereticum,
579 3977 608 4023 C.
621 3975 658 4022 ed.
672 3990 708 4037 pr.
764 3974 772 4000 ⁴
788 3974 873 4039 adeo]
885 3975 955 4026 adeo.
965 3975 1003 4022 ed.
1016 3990 1052 4037 pr.
1103 3974 1112 4001 ⁵
1130 3975 1224 4040 ipsam]
1237 3979 1320 4042 ipsum.

253 4055 256 4075 ·
271 4043 308 4090 ed.
321 4058 357 4104 pr.
466 4041 477 4068 ⁰
494 4041 647 4104 simpliciter]
660 4056 710 4087 om.
724 4039 755 4086 D.
839 4040 848 4067 ⁷
865 4040 987 4101 absolute]
1000 4039 1150 4093 absolutum.
1165 4041 1225 4091 B.C.
1237 4045 1277 4092 ed.
1288 4058 1320 4117 pr.

270 4107 279 4135 ⁸
297 4107 367 4167 illud]
380 4107 452 4159 idem.
464 4106 502 4155 ed.
515 4122 552 4169 pr.
740 4107 750 4134 ⁹
767 4105 881 4169 cogitari]
895 4105 1036 4168 excogitari.
1049 4105 1110 4152 ΑΒ.
1123 4122 1129 4162 ;
1146 4106 1237 4156 melius
1249 4122 1322 4172 majus

271 4171 446 4284 3⁰5?me
493 4171 511 4200 ¹⁰
529 4170 701 4231 necessarium]
713 4186 762 4219 om.
776 4172 837 4219 An.
889 4170 905 4198 ¹¹
924 4171 1006 4234 ponis]
1018 4170 1088 4233 petis,
1102 4170 1134 4218 D.
1192 4172 1212 4202 ¹¹
1228 4171 1321 4236 mundi]

311 4251 327 4287 1.
365 4273 370 4282 .
400 4272 404 4282 .
450 4252 503 4298 .pr.
