2864 4836
25 4100 30 4251 l

486 399 744 478 Jonrvrvrs
785 397 996 461 vrcrrr
1177 419 1266 458 ma

225 561 394 632 substantia,
423 572 522 620 tamen
551 561 604 621 fuit
631 580 650 624 a
677 561 783 621 deitate
810 572 956 620 extranea.
1007 558 1046 619 Et
1075 560 1100 619 si
1133 557 1268 625 mussitas.

225 658 329 737 quare¹
344 659 441 735 potius
459 658 589 719 secunda
602 659 647 718 vel
666 659 764 717 media
783 675 911 735 persona
928 657 994 735 plus
1012 674 1105 734 quam
1123 657 1218 734 prima
1232 651 1271 712 vel
1318 660 1320 685 ²

224 758 315 828 tertia,
330 756 429 815 debuit
442 756 594 828 incarnari,
609 757 776 816 dictumest
795 757 856 827 tibi,
873 755 1030 833 quoniam¹
1043 754 1104 813 hoc
1123 763 1271 832 peceatum
1318 776 1320 781 ·

225 874 261 914 ex
283 855 446 930 ignorantia
467 865 511 913 est
532 855 731 925 commissum,
753 854 820 913 ideo
841 863 956 929 oportet
976 852 1058 928 quod
1076 870 1116 911 ex
1134 847 1273 928 personali

226 952 367 1029 sapientia
381 953 418 1010 sit
432 951 568 1023 deletum,
582 970 658 1028 quae
679 961 724 1010 est
743 950 931 1010 solummodo
945 948 1002 1009 Dei
1015 948 1161 1008 Verbum.
1201 946 1272 1009 cm

226 1066 297 1124 ergo
316 1059 433 1125 oportet
451 1048 532 1125 quod
551 1049 664 1126 aliqua¹
682 1066 809 1126 persona
823 1047 880 1106 Dei
897 1049 991 1106 mittat
1005 1063 1167 1123 personam
1185 1046 1273 1116 attam

226 1164 302 1223 quae
323 1145 480 1205 satisfaciat
498 1163 552 1221 pro
573 1157 705 1222 peccat0,
719 1157 748 1205 et
761 1145 847 1204 Pater
868 1162 928 1203 non
949 1153 1046 1220 potest
1061 1145 1140 1204 mitti
1159 1161 1228 1204 cum
1239 1142 1273 1201 sit

226 1261 353 1320 persona
367 1238 477 1321 prima⁴
491 1243 668 1320 originaliter
683 1243 842 1313 Trinitatis,
857 1252 937 1318 patet
949 1242 1031 1319 quod
1045 1259 1170 1301 necesse
1182 1251 1235 1311 est,
1247 1248 1276 1298 ut

226 1342 319 1399 mittat
344 1358 501 1417 personam
526 1341 612 1400 aliam
636 1340 869 1409 incarnandam,
892 1357 968 1416 quae
992 1348 1115 1416 propter
1139 1339 1276 1398 rationem

226 1438 414 1514 multiplicem
425 1437 493 1497 mitt
504 1439 777 1497 convenientissime
788 1437 919 1496 Verbum
933 1436 1006 1508 Deir
1028 1436 1097 1494 ideo
1113 1454 1184 1495 cum
1197 1433 1276 1495 mini·

227 1552 309 1593 mum
324 1535 547 1596 inconveniens¹
557 1535 632 1594 foret
645 1536 675 1594 in
685 1534 752 1594 Deo
763 1533 967 1609 impossibile⁸‚
977 1542 1059 1610 patet
1072 1534 1157 1610 quod
1167 1542 1277 1610 oportet

228 1633 433 1692 salvationem⁹
447 1632 573 1692 hominis
587 1633 680 1692 taliter
695 1651 725 1691 se
740 1632 856 1690 habere.
897 1631 936 1690 Et
949 1641 1028 1708 patet
1041 1615 1278 1708 cum'oportuiU'

229 1741 382 1806 peccatum
407 1731 493 1808 primi
517 1730 644 1789 hominis
669 1730 757 1789 deleri
782 1728 977 1788 satisfactione
1002 1727 1101 1787 debita
1124 1728 1278 1798 mediante,

229 1828 309 1904 quod
324 1829 451 1904 oportuit
463 1827 610 1887 Christum
620 1827 713 1887 taliter
723 1828 882 1898 incamari3
903 1836 933 1885 et
948 1843 1069 1886 necesse
1084 1825 1138 1885 fuit
1157 1838 1279 1887 mortem

229 1925 357 2002 postea¹¹
376 1927 466 2003 sequi,
486 1924 582 1985 cum¹¹
602 1926 730 2001 oportuit
748 1924 897 1984 Christum
917 1923 1206 2000 proportionabiliter
1223 1924 1279 2001 peti

229 2025 303 2083 sicut
324 2023 422 2082 Adam
443 2022 767 2101 improportionabiliter
787 2022 999 2098 praesumebat,
1021 2020 1102 2080 aliter
1121 2023 1203 2080 enim
1224 2038 1281 2080 nou

231 2121 304 2180 foret
328 2121 484 2181 satisfactio
508 2139 562 2197 pro
591 2121 757 2179 commisso.
801 2119 874 2177 Ideo
902 2119 974 2177 sicut
997 2117 1096 2176 Adam
1125 2117 1281 2195 superbivit

230 2218 374 2293 usquead
393 2231 518 2277 mortem
537 2219 663 2294 gratiose
681 2217 828 2286 inflictam,
844 2217 885 2275 sic
902 2227 1017 2291 oportet
1036 2215 1118 2291 quod
1135 2216 1281 2276 sectmdus

232 2316 328 2373 Adam
342 2315 505 2374 humilietur
519 2333 611 2391 usque
625 2315 664 2374 ad
678 2326 802 2373 mortem
820 2312 978 2389 corporis¹³
991 2314 1118 2388 gratiose
1131 2324 1281 2390 acceptam

231 2425 259 2472 et
280 2430 406 2489 passam.
448 2413 486 2471 Et
507 2414 574 2472 ideo
596 2413 664 2472 dicit
685 2412 844 2488 apostolus,
866 2410 947 2486 quod
968 2408 1099 2469 Christus
1122 2409 1218 2470 factus
1239 2420 1282 2469 est

231 2528 285 2588 pro
306 2511 391 2570 nobis
412 2511 553 2569 obediens
574 2528 666 2586 usque
689 2509 727 2568 ad
751 2508 910 2567 mortem¹⁴.
952 2506 991 2565 Et
1012 2506 1064 2565 fuit
1085 2511 1281 2567 necessarium

231 2610 325 2685 ipsam
347 2620 498 2684 acceptam
521 2607 608 2666 fuisse
629 2609 659 2664 in
681 2608 769 2682 lign0‚
785 2617 817 2665 ut
837 2608 911 2664 sicut
931 2623 968 2663 err
986 2604 1079 2663 fructu
1099 2605 1172 2681 ligni
1194 2608 1279 2664 vetito

232 2706 315 2782 periit
336 2706 435 2776 homo,
451 2706 492 2764 sic
513 2724 550 2763 ex
571 2705 665 2764 fructu
684 2705 755 2781 ligni
774 2722 861 2780 passo
883 2703 1006 2761 salvetur
1026 2701 1135 2775 homo;
1167 2716 1198 2762 et
1217 2715 1281 2763 sunt

233 2804 304 2862 aliae
319 2803 426 2861 multae
441 2804 651 2879 congruentiae
664 2803 827 2878 utrobique.

53 2970 83 2994 um
105 2959 109 2968 ,
149 2928 179 2992 ‘1²'
273 2900 311 2960 Et
335 2919 371 2959 ex
397 2902 457 2960 istis
479 2912 557 2977 patet
578 2900 730 2976 responsio
752 2899 789 2957 ad
811 2898 1007 2957 difficultatem
1029 2908 1108 2956 tuam
1128 2899 1282 2969 semndonr,

44 2999 172 3074 vegemglv
234 2998 605 3074 scilicetquarepeccatum
620 2997 742 3071 angeli¹⁵
754 3014 814 3055 non
825 2997 943 3055 deletur.
987 2995 1066 3054 Sicut
1080 2997 1160 3054 enim
1170 3005 1283 3073 oportet

76 3082 138 3157 aad?
234 3097 271 3155 ad
286 3098 414 3156 actiones
431 3098 577 3155 naturales
596 3114 660 3154 esse
674 3095 792 3171 agentia
813 3105 842 3153 et
861 3094 1067 3171 dispositiones
1081 3095 1111 3151 in
1125 3095 1229 3169 passis,
1244 3095 1284 3153 sic

234 3205 348 3271 oportet
363 3194 400 3252 ad
415 3193 616 3253 deletionem¹⁶
630 3194 742 3269 peccati
756 3211 821 3251 esse
835 3193 969 3250 virtutem
983 3193 1106 3250 activam
1120 3194 1244 3268 agentis,
1258 3203 1285 3251 et

235 3293 455 3368 dispositionem
475 3290 681 3351 contritionis¹¹
699 3291 824 3366 aliquam
838 3290 869 3347 in
886 3299 1042 3365 peccante;
1067 3289 1119 3347 sed
1133 3288 1191 3348 hoc
1206 3289 1285 3349 deest

235 3391 364 3460 diabolis,
380 3400 408 3448 et
430 3390 471 3448 sic
492 3390 603 3464 peccati
625 3407 727 3446 eorum
750 3389 863 3446 deletio.
906 3386 970 3446 Nec
993 3387 1114 3445 dubium
1136 3389 1209 3464 quin
1234 3388 1285 3447 illis

234 3488 382 3545 fructuose
403 3487 532 3546 contritis
547 3486 629 3545 Deus
648 3504 709 3545 non
728 3496 827 3561 posset
846 3484 1020 3543 deletionem
1039 3485 1152 3560 peccati
1167 3485 1211 3543 sui
1226 3502 1286 3543 non

268 3650 379 3714 ¹quare]
392 3651 503 3714 qualiter,
515 3650 553 3699 ed.
566 3667 602 3714 pr.
725 3649 879 3712 ¹quoniam]
892 3648 966 3713 quod,
980 3646 1074 3697 C.D.B.
1086 3646 1182 3711 primae
1192 3663 1288 3703 manus,

234 3715 274 3763 ed.
287 3731 323 3778 pr.
471 3716 480 3744 ¹
496 3715 590 3778 aliqua]
602 3714 658 3770 alia,
671 3714 764 3763 ΑΒΕ.
776 3715 815 3762 ed.
827 3730 863 3778 pr.
1000 3712 1009 3741 ⁴
1026 3712 1117 3776 prima]
1130 3727 1181 3760 om.
1193 3711 1287 3762 Aac.

234 3779 447 3843 ¹incarnandam]
476 3795 522 3845 pro
549 3788 652 3843 peccato
678 3780 861 3835 incarnandam,
888 3778 917 3827 B.
943 3778 1038 3842 primae
1063 3792 1158 3831 manus,
1183 3777 1221 3825 ed.
1250 3793 1287 3842 pr.

235 3845 245 3873 ⁸
261 3844 318 3909 luit]
331 3846 371 3899 sit,
383 3845 410 3892 B.
422 3845 515 3908 primae
527 3861 621 3898 manus.
633 3845 671 3892 ed.
682 3861 719 3908 pr.
808 3844 817 3871 ⁷
834 3842 1019 3907 inconveniens]
1032 3841 1188 3897 conveniens,
1199 3842 1239 3891 ed.
1251 3858 1287 3906 pr.

235 3911 244 3938 ⁸
262 3910 424 3974 impossibile]
436 3925 479 3973 per
490 3909 649 3973 impossibile.
661 3910 700 3958 od.
712 3926 748 3973 pr.
913 3910 923 3936 ⁹
940 3906 1114 3969 salvationem]
1127 3906 1285 3962 salvatorem,

236 3976 322 4039 edpr.
422 3976 441 4004 ¹⁰
457 3974 579 4038 oportuit]
592 3982 699 4037 oportet,
713 3974 803 4022 ΑΒΕ.
870 3975 887 4003 ¹¹
905 3973 1004 4036 postea]
1016 3989 1066 4021 om.
1084 3972 1114 4020 C,
1182 3971 1200 3999 ¹¹
1216 3972 1287 4034 cum]

236 4048 271 4095 ut,
283 4040 345 4088 AB.
471 4039 489 4069 ¹³
505 4039 761 4087 inflictam-mortem
774 4038 896 4102 corporis]
909 4053 958 4086 orn.
970 4037 1003 4085 D.
1114 4035 1132 4066 ¹⁴
1149 4035 1214 4085 Phil.
1225 4037 1251 4086 ii.
1263 4037 1287 4084 8.

216 4098 219 4187 l
237 4106 254 4134 ¹⁵
269 4105 363 4169 angeli]
376 4104 477 4160 diaboli,
489 4105 527 4152 cd.
539 4120 575 4167 pr.
650 4105 667 4134 ¹⁶
684 4103 845 4166 deletionem]
854 4103 1051 4158 delectationem,
1064 4101 1092 4150 B.
1193 4100 1211 4132 ¹²
1226 4116 1286 4151 oon·

237 4170 354 4232 tritionis]
367 4169 549 4224 contractionis,
562 4169 590 4216 C.
