2864 4836
10 528 16 551 ἓ
56 476 158 527 ιω.
425 462 767 528 rnrraonns.

10 560 15 595 .“

10 600 17 629 i

10 670 15 685 .
46 612 178 687 'mores
197 642 341 686 novorum
359 627 505 700 ordinum,
520 640 549 688 et
568 630 707 690 servaret¹
722 641 809 707 atque
824 630 996 690 accenderet
1011 630 1121 690 cultum

56 716 183 782 Christi.

68 872 74 883 .
104 816 196 879 Unde
214 821 376 883 detestandi
397 835 464 884 sunt
483 825 619 885 doctores
636 827 751 896 novelli,
769 827 819 902 qui
838 827 968 885 nituntur
986 844 1123 897 asserere,

57 916 148 994 quod
166 920 307 996 scriptura
325 940 409 980 sacra
422 923 459 981 sit
473 924 546 981 inter
560 925 661 982 omnia
680 925 756 983 dicta
770 924 814 983 vel
834 926 941 1003 scripta
960 925 1123 995 falsissima,

58 1024 94 1074 et
118 1016 280 1092 specialiter
301 1020 423 1078 verbum
448 1019 554 1080 Christi
579 1022 609 1080 in
633 1023 783 1099 evangelio
809 1021 961 1100 Johannis,
987 1024 1059 1083 sicut
1086 1042 1123 1082 ex

56 1110 161 1190 logica
180 1133 232 1175 sua
252 1127 356 1193 putant
376 1136 408 1177 se
429 1119 505 1178 clare
527 1120 679 1179 deducere.
721 1119 760 1179 Et
780 1121 854 1179 inter
876 1139 981 1179 omnes
1002 1121 1124 1180 haereti-

58 1226 168 1271 oorum
188 1216 345 1275 sententias
366 1235 427 1276 non
448 1218 555 1288 rec010,
576 1220 658 1293 quod
679 1219 716 1277 sit
737 1219 807 1277 alia'
827 1219 1029 1290 damnabilior,
1051 1220 1125 1277 anti·

58 1307 174 1369 obsisto
201 1315 426 1390 praeparativior
449 1315 494 1374 vel
523 1316 590 1375 fidei
616 1316 722 1376 Christi
752 1318 890 1375 nocivior.
942 1316 1017 1388 Quis
1046 1319 1124 1375 enim

59 1407 196 1469 mederet
213 1421 326 1486 partem
345 1412 471 1489 aliquam
490 1413 562 1489 legis
582 1413 696 1484 Christi,
712 1416 735 1474 si
749 1424 830 1473 tanta
848 1433 916 1492 pars
935 1415 999 1490 ejus
1019 1414 1124 1472 debeat

58 1516 96 1567 ut
113 1508 301 1586 impossibilis
320 1510 445 1583 refutari,
459 1522 488 1570 et
502 1513 618 1572 cuilibet
637 1514 796 1590 scripturae
815 1513 959 1589 expositio
972 1523 1003 1571 et
1022 1531 1124 1572 sensus

59 1605 234 1665 antichristo
257 1607 379 1684 placitus
407 1609 528 1668 debeat⁸
552 1610 702 1688 adaptari?
744 1610 782 1668 Et
805 1622 867 1670 tota
891 1611 986 1670 fictio⁴
1010 1611 1040 1670 in
1064 1610 1123 1669 hoc

60 1712 140 1764 tetro
160 1704 310 1765 involucro
331 1707 458 1765 tollitur⁸
477 1709 508 1765 in
529 1707 584 1766 hac
607 1720 696 1785 parte,
719 1718 747 1767 et
768 1726 874 1767 omnes
895 1709 1024 1784 argutiae
1050 1709 1124 1766 anti-

60 1798 172 1873 christi,
188 1807 262 1879 ‘ego
281 1805 323 1862 sic
342 1804 472 1881 intelligo
487 1805 564 1865 hanc
584 1807 755 1882 scripturam
776 1823 898 1876 sacram,
913 1816 942 1864 et
961 1805 1123 1863 secundum

60 1900 192 1977 logicam
211 1919 308 1961 meam
329 1902 372 1961 sic
391 1904 477 1963 debet
496 1905 632 1980 intelligi;
665 1904 716 1962 sed
736 1922 839 1963 sensus
859 1905 911 1962 iste
930 1914 974 1962 est
988 1903 1124 1979 impossi-

60 1998 147 2071 bilis;
171 2017 243 2075 ergo
262 2000 404 2076 scriptura
417 2019 507 2071 sacra,
523 2013 551 2059 et
566 2019 619 2078 per
638 2019 823 2077 consequens
840 2001 903 2077 ejus
918 2011 1019 2059 auctor
1033 1988 1124 2058 ioret⁶

63 2095 238 2156 falsissimus
256 2107 285 2155 et
299 2099 426 2156 maxime
441 2098 670 2159 discredendus.'
714 2097 792 2157 Nam
812 2099 865 2169 sol,
885 2108 917 2157 ut
935 2099 1077 2174 inquiunt,
1095 2109 1124 2157 et

62 2203 162 2254 cetera
181 2194 328 2254 sensibilia
348 2196 378 2253 in
400 2198 557 2272 quantitate
581 2207 609 2256 et
634 2198 737 2256 ceteris
762 2197 960 2256 accidentibus
982 2197 1124 2273 judicium

60 2291 227 2350 humanum
248 2291 420 2369 decipientia
440 2305 508 2352 sunt
528 2295 609 2366 salsa,
630 2297 692 2372 pari
712 2296 857 2355 evidentia
876 2295 920 2353 vel
942 2295 1046 2372 majori
1067 2313 1125 2371 qua

62 2389 125 2448 hoc
144 2389 278 2466 signum3
304 2390 411 2450 ‘homo
431 2402 476 2451 est
496 2394 613 2463 asinus,'
629 2393 702 2452 foret
717 2393 837 2463 salsum;
868 2412 957 2469 quare
972 2410 1044 2468 ergo
1064 2410 1125 2451 non

62 2488 207 2564 scriptura
226 2506 317 2559 sacra,
333 2490 425 2548 immo
440 2491 527 2548 etiam
546 2492 609 2567 ipse
624 2490 725 2550 Deus?
753 2509 820 2549 curn
840 2501 938 2549 movet
952 2491 982 2547 in
997 2509 1124 2567 poenam

61 2587 177 2664 peccati
191 2587 303 2662 prioris,
319 2599 348 2646 et
361 2606 414 2664 per
428 2606 613 2663 consequens
628 2590 722 2664 signat
736 2589 824 2646 etiarn
847 2587 1000 2646 falsissime
1022 2606 1125 2647 sensus

62 2683 172 2756 falson
209 2685 282 2744 liber
308 2703 380 2762 ergo
408 2686 461 2744 iste
490 2686 564 2745 foret
592 2686 763 2745 salsissimus
792 2693 821 2744 et
850 2686 983 2745 Christus
1011 2704 1125 2744 summe

62 2784 237 2843 hacreticus.
290 2781 349 2842 Sed
374 2783 503 2842 discant⁷
526 2783 557 2842 hi
581 2781 755 2843 discolores⁸
779 2785 915 2844 baeretici
940 2795 969 2843 et
994 2784 1126 2860 discipuli

63 2880 233 2952 antichristi,
248 2881 329 2957 quod
352 2880 422 2939 nihil
441 2882 479 2940 ad
498 2900 610 2941 errores
629 2879 747 2941 eorum⁹
766 2892 794 2942 et
814 2885 984 2959 scripturam
1003 2900 1126 2951 sacram,

64 2978 148 3056 quod
168 2979 263 3056 ipsam
284 2979 360 3037 male
381 2980 550 3055 intelligant,
572 2982 644 3039 sicut
665 2992 709 3039 est
731 2980 767 3040 de
782 2981 849 3040 Deo
869 2993 898 3040 et
919 2982 1021 3039 ceteris
1043 2983 1127 3039 astris

63 3075 148 3136 coeli.
198 3075 271 3135 ldeo
297 3077 459 3136 secundum
483 3078 613 3153 regulam
638 3079 803 3155 Augustim‘,
829 3080 1065 3154 quandocunque
1088 3079 1125 3136 de

64 3175 207 3252 scriptura
226 3193 309 3234 sacra
327 3177 454 3233 exoritur
473 3176 536 3234 talis
556 3176 628 3234 salsa
647 3178 758 3253 opinio,
773 3177 874 3235 fideles
894 3176 1001 3234 debent
1015 3192 1127 3250 cogno-

1204 482 1260 546 24¹

1157 921 1295 990 {⁸423an

1157 997 1238 1039 gendum
1246 1003 1302 1038 atque

1158 1037 1295 1072 mmmmm.

64 3290 155 3343 scere,
180 3273 262 3348 quod
287 3273 332 3331 vel
356 3284 423 3332 sunt
446 3274 563 3333 codices
587 3275 739 3334 incorrecti
765 3276 809 3333 vel
833 3292 932 3333 errans
957 3275 1127 3349 scripturam
1223 3290 1229 3312 ⁸

65 3388 180 3431 sacram
191 3370 267 3430 male
278 3371 409 3447 intelligit
418 3390 426 3442 ;
448 3373 636 3431 etomnino¹⁰
646 3391 683 3431 ex
698 3391 786 3430 sensu
797 3389 851 3429 suo
867 3372 940 3429 salso
951 3382 979 3429 et
994 3371 1084 3447 signis
1098 3371 1128 3428 in

64 3468 168 3527 codice
187 3485 249 3527 non
269 3469 387 3528 resultat
406 3471 547 3546 scriptura
565 3488 654 3539 sacra,
675 3469 726 3527 sed
746 3469 842 3544 potius
863 3469 1002 3544 scriptura
1021 3467 1128 3526 diaboli

64 3576 94 3626 et
114 3565 232 3625 codices
253 3565 421 3626 antichristi.
464 3567 544 3625 Nihil
563 3585 634 3643 ergo
654 3566 691 3624 ad
710 3568 882 3642 scripturam
904 3584 1026 3636 sacram,
1048 3564 1128 3641 quod

64 3665 228 3724 haereticus
249 3665 343 3741 ipsam
365 3665 479 3724 sinistre
500 3665 648 3741 intelligit;
679 3682 739 3723 non
762 3666 840 3722 enim
863 3665 993 3740 subjacet
1011 3681 1067 3724 suo
1084 3664 1129 3739 ju-

65 3761 153 3834 dicio,
168 3761 220 3821 sed
235 3764 332 3839 potius
348 3764 444 3840 ipsum
466 3763 584 3821 damnat
592 3783 601 3835 3
630 3780 709 3820 error
728 3773 825 3822 autem
845 3762 882 3820 de
896 3762 1042 3820 intellectu
1055 3761 1129 3819 illius

97 3923 107 3956 ¹
124 3931 149 3973 et
159 3923 278 4000 servaret]
288 3924 357 3973 etsie
366 3930 496 3981 serenaret,
505 3926 543 3974 ed.
552 3941 588 3990 pr.
654 3924 664 3954 ’
680 3925 741 3989 alia]
754 3942 804 3975 om.
816 3926 855 3976 ed.
865 3941 916 3990 pr.;
936 3923 1025 3988 aliqua,
1035 3922 1128 3972 ΑΜ.

64 3988 75 4019 ⁸
91 3987 194 4052 debeat]
206 3988 299 4044 debuit,
312 3989 376 4039 D.C.
388 3989 510 4039 secundae
521 4005 616 4046 manus,
628 3989 666 4039 ed.
679 4006 715 4055 pr.
891 3990 900 4018 ⁴
917 3997 970 4038 tota
981 3987 1061 4052 fictio]
1075 3995 1129 4037 toto

64 4053 141 4111 facto,
153 4054 182 4103 B.
194 4052 289 4118 primae
299 4069 395 4112 manns,
408 4055 440 4104 D.
452 4054 491 4103 ed.
521 4071 540 4104 r.
646 4054 951 4169 “tolliturgcolliguntun
964 4054 1028 4103 C.D.
1041 4053 1079 4102 cd.
1091 4069 1129 4117 pr.

64 4117 231 4183 ‘lorellom
244 4119 339 4169 A.B.C.
465 4119 475 4148 ²
510 4121 599 4198 'soant]
612 4121 757 4177 discurrant,
793 4121 831 4171 .C.
956 4117 1128 4181 ‘discolores]

65 4183 208 4299 ὤιοαῗὲοες,
221 4183 351 4235 Α.Β.Ο.Ι).
449 4184 459 4214 '
476 4186 573 4250 eorum]
586 4193 697 4240 istomm.
710 4186 741 4234 Α.
828 4185 847 4216 ¹⁰
864 4183 979 4249 omnino]
991 4184 1056 4240 ideo,
1068 4183 1128 4232 nu.

66 4265 141 4300 secun
199 4264 296 4299 manus.

107 4348 292 4393 baratonus,
599 4353 618 4393 R
