2864 4836
137 335 157 383 1
480 321 938 384 PROLEGOMENA.

135 481 662 561 plmimumbctudifficilioressunt
704 483 940 558 Quamobrem
957 480 1286 550 lmudmirandumest,

136 587 1316 667 pnnmoebominesdoeonenmndentumoognoeoerewssentex'

135 697 279 776 'l'rialogo
292 699 323 757 in
336 699 438 775 primis
451 699 593 759 hausisse.

175 805 275 864 Altera
301 823 340 863 ex
364 815 446 881 parte
469 805 517 864 bic
540 805 613 864 liber
636 805 822 882 dialogorum
846 806 907 863 sive
932 802 1091 880 Trlalogus
1118 802 1168 861 sui
1194 800 1287 878 ipsius

135 909 501 989 oeusadignusestqui
526 910 930 989 lontisinstarpotissimum
955 907 1083 968 adeatur.
1125 905 1333 995 Postremis¹

135 1016 304 1075 enimvitae
323 1017 407 1076 annis
426 1019 464 1077 ab
482 1029 601 1077 auctore
620 1019 804 1094 compositus
822 1022 1180 1092 summoperematurum
1198 1012 1287 1072 animi
1331 998 1333 1060 ἰ

136 1119 1333 1241 ejusfruetumpraeselert,atqueuiaerrationeprooedeusuniveraae1

136 1228 203 1305 ejus
222 1227 373 1288 doctrinae
392 1247 539 1289 summam
552 1231 633 1289 brevi
647 1231 732 1308 quasi
746 1228 927 1306 compendio
940 1226 1154 1304 complectitur.
1194 1224 1290 1302 Igitur·
1331 1254 1333 1289 ι

136 1350 207 1392 cnm
227 1334 291 1393 libri
311 1336 403 1412 ipsius
423 1336 601 1413 praestantia
619 1345 683 1394 tum
703 1335 794 1395 editio
816 1335 881 1412 ejus
899 1334 1005 1409 integri
1024 1341 1139 1391 mamre
1160 1328 1240 1391 lacta
1258 1331 1287 1390 iu

137 1456 230 1500 muta
250 1439 311 1512 luit,
331 1458 383 1500 eur
400 1459 437 1500 ex
456 1440 513 1501 hoc
534 1442 720 1520 potissimum
738 1460 773 1500 ac
794 1441 853 1501 lere
875 1440 941 1500 solo
960 1439 1035 1499 inter
1053 1455 1163 1497 omues
1181 1436 1286 1498 Wrelifi

137 1543 228 1627 libros
241 1544 377 1605 homiues
390 1545 493 1605 literati
506 1549 590 1624 quasi
603 1567 641 1608 ex
655 1547 737 1608 sonte
751 1549 851 1626 aliquo
864 1547 1017 1624 hueusque
1031 1545 1191 1629 haurirent,
1331 1531 1333 1541 '

179 1651 247 1730 Jam
266 1652 304 1711 ad
322 1653 427 1713 librum
446 1654 543 1730 ipsum
561 1657 683 1732 propius
702 1656 885 1726 accedentes,
899 1672 960 1733 quo
976 1642 1117 1729 temporis
1130 1649 1287 1711 momento

139 1762 323 1839 conscriptus
342 1762 387 1834 sit,
407 1779 551 1834 eruamus,
570 1772 776 1840 argumentum
797 1773 827 1822 et
847 1763 972 1821 sormam
990 1761 1056 1838 ejus
1076 1759 1286 1828 describamus,
1331 1764 1333 1849 l

37 1885 41 1893 ·
138 1868 210 1945 quid
224 1868 261 1929 de
276 1886 314 1928 eo
325 1868 520 1945 judicandum
534 1869 579 1940 sit,
593 1869 753 1930 videamus.
1331 1865 1333 1875 '

687 2153 737 2221 A.

181 2311 228 2371 De
240 2318 363 2389 tempere,
376 2329 437 2389 quo
457 2313 528 2372 liber
548 2285 732 2389 conscriptus
752 2314 796 2382 sit,
816 2311 895 2371 haud
914 2312 1051 2370 omnibus
1070 2319 1198 2381 constat,
1215 2307 1289 2368 Tar·
1331 2240 1333 2361 l

142 2436 227 2477 rurus
246 2417 373 2496 quidem,
395 2419 438 2477 vir
456 2420 640 2491 clarissimus,
660 2419 832 2496 Trialogum
851 2420 925 2477 inter
944 2434 1040 2477 annos
1062 2430 1138 2492 1371
1158 2427 1191 2476 et
1212 2428 1285 2493 1377

141 2526 281 2602 scriptum
295 2544 368 2596 esse,
382 2526 449 2586 loeo
463 2526 592 2604 quodam
606 2527 669 2585 libri
684 2525 737 2584 IV.
751 2544 777 2585 c.
793 2527 831 2601 36
847 2524 951 2585 ductus
964 2532 1095 2584 autumat
1110 2520 1295 2602 (Hesteryos

140 2627 281 2707 England
290 2631 397 2707 during
409 2630 453 2687 the
464 2629 576 2688 llleildle
588 2629 673 2707 Ager,
688 2632 775 2704 1830,
786 2629 823 2688 V.
842 2632 922 2704 181).
964 2628 1026 2687 Illic
1035 2628 1114 2686 enim
1124 2627 1287 2687 secundum

141 2738 300 2798 editionem
319 2728 479 2815 principem
494 2739 567 2798 haec
580 2738 730 2816 leguntur:
761 2737 890 2795 ‘videtur
906 2736 1104 2815 quodsrutrrs
1120 2736 1288 2812 generaliter

136 2854 194 2922 pro
205 2863 279 2903 anno
291 2845 399 2902 dome'rn'
408 2843 564 2903 Mllcsr'mo
576 2846 771 2922 septuagesimo
783 2845 898 2903 secundo
911 2849 1030 2902 recenter
1042 2849 1069 2900 e!
1073 2842 1288 2918 paetereunter
1331 2832 1333 2841 ¹

142 2949 174 3008 in
187 2968 237 3008 ruo
249 2950 363 3008 conee'lrb
375 2957 466 3008 terrae
478 2956 565 3010 molus
577 2951 741 3036 Laudanda,
755 2951 982 3010 intoxe'caverant
993 2967 1107 3026 regmen
1121 2950 1266 3008 nostrum!

184 3052 251 3132 Jam
271 3052 415 3113 Turnerue
433 3056 495 3133 ipse
516 3067 592 3117 recte
606 3057 683 3128 vidit,
703 3058 734 3117 in
754 3075 877 3116 numero
898 3058 966 3117 anni
986 3072 1126 3132 expresso
1146 3056 1288 3139 omissum

142 3177 208 3222 esse
228 3160 401 3219 voeabulum
423 3163 662 3234 ‘trecenteslmo,'
687 3173 716 3222 et
740 3163 797 3222 hoc
821 3163 887 3239 ipso
911 3180 948 3221 ex
968 3159 1036 3221 loco
1054 3161 1119 3237 jure
1139 3177 1196 3219 suo
1217 3178 1287 3221 con·

143 3265 235 3338 clusit,
250 3266 422 3344 Trialogum
442 3285 504 3325 non
525 3279 592 3328 ante
613 3287 723 3329 annum
748 3283 824 3344 1371
846 3269 984 3345 scriptum
1004 3284 1077 3327 esse.
1119 3264 1179 3325 Sed
1195 3267 1288 3327 vimn

143 3371 344 3434 doctissimum
362 3373 392 3433 in
411 3374 534 3433 termino
548 3376 701 3451 posteriori
718 3373 873 3434 statuendo
887 3374 1034 3444 erravisse,
1048 3373 1107 3432 hoc
1120 3381 1164 3442 est
1183 3373 1288 3433 libmm

143 3479 230 3538 istum
243 3490 312 3557 post
325 3499 434 3540 aunum
452 3495 528 3556 1377
544 3481 653 3541 editum
667 3500 739 3553 esse,
754 3481 838 3559 plura
850 3490 918 3540 sunt
931 3498 1007 3558 quae
1021 3480 1224 3556 comprobent

186 3585 315 3645 Primum
342 3589 421 3646 enim
449 3588 485 3648 de
510 3587 649 3647 ‘Roberto
676 3586 852 3648 Ge'lbonensi'
876 3605 938 3647 non
962 3585 1052 3646 semel
1077 3584 1142 3666 (IV.
1164 3589 1214 3661 36,
1238 3584 1289 3665 37)

145 3708 242 3752 sermo
255 3701 307 3761 est,
322 3693 429 3752 scilieet
442 3691 478 3753 de
493 3693 639 3755 Cardinali
657 3695 788 3756 Roberto
806 3694 981 3765 Genevensi,
995 3695 1046 3770 qui
1064 3695 1102 3754 ab
1120 3693 1290 3754 adversariis

146 3795 257 3858 Urbani
271 3795 324 3856 VI.
339 3815 432 3874 papae
451 3816 530 3857 anno
551 3805 627 3875 1378
645 3802 753 3862 electus
768 3802 950 3862 Clementem
963 3800 1033 3860 VII.
1053 3818 1084 3860 se
1103 3801 1290 3878 nuncupent

145 3902 232 3965 Unde
246 3902 347 3974 elucet,
363 3902 466 3963 librum
485 3914 552 3980 post
571 3917 705 3966 exortum
726 3909 853 3968 schisma
872 3925 1013 3984 magnum
1032 3906 1220 3977 occidentale,
1234 3924 1291 3968 nec

145 4020 212 4071 ante
226 4028 337 4070 annum
355 4015 431 4086 1378
446 4010 612 4092 conlectum
626 4030 698 4073 esse.

185 4112 299 4176 Deinde
318 4117 348 4174 in
366 4116 496 4194 plurimis
515 4117 645 4196 Trialogi
663 4118 736 4180 locis
753 4119 886 4179 doctrina
904 4118 951 4178 illa
971 4118 1110 4178 ecclesiae
1126 4114 1291 4188 Romanae,

146 4237 222 4297 quae
242 4222 601 4285 ‘transsubstantiatum'
615 4227 647 4285 in
665 4245 747 4287 sacra
766 4244 859 4286 coena
874 4225 934 4285 lieri
953 4225 1093 4303 perbibet,
1107 4242 1291 4285 commemo·
