2864 4836
140 448 241 494 cana
513 425 856 488 TRIALOGUS.

137 588 281 647 veritates
308 588 381 648 aliae
408 589 593 665 temporales.
634 588 673 647 Et
700 591 777 648 tertii
805 589 881 646 modo
908 589 1049 647 famosius
1076 606 1137 666 quo
1166 587 1204 647 ad

136 685 250 763 vulgus
271 687 366 762 signat
386 697 579 764 aggregatum
600 706 637 746 ex
659 687 810 746 codicibus
825 687 897 762 legis
916 686 973 744 Dei
987 697 1017 745 et
1034 705 1070 744 ex
1086 687 1204 745 veritate

139 799 237 859 quam
251 782 332 843 Deus
353 786 424 860 ipsis
445 785 584 860 imponit;
615 786 667 844 sed
688 785 746 843 hoc
767 785 879 844 nudum
899 786 1037 862 scriptum
1056 785 1204 844 materiale

141 898 212 940 non
224 880 313 941 didici
325 899 430 943 vocare
451 883 622 958 scripturam
642 901 764 953 sacram,
779 884 846 959 quia
865 883 903 940 illi
919 883 1036 942 codices
1056 901 1118 941 non
1138 893 1205 940 sunt

140 978 231 1050 sacri,
245 980 301 1038 uisi
322 980 377 1039 illis
398 981 467 1040 assit
488 981 632 1039 sententia
653 1000 744 1040 sacra.
786 981 824 1040 Et
845 981 928 1039 tunc¹
944 981 1074 1057 intelligo
1096 982 1205 1057 simpli-

143 1076 228 1146 citer,
242 1088 434 1153 aggregatum
448 1095 485 1136 ex
499 1079 553 1136 illis
568 1079 718 1138 codicibus
732 1089 760 1137 et
775 1097 858 1138 sacra
872 1080 1015 1137 sententia
1035 1097 1099 1138 esse
1115 1079 1205 1156 scrip-

142 1183 244 1234 turam
257 1192 377 1234 sacram
422 1175 460 1234 Et
474 1177 542 1251 quia
555 1178 610 1235 ista
623 1177 706 1235 tertia
720 1177 893 1253 significatio
908 1187 952 1235 est
972 1176 1121 1248 famosior,
1137 1177 1204 1235 ideo

143 1271 304 1348 loquamur
318 1274 480 1349 specialiter
494 1274 531 1332 de
544 1275 600 1345 illa,
615 1284 724 1349 quanta
737 1275 773 1334 sit
786 1275 850 1351 ejus
868 1275 1023 1334 auctoritas
1042 1284 1070 1333 et
1085 1275 1205 1333 firmitas

144 1371 283 1429 veritatis.
327 1369 391 1430 Nec
404 1382 449 1430 est
466 1372 504 1430 ad
518 1373 702 1448 propositum
715 1372 795 1449 loqui
811 1370 847 1430 de
867 1371 1038 1430 excellentia
1057 1372 1204 1441 codicum,

146 1485 219 1528 cum
229 1467 269 1526 illi
282 1469 313 1526 in
327 1480 428 1528 natura
439 1487 491 1527 sua
502 1469 580 1527 libris
593 1469 783 1529 mendacibus
798 1470 991 1528 communiter
1002 1479 1069 1527 sunt
1079 1470 1204 1547 pejores,

147 1583 207 1625 nec
227 1576 294 1625 sunt
314 1568 411 1642 potius
425 1568 567 1643 scriptura
588 1586 671 1627 sacra
691 1585 781 1644 quam
802 1566 946 1644 quaelibet
965 1566 1021 1625 alia
1040 1566 1203 1644 scriptura⁹,

147 1681 219 1723 cum
233 1663 318 1722 beata
332 1663 460 1723 Trinitas
475 1665 632 1741 scripturae
646 1666 762 1724 cuilibet
776 1667 812 1724 sit
826 1664 926 1740 illapsa
934 1684 942 1736 ;
968 1674 996 1722 et
1010 1675 1079 1723 ωηο
1093 1665 1205 1723 videtur

147 1760 231 1832 mihi,
246 1761 336 1820 sicut³
350 1762 500 1821 conclusio
521 1773 570 1821 tua
589 1764 672 1821 tertia
691 1763 852 1832 sententiat,
869 1761 949 1838 quod
969 1764 1110 1837 scriptura
1124 1779 1205 1820 sacra

147 1861 187 1920 sit
200 1858 344 1918 infinitum
360 1861 454 1936 magis
469 1861 613 1919 autentica
627 1870 655 1919 et
670 1859 823 1929 credenda,
838 1875 928 1935 quam
941 1875 1135 1934 quaecunque
1150 1858 1205 1916 alia

147 1956 335 2033 assignanda,
351 1959 419 2034 quia
439 1969 471 2016 ut
491 1969 593 2017 auctor
606 1958 758 2035 proximus
779 1956 817 2014 ad
838 1967 996 2026 auctorem,
1012 1956 1053 2014 sic
1075 1954 1146 2014 liber
1166 1956 1204 2015 ad

146 2054 271 2126 librum;
293 2055 344 2114 sed
358 2074 395 2114 ex
409 2055 467 2115 fide
482 2055 622 2126 Christus,
637 2067 737 2114 auctor
752 2054 904 2131 proximus
922 2054 1079 2129 scripturae
1094 2071 1203 2124 sacrae,

146 2162 194 2212 est
211 2153 355 2212 infinitum
373 2154 568 2231 praestantior
581 2171 670 2229 quam
689 2153 780 2211 homo
802 2152 882 2221 alius,
897 2169 969 2228 ergo
990 2152 1061 2209 liber
1076 2170 1145 2210 suus
1159 2151 1204 2209 vel

147 2251 299 2328 scriptura,
314 2269 389 2327 quae
403 2262 447 2310 est
461 2251 508 2309 lex
523 2269 583 2321 sua,
598 2250 882 2328 proportionabiliter
896 2267 927 2309 se
943 2250 1029 2308 habet
1044 2249 1081 2308 ad
1102 2268 1204 2327 quam·

147 2364 266 2425 cunque
288 2348 374 2407 aliam
398 2348 613 2425 assignandam.
656 2348 743 2407 Unde
765 2349 885 2425 scripta*
906 2349 1028 2407 aliorum
1052 2348 1204 2406 doctorum

147 2464 334 2522 magnorum,
349 2436 607 2525 quantumcunque
626 2466 702 2518 vera,
722 2448 854 2506 dicuntur
877 2447 1045 2523 apocrypha
1064 2465 1119 2505 nec
1139 2456 1205 2505 sunt

148 2543 304 2616 credenda,
332 2545 385 2604 nisi
414 2545 450 2604 de
476 2556 585 2622 quanto
610 2546 641 2603 in
669 2545 809 2621 scriptura
833 2543 955 2602 Domini
984 2555 1051 2602 sunt
1075 2542 1204 2602 fundata.

147 2641 387 2702 Fundamentum
402 2653 498 2702 autem
512 2644 593 2702 istius
608 2643 744 2701 materiae
757 2653 801 2701 est
816 2642 888 2700 fides
906 2641 1055 2711 ecclesiae,
1070 2660 1128 2719 qua
1143 2662 1204 2700 cre-

148 2740 257 2812 dimus,
278 2741 360 2819 quod
382 2739 513 2800 Christus
527 2740 609 2799 Deus
630 2751 658 2799 et
679 2740 770 2799 homo
791 2739 844 2799 luit
867 2740 1041 2811 incarnatus,
1064 2751 1092 2798 et
1114 2741 1204 2800 modo

148 2857 210 2918 quo
233 2849 330 2898 narrat
354 2839 538 2916 evangelium
566 2858 633 2898 curn
662 2839 831 2898 hominibus
855 2849 1050 2909 conversatus,
1072 2849 1100 2896 et
1125 2839 1204 2916 quod

148 2939 262 2999 scribas
281 2957 351 2998 suos
368 2938 576 3015 evangelistas⁵
591 2939 629 2997 ad
647 2939 828 2998 exarandum
842 2938 938 3013 legem
953 2935 1059 2996 Christi
1073 2949 1102 2995 et
1116 2936 1204 2996 fidem

148 3035 323 3097 catholicam
344 3037 497 3096 ordinavit.
539 3036 626 3096 Unde
649 3038 694 3095 isti
716 3036 901 3113 particulares
924 3036 1041 3095 codices
1063 3054 1131 3095 cum
1153 3053 1205 3093 sua

149 3151 235 3194 sacra
248 3135 391 3194 sententia
410 3146 477 3194 sunt
496 3135 634 3211 implicite
654 3135 727 3193 fides
742 3136 907 3211 scripturae,
922 3134 996 3192 sicut
1010 3144 1053 3192 est
1068 3132 1204 3208 implicite

149 3232 224 3290 fides
237 3231 386 3303 ecclesiae,
398 3233 478 3308 quod
489 3234 543 3291 ista
555 3244 665 3292 sacrata
676 3232 770 3291 hostia
784 3233 820 3291 sit
833 3233 947 3290 realiter
961 3249 1067 3307 corpus
1080 3229 1185 3289 Christi
1197 3255 1203 3296 ;

149 3329 219 3406 quia
233 3330 384 3404 supposita
397 3330 515 3389 veritate
530 3331 681 3406 suppositi,
696 3330 777 3406 quod
792 3348 881 3406 saepe
897 3329 1000 3396 evenit,
1015 3339 1084 3386 tunc
1100 3329 1204 3398 estha,

149 3437 179 3486 et
204 3427 356 3503 supposita
377 3426 498 3487 salsitate
524 3429 627 3486 narrati
653 3439 721 3486 tunc
743 3437 839 3502 potest
860 3444 923 3485 esse
946 3424 1047 3495 illusio,
1066 3426 1154 3485 sicut⁶
1176 3426 1205 3482 in

149 3525 214 3583 aliis
234 3526 325 3601 signis
346 3526 529 3584 sensibilibus
551 3527 666 3601 saepius
687 3533 784 3600 potest
805 3542 879 3582 esse.
923 3522 961 3579 Et
980 3540 1017 3581 ex
1036 3524 1096 3582 istis
1117 3533 1204 3600 patet,

150 3622 233 3699 quod
261 3624 402 3699 scriptura
427 3642 510 3683 sacra
534 3626 570 3682 sit
595 3623 744 3681 verissima
769 3623 931 3682 secundum
956 3622 1114 3699 quamlibet
1142 3622 1205 3698 ejus

149 3729 271 3796 partem,
293 3721 362 3796 quia
383 3721 406 3779 si
429 3723 464 3780 sit
486 3723 627 3797 scriptura
648 3738 738 3790 sacra,
754 3730 823 3779 tunc
844 3720 933 3778 habet
955 3739 1008 3796 pro
1031 3738 1119 3778 sensu
1137 3737 1205 3777 sen-

149 3818 269 3876 tentiam
284 3816 355 3894 Jesu
370 3818 486 3888 Christi,
500 3830 530 3877 et
543 3820 588 3878 ille
603 3837 665 3877 non
685 3830 781 3895 potest
799 3837 865 3877 esse
884 3818 972 3879 salsus
994 3836 1049 3877 nec
1063 3817 1206 3893 aliquem⁷

139 3977 143 3985 ¹
182 4006 191 4036 ¹
209 4007 279 4068 tunc]
290 4006 373 4061 etiam.
385 4007 415 4056 C.
429 4006 550 4056 secundae
562 4022 656 4055 manus.
778 4006 787 4033 ²
804 4007 935 4071 scriptura]
947 4022 996 4055 om.
1010 4005 1105 4055 A.B.C.
1116 4005 1154 4054 ed.
1168 4020 1204 4069 pr.

148 4070 158 4098 ³
175 4069 251 4146 sicut]
263 4071 330 4134 quod
342 4072 413 4128 sicut,
426 4071 454 4121 B.
466 4072 560 4135 primae
571 4087 666 4126 manus,
679 4072 717 4121 ed.
730 4087 766 4136 pr.
892 4071 902 4099 ⁴
918 4070 1023 4186 scriptag
1035 4070 1163 4136 scriptura.
1176 4069 1204 4118 B.

149 4150 245 4200 primae
256 4151 352 4191 manus.
363 4136 402 4186 ed.
414 4153 451 4201 pr.
549 4137 559 4166 ⁸
575 4136 750 4201 evangelistas]
763 4135 926 4200 evangelicos,
938 4136 1000 4184 AB.

1102 4136 1112 4164 ,
1143 4137 1147 4146 .

150 4200 382 4258 simmaea
399 4203 533 4266 stedpr.
630 4201 775 4267 ianquem]
788 4200 888 4265 aliquid,
900 4202 985 4265 edpr.
1026 4172 1032 4185 ·
1129 4135 1203 4199 sicut]
