2864 4836
490 416 756 496 JOANNIS
797 419 1015 482 WICLIF
1193 441 1277 478 uam

265 578 432 639 Firmani.
475 578 617 639 Moveris¹
637 579 834 658 probabiliter,
854 581 997 658 licet-ego
1016 598 1089 640 cum
1107 580 1186 640 meis
1206 577 1275 639 sinn·-

225 676 301 736 libus
328 676 502 736 recalcitravi
535 677 650 753 saepius
683 687 786 739 contra
818 679 903 738 istam
931 681 1112 738 sententiam
1145 689 1276 756 tanquan

226 792 340 833 summe
352 773 527 834 haereticam
538 785 567 834 et
577 775 739 837 libertatem
750 775 807 835 Dei
820 778 937 855 penitus
951 777 1178 852 extinguentem
1185 794 1196 848 3
1215 774 1274 835 ideo

225 873 338 931 bonum
358 884 402 932 est
423 872 461 931 ad
481 883 596 950 tempus
617 873 838 934 conclusionem
860 875 946 934 istam
968 892 1037 933 cum
1061 868 1277 934 moderatiom¹

226 970 376 1029 subticere.
417 969 628 1030 Verumtamen
642 972 690 1030 illa
707 990 848 1032 concessa
867 990 994 1049 sequens
1014 981 1068 1043 est,
1083 972 1170 1049 quod
1183 970 1275 1032 omu'n
1318 972 1320 995 ³

225 1077 346 1145 peccata
360 1068 462 1128 mundi
476 1069 513 1127 de
527 1071 699 1128 necessitate
713 1071 849 1129 eveniunt
854 1069 872 1141 ³,
887 1080 916 1129 et
929 1087 982 1146 per
996 1086 1189 1146 consequens
1202 1066 1273 1145 quod

225 1182 329 1224 omnes
349 1176 518 1242 peccatores
539 1167 702 1226 secundum
723 1166 856 1238 iormam,
879 1168 984 1244 quam⁴
997 1166 1081 1226 Deus
1103 1167 1275 1236 decreverat,

225 1265 388 1340 punientur,
404 1274 433 1324 et
446 1275 540 1323 totum
561 1264 619 1324 hoc
632 1264 701 1323 iacit
722 1264 760 1323 ad
777 1265 1020 1340 pulchritudinem
1041 1264 1181 1325 universi
1222 1263 1275 1324 Sed

225 1361 397 1421 dimittendo
425 1363 512 1421 istam
540 1363 699 1434 materiam,
724 1363 855 1423 notanda
881 1372 927 1422 est
950 1363 1089 1422 daiam
1118 1360 1275 1422 casmaatt

224 1459 331 1536 Aliqua
352 1461 431 1518 enim
452 1469 496 1520 est
517 1461 633 1520 castitas
651 1461 797 1537 virginalis
817 1479 893 1538 quae
913 1471 1033 1520 vocatur
1053 1459 1278 1536 virginisque

223 1566 268 1616 est
281 1559 397 1617 castitas
411 1558 581 1635 conjugalis,
596 1559 652 1618 alia
665 1558 787 1618 vidualis
801 1568 831 1618 et
843 1559 899 1618 alia
912 1558 1084 1636 generaliter
1098 1569 1145 1618 est
1158 1559 1270 1618 castitas

225 1673 283 1732 qua
293 1656 358 1732 quis
368 1655 495 1715 virtuose
510 1674 541 1715 se
557 1657 712 1716 contineta
725 1668 848 1734 peceato
858 1657 996 1727 luxuriae,
1005 1655 1273 1733 quomodocunque

225 1754 256 1811 in
270 1753 492 1812 circumstantiis
507 1752 591 1813 suerit
606 1754 737 1813 variatus
780 1752 866 1813 Haec
877 1763 975 1812 autem
985 1753 1074 1812 virtus
1085 1753 1229 1814 castitatis
1240 1751 1278 1811 di·

226 1851 299 1909 citur
313 1849 478 1923 caelibatus,
494 1851 562 1928 quia
583 1852 659 1911 beati
681 1852 712 1910 in
733 1851 818 1912 coelo
839 1869 901 1910 non
922 1861 1069 1910 tentantur
1082 1861 1211 1928 peccato
1229 1848 1279 1912 ubi

227 1949 375 2025 opposito,
398 1947 451 2008 sed
472 1948 608 2008 dicuntur
623 1948 778 2026 ‘virgines'
796 1950 1065 2027 quomodocunque
1085 1949 1152 2010 bic·
1172 1950 1279 2010 luxum

227 2045 332 2105 fuerint
346 2045 498 2121 maculati;
532 2064 637 2106 omnes
656 2048 736 2106 enim
756 2048 809 2118 isti,
828 2058 860 2106 ut
875 2048 978 2107 dicitur
991 2046 1115 2124 Apocal
1135 2048 1205 2119 xiv,
1223 2053 1280 2107 ‘ae-

227 2152 349 2218 quentes
364 2160 474 2220 agnum
491 2152 559 2203 sunt
573 2144 706 2221 virgines,
723 2144 794 2203 dum
813 2162 882 2202 cum
900 2143 1067 2203 mulieribus
1086 2161 1150 2204 nou
1169 2143 1281 2204 fluerunt

227 2257 320 2317 usque
341 2240 379 2299 ad
400 2250 525 2300 mortem
546 2241 742 2318 coinquinati,’
758 2242 810 2301 sed
824 2260 842 2300 a
857 2242 1045 2302 damnatione
1066 2252 1213 2319 perpetua
1231 2258 1280 2319 per

228 2337 374 2397 Christum
398 2349 427 2397 et
451 2350 575 2398 matrem
600 2357 684 2398 suam
708 2340 833 2416 virgines
857 2339 1040 2416 praeservati.
1094 2337 1176 2399 Sicut
1203 2342 1280 2400 enim

227 2447 319 2495 mater
332 2433 439 2495 Christi
453 2445 497 2495 est
515 2437 596 2512 virgo
616 2436 749 2508 secunda,
765 2439 807 2496 sie
826 2436 1008 2514 triumphans
1026 2436 1152 2496 ecclesia
1174 2454 1281 2515 sponsa

229 2553 288 2594 sua.
331 2533 395 2592 Nec
421 2535 542 2593 dubium
566 2535 637 2611 quin
662 2535 704 2593 vir
728 2536 894 2611 quicunque
924 2536 971 2594 cui
996 2534 1136 2611 placuerit
1161 2555 1181 2594 a
1204 2532 1281 2595 Deo'

229 2632 387 2708 suffragari,
410 2632 496 2691 habet
521 2632 711 2691 sufficientem
734 2634 896 2709 potentiam
919 2642 948 2691 et
972 2633 1069 2692 media
1092 2634 1163 2692 satis
1187 2633 1280 2710 dispo·

230 2731 327 2787 nentia
342 2730 379 2788 ad
393 2729 536 2788 luxuriam
550 2730 793 2806 praecavendum.
835 2730 940 2807 Fugiat
958 2742 1056 2791 autem
1074 2732 1199 2791 omnino
1215 2749 1282 2791 con·

145 2832 147 2836 ’
229 2828 349 2885 sortium
377 2845 520 2903 personae
545 2827 589 2886 vel
615 2829 765 2904 suppositi,
792 2845 852 2904 quo
878 2839 979 2905 posset
1002 2829 1032 2887 in
1059 2829 1115 2887 isto
1141 2830 1231 2899 abuti,
1255 2837 1281 2886 et

229 2924 351 2982 omnino
366 2926 541 2984 abstineata
558 2926 676 2996 cibario,
694 2944 731 2983 ne
751 2943 857 3001 corpus
877 2943 963 2984 suum
982 2926 1020 2984 ad
1040 2927 1282 2986 commissionem

228 3022 313 3099 hujus
335 3023 462 3081 criminis
487 3024 523 3081 sit
548 3021 743 3098 spumosum⁸.
795 3023 868 3091 Ideo
894 3033 993 3082 caveat
1018 3023 1206 3082 damnandus
1231 3040 1282 3100 pro

229 3121 285 3179 hoc
301 3121 420 3179 crimine
434 3120 471 3179 de
491 3121 593 3180 mediis
614 3121 651 3179 ad
666 3122 763 3197 ipsum
777 3121 1026 3180 necessitantibus.
1069 3120 1200 3193 Quodsi
1216 3122 1283 3181 dicit

230 3219 310 3296 quod
324 3237 443 3277 necesse
458 3229 502 3276 est
516 3218 613 3276 media
627 3218 674 3276 illa
688 3218 768 3295 poni,
784 3217 865 3277 Deus
879 3219 976 3295 ipsum
990 3219 1116 3295 puniens
1136 3236 1199 3277 non
1218 3219 1285 3278 iacit

230 3318 285 3375 sibi
299 3317 441 3392 injuriam,
457 3316 510 3374 sed
524 3316 573 3374 dat
592 3316 646 3374 sibi
661 3335 724 3375 esse
744 3317 917 3375 naturalium
936 3328 964 3376 et
984 3317 1206 3376 damnationem
1225 3328 1284 3377 tam

230 3417 359 3491 corporis
377 3433 464 3491 quarn
485 3415 599 3472 animae
619 3415 786 3491 gratiosam,
801 3433 870 3474 cum
884 3415 965 3473 Deus
987 3433 1049 3474 non
1065 3425 1163 3492 potest
1182 3419 1286 3493 punire

230 3523 389 3570 creaturam
412 3530 503 3582 suam,
518 3513 573 3570 nisi
595 3513 689 3588 ipsam
712 3514 837 3588 punierit
858 3515 994 3588 gratiose.
1036 3513 1110 3573 Ideo
1131 3515 1286 3575 inexcusa-

230 3610 337 3668 biliter⁹
352 3610 554 3668 omnishomo
574 3611 660 3669 debet
680 3611 828 3668 intendere
850 3611 980 3681 castitati,
996 3610 1076 3687 quod
1096 3611 1199 3670 sinon
1219 3613 1287 3673 lacit

230 3709 407 3784 culpabiliter
422 3727 475 3786 pro
491 3727 596 3785 poena,
613 3721 640 3767 et
655 3708 711 3767 Dei
724 3710 834 3786 justitia
853 3727 890 3768 ex
910 3711 1024 3785 integro
1044 3711 1098 3768 erit
1118 3711 1206 3770 salva
1249 3713 1287 3772 Et

264 3881 531 3944 ¹moven's]moneris,
543 3880 581 3929 ed.
595 3896 632 3944 pr.
793 3881 1000 3945 ²moderatione]
1013 3881 1241 3940 moderamine,C.,
1255 3884 1283 3932 B.

229 3946 323 4009 primae
334 3961 428 4003 manus
441 3945 479 3995 cd.
492 3961 528 4010 pr.
655 3945 664 3972 ³
681 3946 809 4011 eveniunt
821 3947 941 4000 evenient.
953 3946 991 3996 ed.
1002 3962 1040 4011 pr.

230 4026 286 4074 qua,
298 4011 335 4060 ed
348 4028 384 4076 pr
488 4011 635 4060 ucastitatis
660 3946 959 4066 charitatisetoastitatis.
971 4013 1010 4062 ed.
1022 4028 1059 4076 pr.
1142 3948 1288 4077 ‘hiffle

230 4076 374 4126 A...BCed
385 4093 422 4140 pn
520 4075 630 4125 'aDco
656 4075 845 4131 DeoadeoC
859 4079 885 4125 B
917 4078 1106 4132 rimaemanus;
1125 4077 1288 4135 DeoaDeo.

231 4141 268 4189 ed.
282 4157 317 4204 pr.
417 4142 475 4189 sit
487 4157 630 4205 spumosum
656 4151 760 4205 spumet,
774 4143 866 4192 ΑΒΟ
912 4159 966 4207 ..pr
1049 4143 1288 4208 'inexcusabilited

232 4206 459 4270 inexpugnabiliter.
471 4207 509 4255 ed.
521 4223 557 4270 pr.

1133 4309 1249 4352 wlcur·
