2864 4836
69 325 630 335 ”mm—*—

135 433 178 512 64

546 433 800 511 formans
826 433 1033 495 rrrcrrr
1247 452 1319 490 aar.

272 594 451 670 significant¹
474 595 664 653 substantiam
686 594 813 654 meram¹
831 613 898 654 cum
919 595 1066 672 qualitate,
1081 593 1140 653 hoc
1161 603 1214 664 est,
1234 609 1320 668 supra

272 693 398 751 divinam
414 694 571 751 essentiam
589 693 632 751 vel
652 712 716 752 esse
736 694 912 769 intelligibile
931 704 1079 752 creaturae
1098 691 1210 751 addunt
1229 689 1319 768 quali-

271 801 369 859 tatem,
394 791 425 848 in
452 791 525 867 qua³
552 809 599 849 res
626 792 690 850 talis
717 793 886 867 producitur
912 794 943 850 in
971 809 1035 850 esse
1060 791 1194 860 existere,
1218 800 1250 848 ut
1274 789 1318 847 isti

271 889 387 947 termini
402 888 509 947 ‘homo
531 890 646 948 animal'
663 908 730 948 cum
752 891 804 948 sibi
825 890 967 949 similibus
988 889 1165 948 connotant⁴
1176 887 1317 947 actualem

271 986 462 1056 existentiam,
477 1005 565 1062 quam
580 987 689 1045 habent
703 1006 739 1046 ex
759 989 906 1047 creatione
926 987 983 1047 Dei
997 986 1035 1046 ad
1049 997 1139 1067 extra,
1153 997 1183 1045 et
1201 987 1243 1045 sic
1257 1002 1317 1042 non

187 1140 194 1149 ,
272 1093 434 1142 connotant
448 1085 511 1161 ipsa
524 1086 708 1161 pronomina.
752 1085 789 1144 Et
803 1086 986 1162 patet‚‚quod
999 1095 1078 1144 totus
1091 1102 1171 1144 error
1184 1085 1214 1142 in
1229 1084 1317 1158 scrip·

271 1192 350 1240 turae
369 1199 468 1241 sacrae
488 1184 598 1254 notitia,
613 1194 641 1242 et
656 1202 745 1259 quare
764 1183 870 1242 idiotae
889 1184 983 1260 ipsam
998 1185 1039 1242 sic
1053 1183 1217 1260 turpificant
1231 1192 1317 1258 atque

272 1278 450 1350 falsificant,
469 1290 514 1338 est
534 1299 570 1339 ex
590 1283 795 1357 grammaticae
815 1292 844 1340 et
863 1282 978 1357 logicae
997 1282 1179 1358 ignorantia3
1210 1290 1239 1338 et
1262 1279 1317 1338 nisi

270 1377 351 1437 Deus
366 1378 505 1454 adjuverit
520 1378 558 1437 ad
576 1380 631 1438 ista
645 1379 809 1439 rudimenta
824 1379 891 1439 fidei
905 1378 1121 1456 cognoscenda,
1136 1377 1209 1437 fides
1226 1377 1316 1453 scrip

270 1486 350 1534 turae
364 1476 418 1534 erit
431 1477 553 1535 nimium
567 1478 747 1553 parvipensa.

310 1572 392 1632 Patet
421 1576 535 1632 secundo
565 1576 668 1633 veritas
699 1553 868 1647 sententiae,
899 1593 989 1652 quam
1020 1575 1199 1650 Augusttirur
1229 1590 1317 1650 saepe

269 1671 402 1741 inculcat,
417 1673 532 1743 scilicet,
547 1673 665 1748 quodsi
685 1674 781 1749 aliqua
800 1675 837 1732 sit
856 1676 968 1743 veritas,
983 1673 1046 1749 ipsa
1059 1682 1104 1731 est
1117 1673 1147 1730 in
1167 1672 1316 1747 scriptura

270 1767 357 1827 Nulla
378 1770 495 1845 quidem
518 1782 561 1830 est
582 1772 722 1829 subtilitas
744 1773 773 1830 in
794 1772 992 1848 grammatica,
1015 1769 1060 1828 in⁶
1079 1770 1176 1846 logica
1196 1768 1243 1826 vel
1263 1767 1318 1826 alia

269 1868 389 1926 scientia
407 1869 597 1939 nominanda,
612 1871 682 1945 quin
701 1871 737 1927 sit
756 1870 943 1928 excellentius
960 1870 991 1927 in
1010 1869 1157 1944 scriptura
1199 1865 1238 1925 Et
1252 1866 1319 1924 licet

269 1983 357 2024 voces
376 1977 425 2025 aut
444 1967 624 2026 characteres
645 1967 715 2025 tales
736 1955 1056 2043 deficiunt‚'seriptura²
1076 1965 1225 2024 tamenin
1244 1964 1317 2023 libro

269 2064 343 2121 vitae
364 2082 426 2122 non
448 2074 544 2139 potest
563 2064 695 2135 deficere,
710 2066 786 2141 quia,
805 2075 837 2122 ut
851 2076 971 2124 testatur
984 2063 1096 2122 subtilis
1117 2060 1317 2138 evangelistu⁸‚

268 2178 329 2218 non
344 2171 440 2236 potest
455 2162 526 2220 solvi
542 2164 682 2239 scriptura
693 2181 782 2239 quam
792 2173 874 2239 pater
884 2162 1079 2222 sanctificavit.
1122 2159 1206 2232 Quis,
1218 2159 1317 2236 rogo‘,

268 2268 364 2334 potest
378 2259 488 2318 solvere
504 2261 720 2319 connexionem
735 2261 886 2319 veritatum
900 2258 1066 2336 hujusmodi
1080 2259 1282 2344 aeternamm?

309 2355 346 2412 Et
366 2366 445 2431 patet
466 2360 552 2427 tertii),
577 2358 730 2434 quomodo
752 2368 821 2417 sunt
842 2357 972 2418 solvendi
995 2358 1130 2433 objectus
1149 2374 1316 2433 puerorum,

267 2454 316 2529 qui
331 2465 433 2530 putant
449 2473 484 2512 ex
501 2457 555 2513 ista
569 2457 696 2527 scientia,
712 2456 792 2532 quod
812 2439 909 2515 omnis
927 2457 1018 2515 homo
1035 2466 1064 2514 et
1077 2455 1225 2532 quaelibet
1238 2473 1317 2514 crea·

267 2562 330 2613 tura
345 2553 380 2610 sit
391 2552 473 2612 Deus
487 2555 559 2630 ipse,
572 2555 641 2629 quia
651 2555 708 2612 vita
722 2555 823 2629 prima.
866 2553 944 2611 Nam
956 2556 979 2612 si
991 2553 1048 2611 hoc
1063 2564 1115 2622 est,
1130 2553 1188 2611 hoc
1202 2564 1247 2611 est
1262 2555 1318 2610 vita

267 2652 367 2725 prima,
383 2652 431 2709 ie.
443 2651 534 2722 Deus,
549 2652 593 2711 vel
612 2653 708 2710 divina
727 2653 876 2728 sapientia.
918 2651 956 2710 Et
969 2651 1026 2710 hoc
1040 2660 1084 2710 est
1097 2650 1190 2709 homo
1203 2650 1251 2709 vel
1264 2651 1318 2710 alia

268 2749 452 2808 nominabilis
468 2761 606 2820 creatura,
621 2768 692 2825 ergo
708 2769 770 2808 non
784 2750 907 2827 potest¹⁰
925 2768 988 2808 esse
1004 2749 1094 2808 homo
1108 2748 1154 2807 vel
1168 2748 1224 2807 alia
1238 2767 1316 2808 crea·

268 2856 339 2914 tura,
365 2847 420 2904 nisi
445 2846 529 2905 luerit
553 2849 609 2905 vita
634 2849 736 2923 prima.
790 2847 915 2925 Oportet
943 2849 1021 2906 enim
1046 2864 1213 2923 supponere
1236 2848 1319 2924 juxta

267 2944 445 3018 praedictam
460 2947 689 3019 grammaticam,
701 2944 781 3022 quod
792 2948 921 3015 nomina,
937 2945 1028 3003 modo
1044 2963 1104 3022 quo
1118 2945 1232 3016 dicitur,
1246 2963 1318 3005 con·

267 3050 370 3098 notant
398 3042 574 3117 qualitatem,
602 3044 779 3118 pronomina
807 3054 902 3101 autern
933 3043 1098 3118 significant
1125 3044 1318 3102 substantiam

268 3156 388 3208 meram,
404 3149 432 3196 et
455 3140 496 3198 sic
515 3152 560 3199 est
579 3142 759 3198 extraneatio
780 3141 997 3216 significationis
1018 3149 1045 3198 et
1064 3142 1276 3216 suppositionis
1290 3142 1319 3199 in

268 3235 394 3294 illatione
420 3237 469 3295 tali
493 3248 597 3298 vocata
622 3238 806 3313 expositoria
856 3239 894 3296 Et
919 3249 998 3314 patet
1023 3257 1059 3296 ex
1080 3239 1177 3314 posita
1196 3241 1318 3309 ratione,

267 3335 419 3411 quomodo
442 3336 565 3411 pueriles
587 3337 751 3411 turpissime
772 3336 976 3412 paralogisant‚
991 3347 1023 3395 ut
1044 3337 1068 3395 si
1089 3336 1147 3395 hoc
1169 3337 1205 3396 sit
1226 3350 1319 3397 aeter·

199 3427 206 3442 ‘
267 3451 346 3503 num,
362 3434 429 3510 quia
451 3434 612 3492 secundum
634 3453 698 3492 esse
720 3452 805 3492 suum
828 3434 1002 3510 intelligibile
1024 3444 1110 3510 atque
1131 3435 1268 3510 primum,
1289 3447 1319 3496 et

267 3529 323 3587 hoc
348 3542 390 3589 est
412 3533 464 3589 iste
486 3532 586 3602 homo,
608 3533 676 3608 quia
698 3533 812 3590 inesse
834 3550 888 3590 suo
909 3535 1032 3591 existere
1054 3533 1216 3592 secundum
1238 3534 1319 3612 quod

267 3639 379 3686 creatur
394 3648 411 3686 a
425 3628 500 3699 Deo,
515 3648 586 3706 ergo
600 3631 654 3689 iste
670 3630 761 3687 homo
781 3630 943 3688 secundum
964 3631 1033 3689 illud
1052 3648 1116 3690 esse
1134 3632 1260 3691 existere
1274 3643 1318 3692 est

267 3736 411 3785 aeternus

300 3856 308 3884 ¹
325 3855 608 3921 nomina-significant]
620 3856 873 3920 nomen-significat,
886 3857 946 3906 ΑΒ.
1040 3857 1050 3887 ¹
1066 3872 1160 3908 meram
1171 3873 1229 3908 curn
1240 3860 1318 3925 quali·

267 3921 329 3985 tate]
342 3937 398 3970 cum
410 3922 528 3986 qualitate
539 3938 613 3978 nrera,
625 3923 657 3971 Α.
766 3921 776 3950 ³
792 3923 884 3972 addunt
897 3924 1040 3988 qualitatem
1051 3924 1076 3972 in
1088 3923 1147 4000 qua]
1160 3924 1230 3974 addit
1301 3927 1317 3963 '-

267 3993 352 4042 tatem.
365 4002 420 4051 qua,
434 3989 465 4037 A.
478 3989 598 4037 secundae
609 4002 703 4036 manus.
844 3989 853 4016 ⁴
869 3990 1017 4053 connotant]
1030 3997 1216 4047 connominant,
1262 4028 1267 4039 .
1279 4007 1316 4056 pr.

266 4051 275 4079 ⁵
291 4051 434 4116 falsificant]
447 4052 627 4117 blasphemant,
640 4055 670 4100 D.
747 4055 757 4082 ⁶
774 4054 811 4117 in]
824 4054 870 4109 vel.
883 4054 975 4104 A.B.C.
988 4054 1025 4104 ed.
1038 4071 1074 4130 pr.
1156 4055 1166 4082 ⁷
1183 4056 1316 4121 scriptura]

267 4116 431 4181 inscriptura,
445 4119 535 4167 A.B.C.
548 4118 585 4167 ed.
597 4135 634 4194 pr,
735 4120 744 4146 ⁰
760 4119 922 4183 evangelista]
934 4119 1083 4183 evangelista
1096 4119 1198 4184 Joaunis
1210 4137 1234 4169 x
1247 4122 1280 4171 D.
1292 4122 1318 4171 in

267 4183 384 4294 euttiarginc.
396 4183 486 4232 ΑΒΕ.
499 4184 536 4232 ed.
550 4200 585 4246 pr.
596 4199 621 4232 rn
633 4192 708 4233 textu.
754 4187 763 4214 ⁹
781 4185 853 4248 rogo]
867 4201 934 4248 ergo.
947 4185 984 4233 cd.
998 4201 1034 4250 pr.
1070 4187 1087 4212 ¹⁰
1099 4185 1193 4250 potest]
1204 4195 1317 4250 possunt,

301 4262 354 4309 .pr.

1164 4334 1276 4376 wtcxtr
