2864 4836
34 284 788 298 Μ---ῠ--ι--μ--η-ῲην
794 282 887 290 --ι-ο
896 281 1045 289 ——

505 390 760 472 somnus
802 388 1021 453 Wrctrr
1206 411 1283 447 mn.

239 559 406 617 virtuosum.
449 555 565 632 Corpus
583 566 682 615 tamen
701 564 801 631 posset
818 571 885 613 esse
904 552 1021 623 alicubi,
1039 553 1111 612 linet
1130 570 1192 611 non
1207 548 1284 609 sitihi

239 654 493 725 dimensionaliter,
517 664 549 712 ut
578 663 658 731 patet
682 652 719 711 de
746 669 811 710 esse
839 650 980 728 spirimali
1009 652 1151 728 corporis
1177 665 1232 726 quo
1250 646 1283 705 ad

239 753 345 811 locum.
386 751 426 810 Et
439 762 518 828 patet
532 752 637 810 solutio
651 751 738 827 hujus
752 749 895 825 objectus,
909 749 1027 808 sibene
1043 748 1182 807 utendis

281 849 417 908 Psmstr‘s.
459 848 582 908 Videtur
600 848 671 907 mihi
690 847 771 924 quod
791 847 894 907 deliras
914 847 953 905 ab
973 845 1141 923 opinione¹
1159 844 1283 905 ecem

154 999 160 1030 ὅ
240 958 269 1006 et
289 947 346 1005 fide
368 949 532 1024 scripturae,
548 966 615 1005 cum
634 947 717 1024 juxta
736 956 819 1004 tuum
839 943 952 1003 dicere'
965 961 1066 1019 aeque
1087 954 1190 1022 pomet
1208 942 1284 1000 tacu

241 1046 385 1106 conficere
399 1057 430 1105 ut
449 1045 602 1116 sacerdos;
632 1054 660 1103 et
674 1044 716 1103 sic
735 1043 857 1102 ecclesia
876 1041 950 1102 foret
968 1042 1133 1119 utrobique
1152 1039 1286 1117 ambigua,

241 1162 329 1221 quam
344 1144 468 1203 hostiam
483 1142 624 1201 adoraret.

281 1242 445 1300 Phrenesis.
487 1241 584 1299 Video
604 1241 685 1317 quod
706 1249 876 1316 argumenta
897 1239 1052 1298 ulteriora⁸
1073 1241 1129 1299 tibi
1153 1238 1287 1305 deficiunt

141 1373 147 1385 ·
241 1340 293 1399 sed
303 1341 432 1416 quaeris⁴
441 1339 593 1415 quomodo
604 1337 783 1397 difficultates
791 1348 944 1396 extraneas
953 1338 1139 1398 introducas.
1167 1333 1288 1396 Eodem

241 1437 354 1496 autem⁸
364 1447 483 1514 propter
497 1436 681 1495 subtilitatem
695 1437 832 1494 materiae
843 1445 872 1493 et
885 1436 1147 1496 exercitationem⁸
1158 1436 1189 1494 in
1200 1431 1288 1492 studio

241 1536 452 1611 temporalium,
473 1535 559 1592 nimis
578 1534 727 1593 modicum
746 1534 868 1592 attendit
886 1531 924 1592 ad
943 1533 1030 1592 istam
1049 1536 1214 1602 materiam,
1228 1547 1288 1590 cum

242 1651 318 1710 papa
332 1643 361 1690 et
375 1650 479 1691 omnes
493 1632 556 1708 ejus
574 1631 733 1690 cardinales
754 1631 791 1689 de
804 1632 868 1708 ipsa
886 1649 991 1708 parum
1009 1632 1195 1709 concipiunt
1235 1626 1287 1687 Sed

242 1750 294 1808 per
308 1730 414 1790 Christi
428 1732 550 1806 gratiam
564 1730 671 1788 tenebo
687 1728 775 1788 tidem
787 1739 815 1787 et
829 1746 947 1793 sensum
960 1729 1131 1804 scripturae,
1142 1739 1172 1788 et
1186 1727 1287 1787 cavebo

242 1832 279 1888 ab
293 1829 347 1887 hac
364 1828 484 1898 haeresi,
505 1829 545 1886 ‘si
565 1845 642 1904 papa
661 1838 691 1886 et
711 1826 871 1885 cardinales
889 1836 1022 1885 asserunt
1043 1826 1125 1886 huuc
1142 1845 1209 1886 esse
1227 1842 1288 1884 sen·

242 1945 307 1986 sum
322 1928 486 2002 scripturae,
502 1943 573 2000 ergo
592 1926 634 1984 sic
653 1936 698 1985 est
706 1925 722 1996 ;'
752 1926 820 2001 quia
840 1934 909 1983 tunc
924 1923 1020 1982 forent
1034 1941 1126 1999 supra
1139 1922 1288 2001 apostolos

242 2025 413 2085 confirmati.

285 2123 342 2181 Sed
356 2123 474 2182 ulterius
488 2133 629 2198 quantum
644 2123 683 2181 ad
700 2133 779 2181 tuam
798 2121 933 2198 logicam,
948 2119 1045 2179 multis
1060 2121 1176 2181 videtur
1189 2120 1289 2198 proba·

196 2253 200 2263 ·
242 2220 299 2278 hile
315 2218 395 2295 quod
409 2220 488 2277 idem
503 2230 554 2288 est,
570 2218 677 2277 ‘laicus
691 2228 788 2297 potest
801 2218 963 2287 conficere,'
978 2229 1007 2276 et
1021 2219 1109 2276 ‘satis
1123 2220 1180 2277 rite
1200 2226 1290 2294 potest

243 2317 333 2375 laicus
350 2317 494 2375 conficere
503 2317 520 2388 ;’
551 2317 604 2376 sed
622 2318 749 2393 primum
769 2335 806 2375 ex
825 2316 920 2391 logica
939 2326 990 2374 tua
1010 2314 1102 2374 debes
1122 2315 1290 2376 concedere

244 2414 281 2472 Et
298 2415 401 2472 iterum
420 2414 502 2472 multi
523 2415 616 2473 sancti
636 2415 793 2491 presbyteri
815 2426 881 2474 sunt
902 2414 1016 2484 idiotae,
1031 2424 1060 2472 et
1081 2413 1132 2486 sic,
1147 2423 1183 2473 ut
1202 2414 1291 2492 placet

244 2512 427 2590 quibusdam,
443 2512 507 2570 laici
521 2522 549 2570 et
570 2513 625 2588 ipsi
645 2530 733 2588 saepe
752 2513 917 2571 conficiunt
958 2511 996 2569 Et
1011 2512 1116 2570 itemm
1130 2511 1291 2571 laborando

245 2614 275 2669 in
306 2611 544 2686 aequivocatione
573 2609 788 2680 confectionis⁷,
817 2609 1039 2669 concedendum
1065 2610 1190 2680 videtur,
1215 2607 1292 2687 quod

245 2709 310 2767 laici
323 2709 488 2778 conficiunt,
500 2710 560 2766 imo
572 2708 653 2783 quod
664 2719 843 2778 consecrant,
855 2709 929 2767 sicut
939 2709 1024 2766 beata
1033 2705 1162 2767 Caecilia
1174 2709 1291 2767 domum

246 2824 327 2864 suam
342 2806 496 2864 ecclesiam
510 2807 695 2864 consecravit.
739 2807 805 2865 lmo
820 2806 907 2865 credo
922 2806 1002 2882 quod
1015 2807 1111 2864 nescis
1130 2808 1292 2874 ostendere,

244 2904 325 2981 quod
340 2904 458 2980 quando
473 2903 630 2963 Christiani
647 2905 792 2981 [regemnt
807 2923 899 2980 panes
920 2907 996 2963 circa
1010 2905 1126 2976 domos,
1141 2916 1174 2963 ut
1191 2906 1293 2983 legitur

245 3002 310 3060 Act.
325 3003 362 3071 ii,
377 3002 456 3077 quod
471 3003 510 3060 illi
524 3020 615 3078 panes
630 3002 707 3061 non⁸
721 3013 803 3062 erant
823 3021 929 3078 corpus
944 3002 1059 3072 Christi,
1074 3012 1124 3061 aut
1138 3003 1222 3079 quod
1240 3003 1292 3062 soli

246 3101 370 3176 apostoli
387 3100 431 3157 vel
453 3101 611 3176 presbyteri
632 3102 674 3159 sic
695 3100 833 3160 fecemnt.
878 3099 936 3159 Sed
958 3101 1130 3160 dimittendo
1152 3102 1231 3161 istud
1252 3103 1293 3160 in-

247 3197 372 3256 certum⁹
400 3210 521 3274 apparet
549 3199 628 3270 mihi,
657 3199 739 3274 quod
766 3199 932 3258 sacerdotes
960 3209 1078 3259 sanctos
1105 3199 1190 3259 decet
1219 3200 1294 3260 istud

246 3295 382 3365 officium,
406 3314 474 3354 cum
496 3296 627 3355 Christus
649 3297 809 3372 specialiter
828 3297 952 3374 injungit
973 3298 1015 3355 eis
1036 3297 1077 3356 sic
1098 3295 1205 3370 lacere,
1227 3300 1296 3357 dun

226 3384 407 3503 'annectat
430 3394 512 3465 ‘hoc,
534 3396 764 3471 quotiescunque
784 3394 917 3465 feceritis,
942 3396 972 3453 in
997 3413 1095 3454 meam
1119 3398 1293 3456 memoriam

247 3491 403 3550 facietis¹¹.'
448 3492 495 3550 Sic
515 3511 585 3568 ergo
606 3492 841 3569 quandocunque
861 3492 993 3552 Christus
1006 3503 1143 3570 operatur
1158 3513 1227 3554 cum
1241 3495 1294 3554 ho·

227 3507 230 3649 l
247 3590 334 3658 mine,
350 3602 378 3648 et
393 3591 488 3648 solum
502 3604 571 3649 tunc
592 3591 709 3649 conficit
730 3602 952 3662 sacramentum,
966 3591 1047 3668 quod
1068 3594 1196 3668 reputari
1210 3593 1296 3653 debet

228 3668 231 3767 l

280 3777 288 3806 ¹
305 3778 337 3825 ab
349 3777 477 3842 opinione]
489 3794 504 3827 a
516 3779 696 3834 communione,
708 3778 801 3829 A.B.C.
960 3779 970 3807 ²
986 3786 1056 3828 tuum
1067 3780 1161 3845 dicere]
1173 3781 1217 3831 ie.
1229 3790 1296 3832 tuam

247 3843 434 3907 expositionem.
596 3845 605 3871 ³
621 3844 747 3910 ulteriora]
759 3844 875 3893 ulteriora
886 3844 951 3894 illius
962 3845 1086 3901 materiae,
1098 3845 1194 3896 ΑΜ.
1206 3848 1246 3897 ed.
1258 3865 1295 3913 pr.

228 3924 231 3973 t
246 3906 255 3935 ⁴
271 3909 377 3971 quaeris]
389 3909 452 3962 ideo.
465 3910 503 3957 ed.
515 3925 566 3972 pr.;
585 3910 680 3972 quaeris
691 3909 755 3963 ideo.
768 3910 860 3959 ΑΜ.
981 3910 991 3938 ⁸
1007 3910 1105 4003 autem]
1114 3912 1190 3967 enim.
1203 3914 1295 3963 hnc.

228 3978 231 4031 Ι
246 3975 284 4022 ed.
296 3989 332 4036 pr.
447 3975 456 4000 ⁶
473 3973 684 4038 exercitationem]
696 3975 876 4031 excitationem,
888 3975 926 4023 ed.
938 3991 974 4039 pr.
1121 3977 1296 4042 consectionis]

228 4042 230 4077 ἰ
246 4040 443 4094 consecrationis,
455 4039 494 4088 ed.
506 4056 542 4102 pr.
657 4040 667 4067 ³
684 4039 746 4104 non]
759 4057 808 4089 om.
822 4041 854 4089 D.
981 4042 991 4070 ⁰
1008 4041 1140 4105 incertum]
1153 4043 1250 4100 iterum,
1264 4044 1295 4092 D.

247 4105 265 4132 ¹⁰
280 4105 399 4166 annectit]
410 4104 528 4167 adjungit.
541 4103 633 4153 A.B.C.
646 4104 683 4154 ed.
696 4121 733 4168 pr.
834 4108 850 4137 ¹¹
869 4105 899 4155 cl.
914 4119 924 4153 1
939 4106 1052 4156 Corinth.
1064 4107 1096 4156 xi.
1111 4121 1141 4170 24
1153 4122 1205 4171 sq.;
1223 4110 1296 4158 verba

246 4168 421 4218 ‘in-facietis’
433 4170 519 4219 desunt
532 4170 557 4218 in
569 4170 632 4220 Cod.
644 4171 676 4218 A.
687 4170 725 4219 ed.
737 4186 774 4234 pr.
