2864 4836
550 411 807 491 Jorrrrrrs
846 409 1060 472 wrcrrr
1252 432 1333 468 „aa

281 568 1330 650 cumsecundumpbdoaophoademoesibrlibabentnotitiamO

280 673 307 730 si
326 670 428 730 fideles
448 672 478 729 in
492 670 625 731 Domino
642 669 796 730 videbunt¹
816 670 1017 730 antichristum
1036 686 1110 728 cum
1131 670 1197 728 mis
1219 665 1330 744 compl

281 767 365 828 cibus
380 780 494 828 tanum
514 786 612 846 posse,
626 768 707 846 quod
725 767 904 828 condemnet
921 778 951 826 et
972 778 1170 843 persequatur
1187 784 1283 843 mque
1296 763 1329 823 ad

281 863 1328 943 mortemlilioaecclesiae,quiinbocfidemevangeliisiccouoe·

281 964 371 1023 dunt!
413 957 1326 1041 Cermsquidemmmquodveritascvangeliipotaad

281 1073 397 1138 tempus
419 1064 449 1121 in
474 1063 577 1140 plateis
600 1081 735 1122 corruere
759 1072 789 1121 et
812 1080 865 1140 per
884 1062 980 1120 minas
998 1059 1163 1120 antichristi
1184 1058 1326 1119 modicum

280 1161 399 1230 reticeri,
414 1161 467 1220 sed
480 1161 610 1237 extingui
624 1178 686 1218 non
704 1170 810 1236 potest,
827 1177 895 1219 cum
907 1158 1023 1216 Veritas
1041 1157 1132 1228 dicat,
1145 1156 1232 1234 quod
1249 1156 1326 1215 rerba

280 1275 334 1316 sua
348 1275 410 1316 non
423 1258 586 1329 transient¹‚
597 1259 664 1317 licet
677 1258 794 1317 coelum
807 1267 837 1315 et
849 1269 925 1316 terra
934 1254 1034 1332 quoad
1044 1256 1272 1314 innovationem
1283 1253 1326 1312 ab-

279 1372 369 1432 quam
383 1357 425 1416 sic
442 1357 627 1415 transibunt⁸.
669 1355 862 1433 Expergiscat
874 1371 947 1430 ergo
960 1352 1052 1412 tidelis
1064 1353 1096 1410 in
1110 1354 1215 1412 anima
1228 1362 1259 1412 et
1270 1350 1326 1411 dili

278 1464 381 1528 genter
400 1455 526 1530 inquirat
546 1471 564 1512 a
584 1455 691 1513 nostris
710 1454 869 1523 haereticis,
887 1452 959 1530 quid
978 1452 1015 1511 sit
1027 1452 1059 1509 in
1079 1461 1188 1510 murra
1208 1469 1264 1511 stu
1274 1450 1325 1509 boc

278 1562 493 1609 sacramentum
504 1551 675 1621 venerabile,
686 1552 711 1609 si
722 1569 784 1610 non
797 1552 890 1627 panis,
901 1568 969 1609 curu
980 1549 1053 1608 fides
1063 1548 1211 1626 evangelii
1224 1559 1256 1609 et
1267 1566 1325 1609 sen·

278 1647 366 1706 malis
387 1649 490 1706 notitia
508 1667 577 1708 cum
594 1650 707 1707 ratione
721 1648 863 1724 probabili
876 1647 954 1708 istud
967 1647 1045 1718 dicit,
1058 1647 1130 1723 quia
1143 1656 1244 1707 oerms
1256 1663 1325 1715 sum,

277 1744 359 1820 quod
378 1744 525 1817 idolatrae,
540 1747 590 1822 qui
609 1744 750 1804 fabricant
769 1747 823 1805 sibi
837 1744 928 1817 Deos,
942 1746 1012 1804 satis
1030 1755 1170 1815 noscunt,
1184 1744 1259 1822 qnid
1275 1745 1327 1805 a'nt

277 1843 309 1900 in
319 1843 380 1901 suis
393 1844 512 1915 naturis,
523 1842 590 1903 licet
600 1843 722 1920 lingant,
733 1844 814 1920 quod
827 1841 955 1902 habeant
967 1841 1076 1919 aliquid
1090 1843 1223 1902 numinis
1236 1861 1256 1901 a
1264 1840 1327 1901 Deo

277 1938 409 1998 Deorum
434 1941 689 2016 supernaturaliter
711 1941 754 2000 eis
779 1941 888 2000 datum.
928 1939 1003 2000 Ideo
1028 1939 1097 1999 dicit
1120 1939 1227 2012 fidelis,
1250 1937 1326 2019 quod

278 2037 324 2095 isti
349 2035 485 2098 baeretici
509 2039 540 2096 in
564 2039 743 2113 ignorantia‘
767 2038 876 2098 nedum
900 2037 1045 2097 excedunt
1072 2054 1176 2098 mures
1201 2049 1231 2097 et
1258 2034 1325 2097 ute

276 2135 383 2193 bestias
399 2135 451 2194 sed
465 2153 609 2211 paganos.
650 2135 688 2194 Et
701 2146 781 2212 patet
801 2136 923 2195 fidelitas
941 2135 1139 2196 conclusionis
1153 2136 1326 2213 praedictae,

275 2230 356 2306 quod
372 2230 428 2289 hoc
444 2241 658 2290 sacramentum
672 2233 835 2292 venerabile
849 2243 894 2293 est
907 2233 938 2292 in
951 2245 1054 2293 natura
1068 2251 1123 2293 sua
1136 2251 1224 2294 verus
1236 2233 1325 2312 panis,

275 2339 304 2387 et
318 2329 563 2389 sacramentaliter
576 2348 683 2406 corpus
698 2329 813 2390 Christi.
1057 2343 1061 2348 ·

723 2704 818 2764 CAP.
842 2706 878 2765 V.

508 2850 614 2908 Eadem
628 2853 759 2910 sententia
774 2855 881 2910 raa'om
894 2852 1090 2927 comprobatur.

316 2997 439 3055 Altilrr'a.
483 2997 580 3057 Placet
605 2999 674 3056 mihi
701 3018 768 3058 curn
791 3000 885 3070 video,
907 3000 988 3078 quod
1008 3000 1052 3058 vel
1074 3012 1193 3077 oportet
1219 3022 1322 3081 negare

275 3094 457 3169 evangelium
472 3106 610 3171 tanquam
630 3115 744 3155 summe
764 3097 940 3156 haereticum
954 3099 999 3156 vel
1014 3097 1051 3156 de
1065 3097 1123 3157 hoc
1138 3111 1322 3160 sacramento

275 3192 445 3262 concedere,
462 3194 535 3251 sicut
550 3195 630 3252 dicis.
674 3194 733 3252 Sed
747 3212 821 3271 rogo
836 3205 864 3253 te
879 3197 1072 3255 commisceas
1087 3214 1155 3255 cum
1170 3200 1323 3258 auctorita·

274 3290 349 3347 tibus
363 3291 418 3349 tuis
433 3291 580 3366 paululum
596 3293 723 3362 rationis,
738 3295 807 3368 quia
821 3310 926 3352 omnes
945 3293 1133 3361 admittimus,
1148 3297 1231 3372 quod
1245 3296 1323 3356 Deus

273 3387 343 3445 nihil
363 3399 460 3464 potest
481 3388 575 3447 lacere
597 3391 651 3449 nisi
672 3390 815 3465 probabili
837 3392 956 3462 ratione,
971 3409 1026 3450 nec
1047 3391 1169 3451 destruit
1191 3405 1321 3454 naturam

273 3484 501 3560 impeccabilem,
521 3505 575 3544 nec
597 3487 749 3546 confundit
770 3489 903 3547 notitiam
925 3489 1087 3548 naturaliter
1106 3491 1194 3550 nobis
1216 3494 1321 3562 datam,

272 3582 326 3639 nisi
341 3582 431 3640 subsit
446 3584 540 3659 major
553 3585 659 3643 utilitas
674 3596 701 3643 et
716 3585 917 3660 probabilitas⁸
930 3588 1057 3646 rationis.

312 3678 474 3736 Phrenesis.
518 3680 615 3739 Placet
630 3683 711 3757 quod
726 3682 814 3741 fidem
831 3684 868 3741 de
882 3684 949 3743 Deo
969 3695 1028 3742 tarn
1049 3696 1133 3744 acute
1147 3697 1176 3745 et
1191 3698 1322 3747 recenter

270 3777 397 3852 respicis,
413 3777 480 3836 ideo
495 3777 612 3853 expedit
625 3797 728 3854 parum
743 3781 903 3857 procedere
922 3782 1085 3841 secundum
1099 3785 1181 3859 quod
1195 3787 1321 3845 rationes

270 3873 351 3932 istius
371 3875 507 3933 materiae
527 3876 656 3951 exigunt,
670 3888 702 3935 ut
721 3879 824 3936 veritas
844 3879 910 3938 fidei
930 3878 995 3955 plus
1013 3879 1161 3940 clarescat
1204 3882 1320 3960 Suppo

301 4039 309 4067 ¹
327 4036 574 4099 fideles-videbunt]
587 4036 800 4094 fidelis-videbit,
813 4038 846 4087 D.
973 4040 983 4069 '
999 4041 1130 4106 bansieut]
1143 4049 1282 4102 transeunt,
1292 4046 1320 4096 C.

267 4101 277 4129 ⁸
293 4101 324 4150 cl.
339 4102 428 4152 Matth.
440 4101 518 4151 xxxiv.
530 4115 570 4163 35.
718 4102 727 4130 ⁴
744 4104 768 4151 in
780 4104 932 4168 ignorantia]
945 4105 1091 4170 ignorantia,
1104 4109 1152 4164 Α.;
1170 4109 1198 4158 in
1208 4110 1321 4176 ignoran-

269 4166 337 4220 tiam.
349 4167 379 4215 C.
478 4167 487 4195 ⁵
504 4167 678 4230 probabilitas]
691 4167 769 4230 major
781 4169 951 4232 probabilitas,
963 4170 1001 4220 ed.
1014 4187 1052 4236 pr.
