2864 4836
137 448 236 486 cn...
500 395 841 489 rnrnrocns

138 585 307 647 seeundum
330 586 437 648 Christi
461 587 592 664 regulam
615 589 783 667 baptisatur,
807 600 838 650 et
865 589 1017 650 deficiente
1046 608 1123 667 aqua
1146 592 1192 651 vel

137 685 288 762 requisitis
302 685 364 745 aliis
374 695 469 745 stante
483 688 532 762 pia
544 686 704 746 intentione
717 689 807 747 totius
820 688 930 765 populi,
945 688 1060 747 interim
1075 700 1192 749 mortuo

137 783 310 843 naturaliter
323 795 396 843 nutu
408 783 474 856 Dei,
488 785 599 844 videtur
613 803 700 862 grave
720 785 940 845 damnationem
959 786 1077 846 infantis
1096 786 1196 865 hujus-

137 879 226 940 modi
253 881 384 952 diffinire,
413 882 573 959 specialiter
602 901 670 943 cum
697 901 752 942 nec
781 884 877 944 infans
904 885 958 944 iste
986 903 1042 944 nec
1069 886 1198 963 populus

137 979 283 1056 peccavit,
297 990 330 1037 ut
343 979 436 1039 taliter
454 980 663 1040 damnaretur¹.
705 980 764 1040 Ubi
779 993 823 1041 est
841 1000 913 1058 ergo
931 983 1096 1042 misericors
1111 982 1197 1042 liber·

138 1075 226 1136 neas
239 1074 346 1136 Christi
360 1075 425 1149 Dei,
440 1078 465 1137 si
478 1078 542 1138 talis
555 1078 653 1155 proles
666 1078 796 1138 fidelium
809 1091 929 1157 propter
943 1081 1012 1139 illud
1034 1081 1116 1157 quod
1135 1099 1197 1140 non

137 1184 187 1235 est
200 1175 231 1233 in
248 1184 392 1252 potestate
411 1193 523 1247 eorum,
543 1175 735 1249 damnabitur,
755 1196 823 1237 cum
838 1176 922 1238 Deus
942 1179 1105 1238 secundum
1119 1180 1197 1254 prin·

138 1271 221 1350 sipia
232 1271 398 1350 theologiae
412 1275 581 1335 communia
595 1274 631 1333 sit
644 1275 765 1352 pronior
775 1275 813 1334 sd
824 1275 1045 1352 praemiandum
1059 1276 1196 1335 homines

138 1387 234 1449 qnam
250 1370 289 1431 ad
307 1370 516 1444 damnandum,
531 1383 561 1432 et
580 1373 743 1450 specialiter
762 1375 865 1434 merito
885 1385 914 1434 et
932 1375 1069 1451 passione
1091 1373 1198 1434 Christi

137 1477 257 1529 antum
270 1485 323 1528 sua
336 1471 461 1529 tentoria
474 1469 646 1531 dilatante¹i

183 1565 349 1626 Phrenesis.
392 1567 514 1627 Videtur
538 1568 619 1641 mihi,
643 1585 734 1640 soror,
759 1568 841 1646 quod
866 1587 970 1630 mones
999 1569 1140 1630 subtiliter
1168 1580 1198 1629 et

140 1673 238 1724 acute.
279 1663 353 1724 Ideo
372 1675 487 1742 oportet
508 1676 536 1725 te
557 1666 629 1726 mihi
649 1667 788 1742 compati,
808 1666 1024 1727 distinctionem
1043 1669 1197 1726 verborum

143 1763 178 1823 in
199 1762 255 1822 ista
276 1763 398 1823 materia
422 1762 610 1835 attendendo,
632 1763 712 1841 quod
734 1764 880 1840 quaedam
904 1764 1008 1841 loquor
1029 1763 1196 1840 simpliciter

140 1861 280 1922 assertive
299 1872 329 1922 et
343 1861 398 1921 alia
418 1863 514 1922 solum
531 1864 699 1941 reputative,
720 1863 794 1922 sicut
813 1862 901 1922 credo
921 1862 1057 1922 doctores
1076 1873 1195 1923 sanctos

139 1959 284 2020 ecclesiae
294 1971 553 2039 quantumcunque
564 1980 689 2038 magnos
703 1972 771 2038 post
781 1971 914 2020 auctores
925 1961 1082 2037 scripturae
1096 1979 1196 2020 sacrae

139 2057 257 2119 locutos
270 2057 367 2119 fuisse.
408 2058 530 2137 Loquor
543 2070 641 2119 autem
656 2059 708 2118 illa
723 2058 890 2135 simpliciter
909 2059 1046 2117 assertive
1061 2076 1137 2134 quae
1151 2058 1196 2116 vel

141 2165 214 2216 sunt
233 2165 304 2216 nota
324 2175 393 2217 meo
414 2158 512 2218 sensui
526 2158 571 2218 vel
585 2167 685 2235 patent
706 2157 777 2216 mihi
799 2176 836 2217 ex
856 2157 915 2216 fide
938 2159 1111 2234 scripturae3
1143 2156 1196 2216 sed

140 2254 209 2326 alia,
232 2255 337 2331 quibus
363 2265 535 2333 argumenta
558 2255 627 2316 ista⁸
651 2255 797 2328 deficiunt,
823 2255 909 2315 dum¹
934 2255 1029 2315 habeo
1055 2255 1093 2313 ad
1117 2256 1197 2331 ipsa¹

141 2353 311 2413 suasionem
331 2355 521 2431 probabilem,
535 2361 628 2430 reputo
648 2355 728 2414 esse¹
742 2372 824 2427 vera;
854 2364 882 2413 et
901 2355 943 2413 sic
962 2354 1079 2430 loquar¹
1099 2355 1174 2414 tibi
1166 2373 1197 2413 in

141 2452 200 2511 ista
223 2453 343 2512 materia
365 2470 454 2528 quam
478 2452 617 2512 movisti¹.
659 2453 708 2511 Ad
722 2454 848 2529 petinam
869 2453 1035 2511 instantiam
1055 2462 1137 2511 tuam
1160 2453 1271 2596 (15Ιῑῐι

142 2548 244 2625 tignis,
263 2550 375 2609 videtur
395 2551 466 2610 mihi
487 2550 567 2628 quod
581 2550 713 2611 Christus
732 2552 817 2627 signa
835 2550 989 2626 approbat,
1008 2549 1074 2609 licet
1092 2523 1245 2629 eorum}¹

142 2647 268 2706 abusum
286 2648 471 2708 condemnet.
513 2649 552 2707 Et
570 2649 613 2708 sic
633 2648 763 2724 intelligo
785 2647 854 2706 illud
874 2646 979 2706 Matth.
993 2647 1058 2706 xii:
1088 2652 1095 2678 ‘
1106 2666 1195 2724 gene·

141 2744 218 2802 ratio
246 2744 376 2804 adultera
404 2747 488 2823 signa
515 2748 635 2823 quaerit,
664 2759 693 2806 et
718 2748 834 2823 signum
863 2764 924 2805 non
953 2745 1065 2805 dabitur
1089 2747 1116 2805 ei
1141 2747 1195 2805 nisi

142 2842 263 2919 signum
283 2841 378 2920 Jonae
399 2843 576 2921 prophetae!
619 2843 751 2904 Christus
772 2845 851 2903 enim
875 2844 905 2902 in
928 2845 1045 2921 propria
1069 2862 1195 2922 persona

141 2949 189 2999 est
213 2940 329 3017 signum
351 2943 496 3014 sensibile,
522 2952 550 3002 et
574 2953 606 3002 ut
629 2943 742 3003 videtur
765 2942 835 3001 mihi
861 2954 1074 3002 sacramentum
1100 2962 1194 3002 sacra·

141 3049 320 3110 mentorum,
346 3058 413 3100 cum
435 3042 490 3100 sibi
513 3059 628 3101 summe
652 3041 807 3101 conveniat
831 3039 987 3118 descriptio
1011 3042 1193 3100 sacramenti.

143 3135 228 3196 Sicut
244 3138 324 3196 enim
343 3136 464 3215 Moyses
482 3140 617 3199 exaltavit
636 3149 800 3216 serpentem
815 3156 939 3196 aeneum
960 3139 990 3195 in
1010 3138 1133 3210 desert0,
1148 3137 1195 3197 ut¹

142 3251 251 3294 omnes
264 3237 395 3311 percussi
409 3255 428 3295 a
441 3238 622 3313 serpentibus
635 3237 781 3296 intuentes
796 3235 875 3293 illum
891 3245 1057 3311 serpentem
1071 3253 1196 3293 aeneum

141 3343 323 3405 sanarentur,
338 3342 370 3393 ut
388 3334 491 3394 dicittu
509 3335 631 3395 Numer.
645 3336 713 3406 xxi,
730 3334 771 3394 sic
790 3332 876 3411 Jesus
895 3342 993 3391 noster
1012 3343 1056 3391 est
1074 3351 1194 3409 serpens

140 3430 251 3491 vivus¹¹
263 3431 376 3492 habens
396 3433 612 3493 similitudinem
630 3433 752 3511 peccati,
769 3431 835 3490 licet
853 3448 915 3489 non
933 3440 1033 3506 posset
1051 3430 1138 3488 etiam
1157 3430 1194 3489 de

143 3527 276 3606 possibili
300 3548 435 3607 peccare,
458 3548 618 3608 suspensus
640 3542 684 3590 est
707 3530 736 3587 in
759 3529 849 3604 ligno,
871 3537 903 3586 ut
928 3527 1055 3603 percussi
1079 3545 1193 3586 veneno

142 3628 287 3704 serpentis
310 3629 431 3705 antiqui,
454 3640 588 3706 peccato,
610 3627 791 3705 spiritualiter
814 3627 886 3685 fiant
911 3625 982 3685 sani.
1033 3625 1105 3684 Ideo
1126 3626 1195 3684 dicit

141 3728 197 3786 iste
219 3744 339 3804 serpens
359 3726 503 3805 Johannis
517 3728 554 3786 iii.
578 3728 667 3786 ‘sicut
688 3725 808 3802 Moyses
827 3724 960 3784 exaltavit
979 3733 1143 3800 serpentem
1164 3725 1194 3782 in

141 3822 268 3894 deserto,
294 3824 335 3884 sic
363 3824 482 3884 exaltari
510 3834 626 3901 oportet
654 3825 744 3884 filium
769 3824 897 3882 hominis
921 3823 951 3880 in
976 3821 1107 3882 cruce¹¹.'
1156 3821 1195 3880 Et

142 3951 322 4084 ¹clegohrss
315 3967 383 4004 rx..a
455 3953 569 4083 ³¹Iesa.
581 3954 623 4002 liv.
637 3967 719 4075 ’BC
730 3953 974 4069 ed¹ista]ita‚ed.
940 3968 995 4018 ..pr
1098 3951 1194 4016 ¹duni]

141 4083 181 4132 ed.
194 4098 231 4146 p.r
361 4019 719 4150 ἸοᾳιιιιῐιῗοεέιιὲξἻΒρ
713 4085 751 4135 ed.
763 4036 819 4149 ppt
945 4018 1194 4149 ''medlieslilphlsveissstl

141 4147 238 4198 B..CD.
255 4148 294 4199 ed.
306 4165 343 4214 pr.
418 4152 473 4200 ¹ut
497 4157 529 4205 et.
541 4151 580 4200 od.
592 4166 628 4214 pr.
703 4151 722 4181 ¹⁰
739 4149 930 4214 vivus]aenens,
942 4149 1034 4200 A...BC
1111 4150 1129 4181 ¹¹
1146 4167 1194 4201 555-

140 4214 303 4278 pentem-in
315 4214 399 4280 emec]
411 4231 461 4266 om.
474 4216 506 4264 Α.
518 4216 557 4265 ed.
569 4231 606 4279 pr.
1193 4243 1196 4247 >

1278 432 1341 518 283
