2864 4836
139 362 181 408 ιο
483 335 937 400 PROLEGOMENA.

137 506 273 567 editionis
293 507 503 583 exprimuntur,
524 522 550 561 v.
570 521 595 561 c.
610 501 664 560 IV.
680 520 705 560 c.
721 519 769 575 34.
784 518 813 576 p.
835 502 902 573 285.
922 497 969 558 ed.
989 509 1079 570 1753,
1101 494 1224 552 canunt
1242 510 1292 571 pro

135 614 252 682 amnt,
277 611 331 671 IV.
353 631 377 670 c
406 625 451 685 15.
473 628 502 686 p.
531 623 597 682 225.
623 607 759 666 editionis
783 604 951 682 posterioris
976 602 1075 661 motas·
1095 619 1154 678 pro
1181 599 1296 659 mtah'

136 825 198 887 dati
212 835 289 895 sunt
304 841 349 882 eru
365 841 408 899 gr.
422 821 476 880 IV.
494 840 539 880 ιο,
554 840 583 898 p.
607 839 673 895 aoq.
694 817 740 878 ed.
760 832 846 893 1753.
861 825 939 876 recte
959 814 1090 894 positum
1111 823 1160 874 est
1174 814 1290 873 verbum

132 934 250 1011 propriu
263 947 317 1009 pro
331 947 403 989 voce
412 930 557 1005 proprias,
568 937 598 987 et
611 925 755 1005 quaedam
769 924 879 985 similia

679 1201 755 1273 111.

275 1401 393 1475 Libri
407 1425 521 1473 manu
538 1399 688 1472 exarati
710 1399 748 1471 Τ
743 1397 928 1496 rzhhgum
944 1393 1160 1468 exhibentes.

183 1567 224 1628 Ut
237 1568 393 1643 Trialogus
412 1564 592 1624 emendatior
610 1574 639 1623 et
658 1582 747 1641 quam
766 1563 893 1621 maxime
912 1559 1040 1638 genuina
1059 1557 1167 1628 forma,
1188 1576 1248 1636 qua
1259 1558 1292 1616 ab

142 1674 207 1754 ipso
222 1684 339 1732 auctore
354 1672 477 1749 scriptus
491 1682 542 1740 est,
558 1670 728 1740 restituatur,
743 1669 832 1727 libros
847 1685 937 1727 manu
955 1674 1091 1725 exaratos
1105 1665 1292 1724 consulamus

142 1798 261 1840 necesse
275 1790 327 1839 est
370 1777 408 1837 Et
426 1777 603 1855 gratulamur
623 1777 716 1847 nobis,
731 1775 812 1851 quod
829 1793 890 1834 non
909 1791 985 1833 unus
1004 1772 1084 1832 solus
1103 1773 1159 1833 sed
1173 1786 1292 1852 quatuor

142 1884 206 1946 libri
223 1886 367 1963 integrum
381 1883 554 1960 Trialogum
574 1882 752 1952 exhibentes,
767 1880 834 1939 Deo
853 1878 1031 1956 providente,
1045 1878 1126 1939 hunc
1144 1877 1292 1957 usquead

143 1990 221 2051 diem
236 1992 396 2052 wnservati
410 1992 475 2049 sint.
518 1988 577 2060 Qui
591 2007 695 2047 omnes
709 1987 904 2047 Vindobonae
919 1988 949 2045 in
963 1985 1139 2046 bibliotheca
1155 1985 1292 2064 imperiali

143 2108 172 2156 et
193 2096 285 2156 aulica
305 2104 493 2154 asservantur.
537 2093 672 2169 Namque
694 2093 739 2152 ille
760 2094 839 2164 liber,
862 2094 911 2169 qui
932 2093 963 2152 in
982 2092 1162 2152 bibliotheca
1184 2092 1293 2170 collegii

143 2201 391 2278 Cantabrigiensis
412 2213 528 2260 sanctae
548 2202 697 2261 Trinitatis
719 2201 869 2277 quondam
890 2200 950 2272 suit,
969 2199 1080 2259 dudum
1101 2201 1236 2277 perditus
1255 2210 1293 2260 est

146 2307 352 2383 (Sarmens
379 2306 531 2383 Catalogue
550 2306 587 2384 ff
604 2308 648 2365 the
669 2306 806 2384 Orr‘gniml
830 2307 925 2366 Works
945 2305 1069 2384 osJolm
1094 2306 1209 2384 Wycl‘ss
1231 2304 1293 2367 Oxi

149 2414 236 2488 2865,
257 2433 286 2492 p.
309 2412 350 2493 9).
401 2412 491 2485 Quod
519 2431 588 2472 vero
616 2424 659 2473 tot
686 2415 750 2473 libri
777 2432 868 2474 manu
895 2413 1013 2484 exarati,
1041 2413 1091 2490 qui
1120 2414 1293 2492 Trialogrun

145 2519 292 2590 exhibent,
306 2519 457 2597 hucusque
480 2520 641 2580 conservati
662 2529 737 2590 sunt,
755 2518 878 2597 Joannis
896 2519 980 2577 Husi
995 2518 1114 2578 asseclis
1128 2519 1293 2580 Bohemicis

146 2636 299 2703 acceptum
315 2626 472 2685 referimus.
515 2626 652 2702 Namque
667 2635 697 2684 ut
711 2624 863 2703 lohannes
877 2624 947 2684 Hus
960 2618 1031 2702 ipse,
1046 2625 1086 2684 ita
1100 2626 1187 2686 multi
1202 2627 1293 2687 Bohe-

147 2748 263 2790 morum
283 2733 380 2809 ipsum
394 2733 484 2792 secuti
503 2733 588 2792 variis
608 2732 713 2791 Wielifi
733 2734 899 2792 tractatibus
918 2732 1163 2792 transscribendis
1177 2751 1294 2811 operam

147 2838 298 2900 dederunt.
340 2838 521 2899 Bibliotheca
546 2841 624 2916 regia
646 2839 818 2899 Holmensis
838 2840 943 2898 librum
964 2838 1053 2898 habet
1073 2840 1175 2899 medio
1198 2841 1293 2901 seculo

147 2945 246 3006 XVII.
269 2964 305 3004 ex
327 2965 392 3006 arce
413 2946 552 3024 Pragensi
576 2944 770 3026 (Hradschin)
793 2947 919 3018 allatum,
938 2948 987 3024 qui
1009 2948 1139 3024 quinque
1159 2959 1295 3009 tractans

148 3052 254 3113 wictifi
278 3053 497 3131 philosophicos
521 3055 662 3113 exhibens
686 3054 788 3130 procul
812 3055 902 3113 dubio
930 3072 948 3112 a
975 3052 1092 3131 Joanne
1119 3053 1208 3114 Huso
1235 3058 1294 3134 ipso

147 3172 281 3223 exaratus
306 3172 351 3221 est
381 3161 429 3234 (ci.
456 3161 575 3233 Duum,
600 3161 801 3239 Forschutqen
824 3165 855 3220 in
879 3161 1029 3221 Schwedrn
1041 3163 1106 3241 ster
1129 3162 1295 3224 Moebreds

150 3268 317 3341 Gerchr'chle
328 3268 438 3342 Brdnn,
453 3273 540 3345 1852,
553 3290 582 3348 p.
601 3274 656 3346 198
672 3274 737 3347 sq).
780 3272 819 3330 Et
833 3273 871 3330 ab
886 3273 987 3331 amicis
998 3271 1208 3350 discipulisque
1222 3273 1299 3334 Hust'

147 3392 252 3437 omnes
273 3378 312 3437 illi
334 3395 495 3449 sermones,
517 3387 663 3448 tractatus,
685 3379 758 3449 libri,
780 3396 855 3454 quos
876 3378 983 3436 Lahiro
1007 3397 1144 3438 sermone
1165 3379 1296 3442 Wielilus

147 3494 361 3560 composuerat,
377 3503 491 3544 summa
511 3504 578 3544 cum
597 3485 736 3544 industria
750 3496 779 3545 et
793 3487 972 3563 transscripti
994 3495 1022 3544 et
1042 3485 1208 3562 perlustrati
1225 3498 1294 3549 suut
1314 3496 1317 3507 '

148 3585 260 3646 Verum
275 3608 312 3648 ne
333 3591 470 3651 minimus
489 3594 608 3669 quidem
627 3603 763 3652 tractatus
777 3612 796 3652 a
809 3593 946 3652 ‘doctore
965 3593 1145 3669 evangelico’
1162 3612 1295 3655 sermone

148 3693 297 3751 vernaculo
316 3696 439 3772 scriptus
460 3698 491 3754 in
510 3699 589 3757 libris
611 3698 783 3758 Husitarum
804 3717 895 3776 opera
916 3701 1040 3759 exaratis
1061 3700 1295 3777 deprehenditur.

149 3800 186 3862 Id
200 3800 280 3880 quod
299 3819 484 3878 nequaquam
504 3804 669 3862 mirandum
688 3823 752 3863 esse
772 3806 891 3876 videtur,
907 3807 975 3881 quia
993 3807 1078 3883 pauci
1098 3805 1237 3879 Bohemi,
1251 3805 1297 3885 qni

149 3909 311 3970 studiorum
322 3927 410 3969 causa
422 3908 573 3970 Oxonium
588 3922 734 3981 venerant,
750 3913 865 3989 linguae
880 3912 1020 3989 Anglicae
1035 3913 1118 3988 periti
1133 3915 1297 3984 extitertmt,

151 4016 264 4092 plurimi
276 4034 353 4085 vero,
365 4034 488 4093 quorum
500 4017 530 4075 in
544 4035 630 4076 usum
641 4016 703 4076 libri
718 4018 757 4077 illi
772 4019 857 4076 scribi
872 4018 1013 4089 solebant,
1024 4016 1140 4095 Anglici
1155 4019 1298 4080 sermonis

150 4133 284 4198 expertes
299 4122 422 4182 fuerunt.
465 4124 576 4185 Nostro
591 4136 689 4184 autem
703 4136 835 4202 tempore
847 4124 910 4184 libri
925 4125 962 4183 illi
977 4144 994 4184 a
1008 4124 1149 4185 Bohemis
1163 4127 1299 4205 exscripti

152 4235 200 4285 aut
222 4228 251 4285 in
269 4229 414 4289 nonnullis
432 4230 553 4291 Sueciae
573 4231 755 4291 bibliothecis
777 4243 824 4290 aut
846 4230 956 4308 Pragae
980 4243 1029 4290 aut
1048 4231 1183 4293 Viennae
1204 4235 1301 4295 adser-
