2864 4836
51 446 153 487 ur.-
421 423 762 489 TRIALOGUS.

53 585 144 665 qmd
164 586 196 645 in
216 586 274 646 alio
288 587 388 648 seculo
408 588 500 650 beatis
519 587 641 666 prodest
660 588 700 648 ad
715 589 885 666 praemium.
927 588 966 649 Et
979 589 1025 649 sic
1034 588 1117 647 Deus

55 680 160 744 debite
173 685 316 762 praecipit
336 684 487 745 hominem
508 685 599 745 multa
619 685 715 746 facere
735 704 810 764 quae
832 686 974 746 inducunt
992 697 1117 746 mortem

56 782 213 861 popriam
232 784 424 861 corporalem,
446 802 515 844 cum
534 785 648 844 bonum
668 786 779 845 virtutis
802 805 839 846 ex
860 786 929 845 hinc
950 787 1117 864 acquiribile

57 878 103 941 sit.
116 879 209 958 longe
228 882 332 941 melius
351 899 442 959 quarn
461 881 519 941 vita
538 882 667 943 bominis
692 883 883 961 temporalis¹,
908 894 938 944 et
962 885 1004 945 sic
1028 902 1118 962 supra

10 988 14 1009 ¹
58 978 246 1041 nedioomm
265 991 358 1040 artem
378 989 496 1058 oportet
509 998 565 1039 nos
579 982 610 1039 in
624 991 701 1041 statu
714 982 901 1042 beatitudinis
920 982 1009 1060 figere
1029 983 1118 1042 fidem

58 1087 204 1150 nauum,
218 1089 248 1138 et
266 1078 449 1157 ultraquam
467 1080 614 1139 medicina
632 1081 780 1157 praecipit,
799 1081 1002 1156 praecavendo
1016 1083 1119 1141 mortis

58 1175 210 1237 mundae
231 1176 359 1254 periculo
383 1177 541 1255 prudenter
564 1179 595 1235 in
619 1177 715 1237 multis
740 1180 856 1239 casibus
878 1179 1018 1257 jejunare.
1070 1180 1118 1238 Ad

57 1275 172 1334 Μῶα
184 1283 266 1334 tuam
286 1276 455 1335 instantiam
477 1275 544 1335 dico
558 1275 639 1352 quod
653 1294 753 1336 verum
775 1277 805 1334 in
820 1277 924 1354 majori
944 1287 1026 1354 parte
1046 1295 1118 1336 con·

59 1369 167 1443 eludis,
180 1372 288 1433 scilicet
301 1373 383 1451 quod
399 1373 543 1452 Jejunium
562 1372 716 1433 hominum
735 1375 929 1434 communiter
948 1384 992 1433 est
1010 1375 1118 1451 impru-

60 1466 149 1540 dens,
171 1478 201 1529 et
224 1470 266 1530 sic
291 1473 457 1547 ‘generatio
478 1471 607 1532 adultera
621 1472 705 1549 signa
725 1470 889 1531 sensibilia²
905 1473 1076 1549 quaerens³'
1090 1478 1119 1532 et

60 1565 191 1627 fructum
212 1585 314 1628 eorum
333 1571 471 1628 omittens
488 1569 596 1646 decipit
616 1569 758 1646 plurimos
779 1587 847 1629 cum
863 1587 894 1629 se
908 1571 981 1646 ipsa.
1031 1569 1119 1630 Unde

61 1663 156 1736 multi,
180 1667 287 1743 quibua
310 1684 372 1725 non
397 1667 532 1726 convenit
557 1667 635 1727 istud
654 1667 806 1744 jejunium,
830 1676 898 1726 sunt
925 1669 964 1727 ab
991 1667 1040 1727 illo
1067 1686 1120 1744 per

61 1761 181 1840 regulas
190 1762 343 1823 bominum
353 1766 491 1837 excusati,
502 1775 534 1823 ut
545 1764 669 1843 juvenes
683 1774 712 1824 et
724 1765 926 1841 praegnatae‘,
940 1782 1025 1824 senes
1036 1775 1065 1824 et
1075 1766 1119 1824 in·

61 1860 142 1922 firmi
154 1871 185 1922 et
198 1861 386 1939 corporaliter
398 1862 572 1923 laborantes.
614 1861 651 1921 In
667 1862 729 1921 istis
743 1872 842 1922 tamen
861 1861 978 1939 posset⁶
992 1880 1057 1922 esse
1071 1881 1119 1922 so·

60 1958 229 2038 phisticatio
243 1977 281 2020 ex
295 1960 362 2032 hoc,
376 1959 458 2038 quod
468 1960 604 2021 homines
614 1977 676 2018 non
687 1959 783 2019 debite
795 1961 941 2019 abstinent
951 1977 970 2018 a
979 1971 1118 2037 peccst03

62 2057 104 2119 ed
116 2067 230 2118 tantum
243 2060 323 2118 enim
337 2069 366 2118 et
381 2078 442 2118 non
456 2060 580 2135 amplius
599 2059 667 2136 lego
681 2059 718 2118 de
733 2058 858 2130 Christ0,
873 2058 953 2135 quod
973 2059 1029 2118 tale
1045 2059 1119 2137 jeju·

61 2156 148 2217 nium
168 2157 319 2234 corporale
339 2157 519 2234 ponderavit,
533 2158 611 2216 unde
626 2153 686 2217 sui⁰
699 2156 833 2233 discipuli
854 2157 916 2216 sine
936 2175 990 2216 suo
1010 2158 1119 2234 impro-

62 2251 164 2332 perio'
183 2256 279 2332 spicas
300 2255 444 2314 fructuum
465 2257 601 2315 manibus
621 2255 816 2316 confricarunt
837 2267 866 2316 et
886 2256 1022 2327 edebant,
1044 2274 1119 2333 quos

61 2368 128 2412 non
141 2351 281 2430 vituperat
303 2351 355 2412 sed
369 2362 472 2412 contra
486 2352 657 2412 Pharisaeos
671 2365 798 2424 excusat,
812 2364 844 2412 ut
858 2362 937 2429 patet
951 2351 1054 2414 Matth.
1070 2355 1117 2411 xii.

61 2446 105 2510 Et
126 2448 169 2510 sic
181 2451 255 2510 ratio
275 2460 378 2511 tuaac
399 2450 559 2522 difficultas,
574 2468 663 2527 quam
684 2467 795 2522 moves,
816 2460 883 2509 sunt
903 2450 1119 2525 superficialiter

62 2546 186 2607 solitae.

484 2879 581 2940 CAP.
603 2878 701 2941 XXII.

518 3043 670 3105 Luxuria.

107 3210 228 3272 Alitlrrir.
270 3209 409 3288 Superest
429 3211 480 3269 tibi
502 3210 539 3270 de
559 3211 672 3270 luxuria
692 3222 721 3272 et
742 3213 805 3289 ejus
826 3213 971 3271 contrario
992 3221 1119 3288 pertrac-

62 3324 137 3383 tare,
165 3329 242 3382 cum,
271 3311 344 3370 sicut
371 3310 476 3382 dixisti,
504 3327 612 3386 corpus
639 3309 721 3386 quod
748 3311 834 3371 nimis
861 3310 953 3368 laute⁸
982 3310 1118 3386 pascitur,

64 3409 262 3470 communiter
282 3416 399 3484 spumat
419 3407 449 3464 in
470 3406 627 3466 libidinem.
670 3407 744 3466 Ideo
766 3407 923 3483 corporalis
946 3406 1120 3465 abstinentia

63 3507 170 3570 saltem
196 3525 215 3566 a
238 3505 464 3582 provocantibus
486 3506 524 3564 ad
548 3504 700 3576 luxuriam,
721 3504 827 3563 devota
848 3504 1007 3575 meditatio,
1029 3520 1118 3580 quam

64 3607 130 3667 vilis
151 3606 205 3666 erit
225 3621 295 3664 caro
315 3612 439 3674 mortua,
454 3613 483 3661 et
504 3603 697 3662 consideratio
718 3602 755 3661 de
771 3603 902 3678 praemio
917 3600 1076 3680 capiendo⁹
1091 3613 1119 3661 et

100 3810 109 3841 ¹
125 3809 176 3861 vita
182 3809 291 3861 hominis
299 3811 454 3877 temporalis]
462 3811 512 3861 vita
520 3810 655 3876 corporalis
663 3810 779 3866 hominis,
789 3810 881 3860 A.B.C.
956 3808 967 3839 ¹
982 3809 1106 3859 sensibilia

65 3875 326 3935 om.A.B.secundee,
336 3878 365 3927 C.
375 3877 563 3927 tertiaemanus.
627 3876 860 3938 'ci.Matt.xvi.4
932 3875 1107 3940 ‘praegnatae

66 3941 111 3991 ic.
122 3941 237 3991 mulieres
248 3949 418 4006 praegnantes.
453 3943 605 4006 Pmegnntae
616 3942 737 3996 mulieres.
750 3942 790 3998 A..
802 3942 832 3990 C.
844 3941 946 4005 primae,
959 3941 986 3988 B.
999 3940 1120 3990 secundae

65 4021 168 4063 mamm
186 4007 402 4071 praegnantesed.
411 4023 450 4072 pr.
515 4008 525 4035 ⁸
541 4008 636 4072 posset]
647 4014 738 4072 potest,
746 4005 775 4054 Β.
784 4006 878 4069 primae
885 4020 980 4061 manus,
988 4004 1021 4052 D.
1031 4004 1069 4054 ed.
1082 4021 1120 4069 pr.

65 4071 142 4136 ἐπὶ]
154 4071 214 4136 ejus,
226 4071 253 4120 B.
281 4072 462 4129 rimaemanus.
474 4071 512 4122 ed.
524 4088 562 4136 pr.
719 4069 962 4146 'improperio]i.e.
975 4070 1119 4134 opprobrio.

66 4136 236 4252 Ldlautehnn
272 4137 486 4202 primeemanus,
499 4137 537 4187 ed.
548 4153 586 4201 pr.
759 4135 1073 4201 'capiendo]obtineudn,
1086 4136 1124 4185 D:

99 4217 154 4266 .pr.
