2864 4836
495 438 751 517 JOANNIS
788 437 998 502 WICLIF
1189 458 1274 499 uuus

225 598 389 676 diligentius
409 609 438 658 et
459 599 589 658 subtilius
610 618 698 676 quam
717 599 846 660 fecerunt
864 598 1006 676 apostoli;
1037 599 1093 661 sed
1113 600 1226 660 factum
1243 598 1275 656 is·

224 707 320 756 torum
334 696 550 774 hypocritarum
566 697 652 757 docet
665 697 818 758 manifeste
832 715 918 757 suum
936 695 1140 758 mendacium.
1184 695 1274 770 Quo

224 814 339 871 cunque
354 813 424 872 ergo
438 796 526 855 virtus
540 813 616 872 quae
630 805 772 872 temperat
785 795 936 855 hominem
949 795 989 854 ad
1001 795 1204 873 mitigandum
1216 810 1275 872 pat·

224 893 321 952 siones
342 892 516 964 iracundiae,
532 903 628 970 potest
647 892 703 953 dici
722 893 776 953 sibi
795 893 940 971 opposita,
955 893 1015 952 sive
1033 891 1124 953 fuerit
1143 892 1276 972 patientia

224 991 284 1049 sive
297 991 404 1050 mititas
418 991 462 1049 vel
484 990 539 1050 alia
558 992 646 1051 virtus
665 991 854 1052 nominanda
895 989 984 1050 Unde
1002 991 1150 1067 patientia
1163 1000 1276 1051 vocatur

87 1064 147 1129 ὧν·
224 1090 311 1148 virtus
326 1107 394 1147 curn
408 1088 610 1165 tranquillitate
624 1090 740 1148 animae
754 1089 873 1166 injurias
884 1088 1043 1160 tolerandi;
1065 1097 1098 1148 et
1112 1090 1277 1148 mititasvo·

224 1196 304 1245 eatur
317 1188 405 1245 virtus
419 1205 437 1245 a
451 1187 644 1246 vindicatione
656 1186 753 1245 illicita
766 1187 899 1263 propriae
914 1185 1035 1263 injuriae
1050 1187 1233 1258 abstinendi;
1251 1194 1277 1242 et

224 1296 346 1363 utraque
362 1288 520 1364 opponitur
530 1287 705 1346 iracundiae.
748 1286 786 1345 Et
800 1296 897 1364 potest
910 1285 1012 1345 divisio
1026 1284 1136 1345 harum
1148 1287 1277 1345 virtutum

224 1386 289 1462 capi
303 1403 394 1462 penes
408 1402 526 1443 causam
544 1396 573 1445 et
586 1403 715 1463 poenam
733 1385 854 1462 iniuriae
872 1382 1008 1461 patiendi,
1022 1392 1055 1442 ut
1073 1383 1161 1443 aliter
1177 1399 1277 1460 passm

225 1493 269 1541 est
287 1483 385 1541 martir
399 1483 566 1542 immediate
581 1501 634 1559 pro
650 1482 775 1553 Christo,
790 1492 819 1542 et
837 1481 918 1542 aliter
936 1480 1086 1557 injuriatus
1101 1499 1122 1540 a
1134 1482 1277 1559 proximo,

224 1597 329 1638 omnes
352 1589 451 1638 tamen
476 1581 525 1657 qui
547 1581 694 1657 patiuntur
715 1580 841 1640 virtuose
865 1581 902 1641 ab
926 1578 1033 1656 aliquo,
1055 1579 1209 1656 patiuntur
1227 1594 1276 1656 pro

224 1695 324 1736 amore
349 1676 456 1736 Christi
480 1687 510 1736 et
534 1676 703 1737 defensione
728 1679 842 1754 passiva
864 1695 933 1737 suae
953 1676 1090 1755 justitIae.
1137 1676 1277 1737 Iatrones

223 1785 321 1834 autern
341 1774 504 1834 secundum
517 1775 709 1852 Augmlr'num
723 1785 752 1835 et
772 1775 819 1834 alii
839 1775 962 1835 malefici
982 1773 1082 1834 durius
1095 1773 1277 1852 puniuntur¹‚

223 1874 328 1950 quibus
343 1871 457 1933 tamen²
467 1891 555 1933 causa
565 1892 627 1933 non
638 1873 733 1945 valuit,
745 1873 812 1933 ideo
823 1890 883 1931 non
894 1891 931 1933 ex
941 1872 999 1932 hoe
1010 1871 1205 1933 solummodo
1214 1880 1277 1933 sum

224 1970 370 2041 laudandi,
384 1970 437 2030 sed
457 1971 608 2030 assistente
629 1971 802 2030 contritione
821 1972 918 2048 operis
936 1970 1094 2048 perpetrati
1112 1981 1144 2030 et
1159 1971 1276 2030 durante

225 2087 317 2145 usque
338 2069 376 2128 ad
395 2069 485 2128 finem
508 2069 590 2139 vitae,
610 2069 720 2128 videtur
740 2068 811 2127 mihi
831 2068 911 2146 quod
930 2067 1109 2128 laudabiliter
1127 2065 1277 2129 finierunt'

226 2169 313 2226 vitam
325 2185 417 2226 suam.
446 2166 504 2226 Sed
514 2186 579 2226 raro
588 2166 917 2226 hominibusinscelere
926 2166 1065 2226 induratis
1075 2165 1277 2228 hiefinlseve·

16 2320 17 2331 ,
51 2290 173 2356 υὺετιαῶπεε
228 2266 277 2324 nit.
319 2265 357 2323 Et
371 2276 501 2324 moveret
515 2265 638 2324 multum
652 2264 690 2324 ad
704 2263 925 2324 detestationem
939 2265 1052 2342 peccati
1065 2263 1238 2325 iracundiae
1249 2274 1276 2322 et

34 2333 58 2363 μ’
104 2373 116 2397 ¹¹
225 2365 474 2423 conservationem
489 2364 652 2439 patientiae,
667 2361 747 2440 quod
759 2363 868 2422 videtur
883 2363 987 2422 iratum
1000 2362 1031 2420 in
1042 2361 1100 2423 Dei
1115 2362 1276 2422 dominium

223 2461 434 2538 blasphemare.
469 2460 536 2519 Deo
547 2461 665 2537 quidem
677 2471 721 2519 est
732 2461 883 2538 proprium
897 2460 934 2520 de
945 2460 1054 2537 injuriis
1068 2461 1237 2521 commissis
1249 2462 1276 2520 in

224 2555 306 2618 eum⁴
322 2559 475 2627 vindicare,
491 2558 558 2617 ideo
574 2560 739 2634 quicunque
754 2559 855 2617 vitiose
871 2559 1032 2635 prorumpit
1046 2559 1076 2617 in
1096 2558 1180 2630 iram,
1196 2577 1276 2635 prae·

224 2658 311 2715 sumit
331 2656 488 2715 vindictam
509 2674 584 2733 quae
605 2656 672 2715 Deo
697 2667 741 2715 est
764 2656 891 2732 propria,
906 2666 934 2715 et
955 2674 1007 2733 per
1027 2673 1217 2733 consequens
1238 2659 1276 2716 sie

224 2754 415 2830 blasphemat.
459 2755 532 2813 ideo
553 2755 592 2812 ait
613 2754 685 2813 fides
707 2754 880 2831 scripturae:
913 2753 1001 2813 ‘mibi
1021 2753 1150 2814 vindicta
1170 2767 1200 2815 et
1220 2773 1276 2832 ego

225 2847 413 2910 retribuam⁶.’
456 2851 543 2911 Fides
564 2853 651 2910 etiam
672 2850 709 2910 de
730 2851 787 2910 Dei
808 2851 1020 2928 omnipotentia
1039 2853 1187 2912 moveret‘
1209 2871 1277 2913 suos

226 2949 299 3009 filios
320 2948 435 3009 adhoc
457 2950 544 3020 idem,
559 2968 626 3008 curn
647 2968 683 3007 ex
706 2949 763 3007 fide
784 2950 929 3009 credimus
950 2950 1030 3027 quod
1051 2968 1088 3009 ex
1102 2950 1160 3010 Dei
1181 2953 1277 3011 omni·

225 3048 354 3123 potentia
376 3047 534 3123 subterfugi
550 3065 610 3106 non
632 3056 728 3123 potest
745 3065 937 3123 quaeeunque
958 3047 1069 3124 injuria,
1084 3049 1158 3124 quin
1179 3049 1277 3109 aDeo

225 3145 262 3204 ad
277 3145 407 3221 regulam
422 3145 588 3203 vindicetur.
631 3143 719 3203 Fides
739 3146 827 3202 etiam
844 3144 930 3203 docet
943 3144 1000 3204 Dei
1021 3144 1103 3215 filios,
1119 3147 1203 3222 quod
1223 3147 1276 3207 hu·

225 3245 329 3303 militer
343 3243 517 3302 reservando
532 3243 598 3302 Deo
612 3242 776 3314 vindictam,
792 3254 888 3319 potest
902 3244 1011 3303 inimici
1031 3245 1187 3306 crudelitas
1203 3248 1278 3306 miti·

224 3343 295 3419 gari.
337 3342 374 3401 Et
389 3343 656 3419 quomodocunque
676 3343 712 3401 sit
727 3341 763 3401 de
778 3342 845 3413 hoe,
860 3343 929 3401 certi
948 3360 1050 3402 sumus
1063 3361 1101 3402 ex
1116 3343 1183 3415 fide,
1198 3346 1278 3423 quod

226 3442 340 3516 patiens
351 3459 411 3498 nou
424 3451 519 3515 potest
530 3440 687 3516 apraemio
698 3439 779 3516 largo
792 3440 931 3498 deficere:
951 3439 1020 3499 ideo
1031 3449 1092 3498 tam
1102 3443 1178 3501 ratio
1189 3461 1277 3521 quam

227 3537 298 3596 fides
313 3538 454 3613 evangelii
473 3538 671 3597 condemnant
686 3538 778 3597 taliter
792 3538 955 3597 iracundos,
1002 3536 1040 3597 Et
1059 3537 1129 3599 hinc
1145 3539 1277 3600 Christus

227 3634 314 3693 docet
328 3653 398 3693 suos
413 3636 562 3712 apostolos
577 3635 649 3695 Luc.
664 3637 722 3696 xxi.
737 3637 784 3694 ‘in
798 3637 936 3712 patientia
953 3636 1071 3712 (inquit)
1091 3639 1278 3714 possidebitis

227 3733 339 3792 animas
353 3733 494 3792 vestras⁷.'
530 3734 628 3793 Nemo
643 3735 721 3792 enim
736 3734 818 3792 sedet
833 3734 961 3793 securius
975 3735 1006 3793 in
1020 3734 1079 3794 vita
1091 3736 1186 3808 beata,
1199 3736 1278 3815 quod

227 3841 311 3890 sonat
336 3832 456 3890 verbum
481 3832 658 3908 possidendi,
686 3851 775 3910 quam
800 3832 839 3890 illi
863 3832 913 3909 qui
935 3849 989 3909 pro
1011 3832 1129 3894 Christo
1151 3848 1277 3896 mortem

260 4019 268 4048 ¹
285 4016 431 4131 puniuntur}
444 4017 577 4082 patiuntur.
586 4017 625 4074 C„
638 4019 665 4067 B.
678 4018 772 4083 primae
783 4034 878 4075 manus.
890 4019 928 4069 ed.
940 4033 978 4083 pr.
1087 4019 1098 4048 ¹
1113 4021 1210 4086 umen]
1222 4037 1277 4072 cum

226 4082 264 4133 ed.
276 4099 313 4147 pr.
389 4082 399 4112 ⁸
433 4082 541 4146 ulerunt]
553 4082 648 4140 finiunt,
660 4083 689 4132 B.
700 4085 793 4160 primae
804 4099 898 4138 manus.
910 4083 949 4133 ed.
979 4099 997 4133 r.
1080 4083 1278 4152 ‘eum]taliter‚

227 4147 272 4196 ins.
284 4148 322 4197 ed.
334 4164 371 4212 pr.
437 4147 446 4177 ⁶
463 4147 493 4199 cs.
507 4148 641 4198 Deuterou.
653 4150 725 4198 xxxii.
738 4163 784 4212 353
801 4149 942 4205 vindictam,
977 4149 1044 4201 ,ΒΩ
1128 4151 1139 4181 ⁸
1155 4152 1277 4218 moveret]

227 4220 346 4269 moneret,
358 4213 397 4263 ed.
409 4230 445 4278 pr.
543 4213 553 4241 ⁷
570 4214 728 4278 possidebitis
738 4214 834 4280 animas
844 4214 949 4280 vestras]
963 4221 1052 4274 vestra,
1063 4230 1115 4268 om.
1127 4216 1223 4269 A.B.C.
