<?xml version="1.0" encoding="UTF-8"?>
<!DOCTYPE html PUBLIC "-//W3C//DTD XHTML 1.0 Transitional//EN"
    "http://www.w3.org/TR/xhtml1/DTD/xhtml1-transitional.dtd">
<html xmlns="http://www.w3.org/1999/xhtml" xml:lang="en" lang="en">
 <head>
  <title>
</title>
<meta http-equiv="Content-Type" content="text/html;charset=utf-8" />
  <meta name='ocr-system' content='tesseract 3.04.00' />
  <meta name='ocr-capabilities' content='ocr_page ocr_carea ocr_par ocr_line ocrx_word'/>
</head>
<body>
  <div class='ocr_page' id='page_1' title='image "./trialoguscumsup00lechgoog_0375.png"; bbox 0 0 2864 4836; ppageno 0'>
   <div class='ocr_carea' id='block_1_1' title="bbox 513 392 1298 473">
    <p class='ocr_par' dir='ltr' id='par_1_1' title="bbox 513 392 1298 473">
     <span class='ocr_line' id='line_1_1' title="bbox 513 392 1298 473; baseline -0.004 -18"><span class='ocrx_word' id='word_1_1' title='bbox 513 392 772 473; x_wconf 74' lang='lat' dir='ltr'>Jonmrrs</span> <span class='ocrx_word' id='word_1_2' title='bbox 807 394 1050 459; x_wconf 71' lang='lat' dir='ltr'>merra*</span> <span class='ocrx_word' id='word_1_3' title='bbox 1234 416 1298 453; x_wconf 64' lang='grc' dir='ltr'>ω.</span> 
     </span>
    </p>
   </div>
   <div class='ocr_carea' id='block_1_2' title="bbox 242 554 1311 3663">
    <p class='ocr_par' dir='ltr' id='par_1_2' title="bbox 242 554 1311 2978">
     <span class='ocr_line' id='line_1_2' title="bbox 243 554 1300 636; baseline 0 -21"><span class='ocrx_word' id='word_1_4' title='bbox 243 555 343 616; x_wconf 84' lang='lat' dir='ltr'>iratres</span> <span class='ocrx_word' id='word_1_5' title='bbox 361 556 576 633; x_wconf 83' lang='lat' dir='ltr'>praedicatores</span> <span class='ocrx_word' id='word_1_6' title='bbox 594 556 708 617; x_wconf 83' lang='lat' dir='ltr'>fuerant</span> <span class='ocrx_word' id='word_1_7' title='bbox 727 555 899 617; x_wconf 87' lang='lat' dir='ltr'>introducti.</span> <span class='ocrx_word' id='word_1_8' title='bbox 949 557 1019 619; x_wconf 90' lang='lat' dir='ltr'>Sed</span> <span class='ocrx_word' id='word_1_9' title='bbox 1034 570 1150 636; x_wconf 85' lang='lat' dir='ltr'>quarta</span> <span class='ocrx_word' id='word_1_10' title='bbox 1162 568 1236 618; x_wconf 81' lang='lat' dir='ltr'>secta</span> <span class='ocrx_word' id='word_1_11' title='bbox 1247 554 1300 615; x_wconf 61' lang='lat' dir='ltr'>cm</span> 
     </span>
     <span class='ocr_line' id='line_1_3' title="bbox 242 650 1299 733; baseline 0.003 -21"><span class='ocrx_word' id='word_1_12' title='bbox 242 653 399 712; x_wconf 72' lang='lat' dir='ltr'>meldorum</span> <span class='ocrx_word' id='word_1_13' title='bbox 426 656 542 714; x_wconf 90' lang='lat' dir='ltr'>intuens</span> <span class='ocrx_word' id='word_1_14' title='bbox 569 655 648 714; x_wconf 86' lang='lat' dir='ltr'>illam</span> <span class='ocrx_word' id='word_1_15' title='bbox 675 654 825 714; x_wconf 87' lang='lat' dir='ltr'>fictionem</span> <span class='ocrx_word' id='word_1_16' title='bbox 853 656 1098 733; x_wconf 87' lang='lat' dir='ltr'>superaddidit¹</span> <span class='ocrx_word' id='word_1_17' title='bbox 1130 650 1299 723; x_wconf 68' lang='lat' dir='ltr'>mendaciter,</span> 
     </span>
     <span class='ocr_line' id='line_1_4' title="bbox 242 748 1300 829; baseline 0.002 -19"><span class='ocrx_word' id='word_1_18' title='bbox 242 752 323 829; x_wconf 92' lang='lat' dir='ltr'>quod</span> <span class='ocrx_word' id='word_1_19' title='bbox 343 761 410 812; x_wconf 91' lang='lat' dir='ltr'>ante</span> <span class='ocrx_word' id='word_1_20' title='bbox 431 753 663 813; x_wconf 78' lang='lat' dir='ltr'>incarnationem</span> <span class='ocrx_word' id='word_1_21' title='bbox 675 752 797 812; x_wconf 88' lang='lat' dir='ltr'>Domini</span> <span class='ocrx_word' id='word_1_22' title='bbox 817 752 873 812; x_wconf 89' lang='lat' dir='ltr'>sub</span> <span class='ocrx_word' id='word_1_23' title='bbox 890 751 991 812; x_wconf 87' lang='lat' dir='ltr'>Helia</span> <span class='ocrx_word' id='word_1_24' title='bbox 1013 754 1051 813; x_wconf 90' lang='lat' dir='ltr'>in</span> <span class='ocrx_word' id='word_1_25' title='bbox 1075 764 1185 814; x_wconf 87' lang='lat' dir='ltr'>monte</span> <span class='ocrx_word' id='word_1_26' title='bbox 1204 748 1300 812; x_wconf 77' lang='lat' dir='ltr'>Carmei</span> 
     </span>
     <span class='ocr_line' id='line_1_5' title="bbox 242 848 1301 928; baseline 0.001 -20"><span class='ocrx_word' id='word_1_27' title='bbox 242 851 273 908; x_wconf 92' lang='lat' dir='ltr'>in</span> <span class='ocrx_word' id='word_1_28' title='bbox 293 850 437 909; x_wconf 85' lang='lat' dir='ltr'>honorem</span> <span class='ocrx_word' id='word_1_29' title='bbox 458 851 560 910; x_wconf 88' lang='lat' dir='ltr'>beatae</span> <span class='ocrx_word' id='word_1_30' title='bbox 581 850 715 928; x_wconf 85' lang='lat' dir='ltr'>virginis⁸</span> <span class='ocrx_word' id='word_1_31' title='bbox 735 850 794 910; x_wconf 92' lang='lat' dir='ltr'>sint</span> <span class='ocrx_word' id='word_1_32' title='bbox 813 848 944 910; x_wconf 85' lang='lat' dir='ltr'>fundati.</span> <span class='ocrx_word' id='word_1_33' title='bbox 992 850 1062 911; x_wconf 86' lang='lat' dir='ltr'>Sed</span> <span class='ocrx_word' id='word_1_34' title='bbox 1090 870 1166 912; x_wconf 88' lang='lat' dir='ltr'>cum</span> <span class='ocrx_word' id='word_1_35' title='bbox 1185 852 1237 910; x_wconf 85' lang='lat' dir='ltr'>ista</span> <span class='ocrx_word' id='word_1_36' title='bbox 1254 856 1301 909; x_wconf 73' lang='lat' dir='ltr'>sat</span> 
     </span>
     <span class='ocr_line' id='line_1_6' title="bbox 242 946 1301 1029; baseline 0.002 -21"><span class='ocrx_word' id='word_1_37' title='bbox 242 950 309 1010; x_wconf 86' lang='lat' dir='ltr'>ficta</span> <span class='ocrx_word' id='word_1_38' title='bbox 333 949 495 1022; x_wconf 89' lang='lat' dir='ltr'>mendacia,</span> <span class='ocrx_word' id='word_1_39' title='bbox 516 950 590 1009; x_wconf 89' lang='lat' dir='ltr'>sicut</span> <span class='ocrx_word' id='word_1_40' title='bbox 612 950 707 1009; x_wconf 84' lang='lat' dir='ltr'>torma</span> <span class='ocrx_word' id='word_1_41' title='bbox 727 960 757 1009; x_wconf 92' lang='lat' dir='ltr'>et</span> <span class='ocrx_word' id='word_1_42' title='bbox 777 948 858 1009; x_wconf 89' lang='lat' dir='ltr'>color</span> <span class='ocrx_word' id='word_1_43' title='bbox 878 949 927 1008; x_wconf 89' lang='lat' dir='ltr'>sui</span> <span class='ocrx_word' id='word_1_44' title='bbox 954 948 1099 1023; x_wconf 88' lang='lat' dir='ltr'>habitus,</span> <span class='ocrx_word' id='word_1_45' title='bbox 1122 946 1219 1029; x_wconf 82' lang='lat' dir='ltr'>patet⁴</span> <span class='ocrx_word' id='word_1_46' title='bbox 1235 964 1301 1025; x_wconf 80' lang='lat' dir='ltr'>qum</span> 
     </span>
     <span class='ocr_line' id='line_1_7' title="bbox 243 1042 1302 1126; baseline 0.002 -20"><span class='ocrx_word' id='word_1_47' title='bbox 243 1047 359 1124; x_wconf 85' lang='lat' dir='ltr'>spissim</span> <span class='ocrx_word' id='word_1_48' title='bbox 373 1057 402 1106; x_wconf 89' lang='lat' dir='ltr'>et</span> <span class='ocrx_word' id='word_1_49' title='bbox 416 1064 541 1106; x_wconf 89' lang='lat' dir='ltr'>onerose</span> <span class='ocrx_word' id='word_1_50' title='bbox 559 1058 718 1124; x_wconf 90' lang='lat' dir='ltr'>sequuntur</span> <span class='ocrx_word' id='word_1_51' title='bbox 735 1058 847 1125; x_wconf 90' lang='lat' dir='ltr'>patrem</span> <span class='ocrx_word' id='word_1_52' title='bbox 867 1046 1037 1119; x_wconf 87' lang='lat' dir='ltr'>mendacii,</span> <span class='ocrx_word' id='word_1_53' title='bbox 1055 1051 1106 1109; x_wconf 92' lang='lat' dir='ltr'>sic</span> <span class='ocrx_word' id='word_1_54' title='bbox 1121 1048 1220 1126; x_wconf 78' lang='lat' dir='ltr'>quod⁵</span> <span class='ocrx_word' id='word_1_55' title='bbox 1231 1042 1302 1124; x_wconf 78' lang='lat' dir='ltr'>quod·</span> 
     </span>
     <span class='ocr_line' id='line_1_8' title="bbox 242 1143 1302 1224; baseline 0.001 -22"><span class='ocrx_word' id='word_1_56' title='bbox 242 1145 310 1202; x_wconf 92' lang='lat' dir='ltr'>libet</span> <span class='ocrx_word' id='word_1_57' title='bbox 330 1144 412 1202; x_wconf 89' lang='lat' dir='ltr'>filum</span> <span class='ocrx_word' id='word_1_58' title='bbox 433 1145 477 1203; x_wconf 87' lang='lat' dir='ltr'>sui</span> <span class='ocrx_word' id='word_1_59' title='bbox 497 1143 612 1204; x_wconf 87' lang='lat' dir='ltr'>habitus</span> <span class='ocrx_word' id='word_1_60' title='bbox 625 1154 721 1222; x_wconf 85' lang='lat' dir='ltr'>portat</span> <span class='ocrx_word' id='word_1_61' title='bbox 741 1143 938 1215; x_wconf 73' lang='lat' dir='ltr'>mendacium,</span> <span class='ocrx_word' id='word_1_62' title='bbox 953 1155 989 1203; x_wconf 89' lang='lat' dir='ltr'>et</span> <span class='ocrx_word' id='word_1_63' title='bbox 1002 1145 1084 1206; x_wconf 91' lang='lat' dir='ltr'>hinc</span> <span class='ocrx_word' id='word_1_64' title='bbox 1106 1156 1225 1224; x_wconf 86' lang='lat' dir='ltr'>praeter</span> <span class='ocrx_word' id='word_1_65' title='bbox 1240 1158 1302 1203; x_wconf 70' lang='lat' dir='ltr'>mse</span> 
     </span>
     <span class='ocr_line' id='line_1_9' title="bbox 243 1240 1303 1319; baseline 0.002 -19"><span class='ocrx_word' id='word_1_66' title='bbox 243 1241 326 1300; x_wconf 87' lang='lat' dir='ltr'>dacia</span> <span class='ocrx_word' id='word_1_67' title='bbox 339 1243 415 1300; x_wconf 89' lang='lat' dir='ltr'>vitae</span> <span class='ocrx_word' id='word_1_68' title='bbox 433 1252 463 1302; x_wconf 91' lang='lat' dir='ltr'>et</span> <span class='ocrx_word' id='word_1_69' title='bbox 480 1243 577 1319; x_wconf 92' lang='lat' dir='ltr'>operis</span> <span class='ocrx_word' id='word_1_70' title='bbox 591 1243 622 1301; x_wconf 93' lang='lat' dir='ltr'>in</span> <span class='ocrx_word' id='word_1_71' title='bbox 636 1243 695 1302; x_wconf 91' lang='lat' dir='ltr'>suis</span> <span class='ocrx_word' id='word_1_72' title='bbox 712 1243 825 1319; x_wconf 77' lang='lat' dir='ltr'>signis&#39;,</span> <span class='ocrx_word' id='word_1_73' title='bbox 839 1258 916 1318; x_wconf 88' lang='lat' dir='ltr'>quae</span> <span class='ocrx_word' id='word_1_74' title='bbox 930 1240 993 1300; x_wconf 88' lang='lat' dir='ltr'>sibi</span> <span class='ocrx_word' id='word_1_75' title='bbox 1008 1243 1189 1315; x_wconf 87' lang='lat' dir='ltr'>instituunt,</span> <span class='ocrx_word' id='word_1_76' title='bbox 1202 1244 1303 1302; x_wconf 69' lang='lat' dir='ltr'>mim</span> 
     </span>
     <span class='ocr_line' id='line_1_10' title="bbox 243 1337 1304 1419; baseline 0.005 -22"><span class='ocrx_word' id='word_1_77' title='bbox 243 1349 381 1415; x_wconf 83' lang='lat' dir='ltr'>tanquam</span> <span class='ocrx_word' id='word_1_78' title='bbox 408 1339 577 1417; x_wconf 88' lang='lat' dir='ltr'>hypocritae</span> <span class='ocrx_word' id='word_1_79' title='bbox 605 1340 758 1399; x_wconf 87' lang='lat' dir='ltr'>mendacia</span> <span class='ocrx_word' id='word_1_80' title='bbox 785 1339 829 1399; x_wconf 91' lang='lat' dir='ltr'>sui</span> <span class='ocrx_word' id='word_1_81' title='bbox 861 1338 928 1398; x_wconf 83' lang='lat' dir='ltr'>oris</span> <span class='ocrx_word' id='word_1_82' title='bbox 991 1337 1034 1399; x_wconf 86' lang='lat' dir='ltr'>Et</span> <span class='ocrx_word' id='word_1_83' title='bbox 1066 1342 1151 1402; x_wconf 88' lang='lat' dir='ltr'>istos</span> <span class='ocrx_word' id='word_1_84' title='bbox 1178 1348 1304 1419; x_wconf 68' lang='lat' dir='ltr'>apum</span> 
     </span>
     <span class='ocr_line' id='line_1_11' title="bbox 242 1435 1305 1512; baseline 0.001 -17"><span class='ocrx_word' id='word_1_85' title='bbox 242 1437 353 1495; x_wconf 87' lang='lat' dir='ltr'>videtur</span> <span class='ocrx_word' id='word_1_86' title='bbox 374 1436 515 1498; x_wconf 88' lang='lat' dir='ltr'>Salomon</span> <span class='ocrx_word' id='word_1_87' title='bbox 534 1438 698 1498; x_wconf 87' lang='lat' dir='ltr'>describere</span> <span class='ocrx_word' id='word_1_88' title='bbox 715 1436 851 1497; x_wconf 90' lang='lat' dir='ltr'>Proverb.</span> <span class='ocrx_word' id='word_1_89' title='bbox 865 1437 911 1502; x_wconf 86' lang='lat' dir='ltr'>vi..</span> <span class='ocrx_word' id='word_1_90' title='bbox 926 1435 1006 1495; x_wconf 92' lang='lat' dir='ltr'>dum</span> <span class='ocrx_word' id='word_1_91' title='bbox 1026 1438 1074 1498; x_wconf 91' lang='lat' dir='ltr'>sic</span> <span class='ocrx_word' id='word_1_92' title='bbox 1097 1439 1191 1512; x_wconf 81' lang='lat' dir='ltr'>dicit3</span> <span class='ocrx_word' id='word_1_93' title='bbox 1206 1444 1216 1471; x_wconf 78' lang='lat'>⁴</span> <span class='ocrx_word' id='word_1_94' title='bbox 1231 1436 1305 1496; x_wconf 78' lang='lat' dir='ltr'>hom</span> 
     </span>
     <span class='ocr_line' id='line_1_12' title="bbox 243 1532 1306 1612; baseline 0 -20"><span class='ocrx_word' id='word_1_95' title='bbox 243 1544 383 1610; x_wconf 88' lang='lat' dir='ltr'>apostata,</span> <span class='ocrx_word' id='word_1_96' title='bbox 404 1535 447 1592; x_wconf 81' lang='lat' dir='ltr'>vir</span> <span class='ocrx_word' id='word_1_97' title='bbox 466 1535 582 1607; x_wconf 90' lang='lat' dir='ltr'>inutilis,</span> <span class='ocrx_word' id='word_1_98' title='bbox 602 1535 732 1612; x_wconf 78' lang='lat' dir='ltr'>graditur</span> <span class='ocrx_word' id='word_1_99' title='bbox 752 1552 803 1595; x_wconf 91' lang='lat' dir='ltr'>ore</span> <span class='ocrx_word' id='word_1_100' title='bbox 823 1550 971 1610; x_wconf 88' lang='lat' dir='ltr'>perverso,</span> <span class='ocrx_word' id='word_1_101' title='bbox 996 1536 1112 1595; x_wconf 86' lang='lat' dir='ltr'>annuit</span> <span class='ocrx_word' id='word_1_102' title='bbox 1134 1535 1239 1605; x_wconf 82' lang='lat' dir='ltr'>oculis,</span> <span class='ocrx_word' id='word_1_103' title='bbox 1255 1532 1306 1592; x_wconf 80' lang='lat' dir='ltr'>teri</span> 
     </span>
     <span class='ocr_line' id='line_1_13' title="bbox 243 1629 1306 1710; baseline 0.002 -20"><span class='ocrx_word' id='word_1_104' title='bbox 243 1632 328 1708; x_wconf 91' lang='lat' dir='ltr'>pede,</span> <span class='ocrx_word' id='word_1_105' title='bbox 344 1632 436 1708; x_wconf 82' lang='lat' dir='ltr'>digito</span> <span class='ocrx_word' id='word_1_106' title='bbox 458 1632 592 1710; x_wconf 89' lang='lat' dir='ltr'>loquitur,</span> <span class='ocrx_word' id='word_1_107' title='bbox 612 1650 701 1710; x_wconf 89' lang='lat' dir='ltr'>pravo</span> <span class='ocrx_word' id='word_1_108' title='bbox 722 1631 810 1692; x_wconf 93' lang='lat' dir='ltr'>corde</span> <span class='ocrx_word' id='word_1_109' title='bbox 830 1630 1019 1690; x_wconf 86' lang='lat' dir='ltr'>machinatur</span> <span class='ocrx_word' id='word_1_110' title='bbox 1039 1633 1178 1706; x_wconf 87' lang='lat' dir='ltr'>malurn,</span> <span class='ocrx_word' id='word_1_111' title='bbox 1192 1643 1223 1694; x_wconf 86' lang='lat' dir='ltr'>et</span> <span class='ocrx_word' id='word_1_112' title='bbox 1239 1629 1306 1692; x_wconf 64' lang='grc' dir='ltr'>οιαὶ</span> 
     </span>
     <span class='ocr_line' id='line_1_14' title="bbox 245 1728 1307 1810; baseline 0 -21"><span class='ocrx_word' id='word_1_113' title='bbox 245 1740 375 1806; x_wconf 90' lang='lat' dir='ltr'>ternpore</span> <span class='ocrx_word' id='word_1_114' title='bbox 398 1730 494 1807; x_wconf 88' lang='lat' dir='ltr'>jurgia</span> <span class='ocrx_word' id='word_1_115' title='bbox 518 1731 659 1801; x_wconf 86' lang='lat' dir='ltr'>seminat,&#39;</span> <span class='ocrx_word' id='word_1_116' title='bbox 683 1742 716 1790; x_wconf 93' lang='lat' dir='ltr'>ut</span> <span class='ocrx_word' id='word_1_117' title='bbox 744 1731 814 1789; x_wconf 87' lang='lat' dir='ltr'>alias</span> <span class='ocrx_word' id='word_1_118' title='bbox 842 1728 1041 1807; x_wconf 80' lang='lat' dir='ltr'>particulatim</span> <span class='ocrx_word' id='word_1_119' title='bbox 1065 1734 1214 1810; x_wconf 86' lang='lat' dir='ltr'>exposui.</span> <span class='ocrx_word' id='word_1_120' title='bbox 1261 1728 1307 1789; x_wconf 78' lang='lat' dir='ltr'>tlt</span> 
     </span>
     <span class='ocr_line' id='line_1_15' title="bbox 245 1826 1309 1909; baseline -0.002 -22"><span class='ocrx_word' id='word_1_121' title='bbox 245 1839 342 1887; x_wconf 90' lang='lat' dir='ltr'>autem</span> <span class='ocrx_word' id='word_1_122' title='bbox 363 1829 493 1888; x_wconf 88' lang='lat' dir='ltr'>videntes</span> <span class='ocrx_word' id='word_1_123' title='bbox 514 1828 644 1888; x_wconf 88' lang='lat' dir='ltr'>habenas</span> <span class='ocrx_word' id='word_1_124' title='bbox 663 1828 809 1888; x_wconf 88' lang='lat' dir='ltr'>mendacii</span> <span class='ocrx_word' id='word_1_125' title='bbox 830 1828 872 1888; x_wconf 89' lang='lat' dir='ltr'>sic</span> <span class='ocrx_word' id='word_1_126' title='bbox 891 1826 1005 1886; x_wconf 85' lang='lat' dir='ltr'>laxatas</span> <span class='ocrx_word' id='word_1_127' title='bbox 1027 1828 1168 1906; x_wconf 87' lang='lat' dir='ltr'>fingunt,</span> <span class='ocrx_word' id='word_1_128' title='bbox 1190 1828 1309 1909; x_wconf 85' lang='lat' dir='ltr'>qoodia</span> 
     </span>
     <span class='ocr_line' id='line_1_16' title="bbox 248 1923 1309 2003; baseline 0.005 -20"><span class='ocrx_word' id='word_1_129' title='bbox 248 1924 337 2001; x_wconf 82' lang='lat' dir='ltr'>Caym</span> <span class='ocrx_word' id='word_1_130' title='bbox 355 1925 470 1985; x_wconf 85' lang='lat' dir='ltr'>fuerunt</span> <span class='ocrx_word' id='word_1_131' title='bbox 490 1927 563 1986; x_wconf 89' lang='lat' dir='ltr'>istae</span> <span class='ocrx_word' id='word_1_132' title='bbox 582 1936 678 1986; x_wconf 89' lang='lat' dir='ltr'>sectae</span> <span class='ocrx_word' id='word_1_133' title='bbox 697 1936 832 2003; x_wconf 88' lang='lat' dir='ltr'>quattuor</span> <span class='ocrx_word' id='word_1_134' title='bbox 849 1923 1016 1997; x_wconf 89' lang='lat' dir='ltr'>inchoatae,</span> <span class='ocrx_word' id='word_1_135' title='bbox 1031 1936 1065 1985; x_wconf 92' lang='lat' dir='ltr'>et</span> <span class='ocrx_word' id='word_1_136' title='bbox 1084 1928 1134 1987; x_wconf 85' lang='lat' dir='ltr'>sic</span> <span class='ocrx_word' id='word_1_137' title='bbox 1148 1946 1212 1988; x_wconf 80' lang='lat' dir='ltr'>vox</span> <span class='ocrx_word' id='word_1_138' title='bbox 1228 1926 1309 1987; x_wconf 60' lang='lat' dir='ltr'>habi</span> 
     </span>
     <span class='ocr_line' id='line_1_17' title="bbox 245 2022 1310 2101; baseline 0.003 -19"><span class='ocrx_word' id='word_1_139' title='bbox 245 2025 289 2082; x_wconf 91' lang='lat' dir='ltr'>sui</span> <span class='ocrx_word' id='word_1_140' title='bbox 313 2023 398 2094; x_wconf 87' lang='lat' dir='ltr'>Abel,</span> <span class='ocrx_word' id='word_1_141' title='bbox 426 2024 465 2083; x_wconf 89' lang='lat' dir='ltr'>ad</span> <span class='ocrx_word' id='word_1_142' title='bbox 492 2024 677 2101; x_wconf 87' lang='lat' dir='ltr'>figurandum</span> <span class='ocrx_word' id='word_1_143' title='bbox 705 2022 811 2083; x_wconf 88' lang='lat' dir='ltr'>horum</span> <span class='ocrx_word' id='word_1_144' title='bbox 837 2022 958 2083; x_wconf 82' lang='lat' dir='ltr'>fratrum</span> <span class='ocrx_word' id='word_1_145' title='bbox 985 2023 1149 2097; x_wconf 86' lang='lat' dir='ltr'>malitiam,</span> <span class='ocrx_word' id='word_1_146' title='bbox 1180 2025 1220 2085; x_wconf 84' lang='lat' dir='ltr'>de</span> <span class='ocrx_word' id='word_1_147' title='bbox 1245 2036 1310 2084; x_wconf 80' lang='lat' dir='ltr'>tem</span> 
     </span>
     <span class='ocr_line' id='line_1_18' title="bbox 245 2120 1311 2201; baseline 0.003 -21"><span class='ocrx_word' id='word_1_148' title='bbox 245 2121 380 2180; x_wconf 87' lang='lat' dir='ltr'>clamavit</span> <span class='ocrx_word' id='word_1_149' title='bbox 400 2121 438 2181; x_wconf 89' lang='lat' dir='ltr'>ad</span> <span class='ocrx_word' id='word_1_150' title='bbox 458 2121 644 2181; x_wconf 76' lang='lat' dir='ltr'>Dominum&#39;.</span> <span class='ocrx_word' id='word_1_151' title='bbox 685 2120 724 2180; x_wconf 89' lang='lat' dir='ltr'>Et</span> <span class='ocrx_word' id='word_1_152' title='bbox 744 2122 775 2180; x_wconf 90' lang='lat' dir='ltr'>in</span> <span class='ocrx_word' id='word_1_153' title='bbox 795 2120 993 2181; x_wconf 89' lang='lat' dir='ltr'>testimonium</span> <span class='ocrx_word' id='word_1_154' title='bbox 1014 2121 1160 2195; x_wconf 73' lang='lat' dir='ltr'>istem,</span> <span class='ocrx_word' id='word_1_155' title='bbox 1182 2132 1311 2201; x_wconf 86' lang='lat' dir='ltr'>quattuor</span> 
     </span>
     <span class='ocr_line' id='line_1_19' title="bbox 246 2217 1310 2295; baseline 0.003 -19"><span class='ocrx_word' id='word_1_156' title='bbox 246 2219 342 2276; x_wconf 89' lang='lat' dir='ltr'>literae</span> <span class='ocrx_word' id='word_1_157' title='bbox 363 2217 450 2295; x_wconf 90' lang='lat' dir='ltr'>hujus</span> <span class='ocrx_word' id='word_1_158' title='bbox 470 2219 598 2278; x_wconf 91' lang='lat' dir='ltr'>nominis</span> <span class='ocrx_word' id='word_1_159' title='bbox 616 2218 698 2278; x_wconf 80' lang='lat' dir='ltr'>Caria</span> <span class='ocrx_word' id='word_1_160' title='bbox 718 2219 857 2278; x_wconf 89' lang='lat' dir='ltr'>inchoant</span> <span class='ocrx_word' id='word_1_161' title='bbox 876 2217 931 2277; x_wconf 92' lang='lat' dir='ltr'>hos</span> <span class='ocrx_word' id='word_1_162' title='bbox 952 2227 1096 2294; x_wconf 91' lang='lat' dir='ltr'>quattuor</span> <span class='ocrx_word' id='word_1_163' title='bbox 1116 2222 1252 2293; x_wconf 86' lang='lat' dir='ltr'>ordines,</span> <span class='ocrx_word' id='word_1_164' title='bbox 1270 2237 1310 2279; x_wconf 74' lang='lat' dir='ltr'>se</span> 
     </span>
     <span class='ocr_line' id='line_1_20' title="bbox 248 2314 1310 2397; baseline 0.004 -23"><span class='ocrx_word' id='word_1_165' title='bbox 248 2316 376 2375; x_wconf 89' lang='lat' dir='ltr'>cundum</span> <span class='ocrx_word' id='word_1_166' title='bbox 395 2316 529 2376; x_wconf 88' lang='lat' dir='ltr'>ordinem</span> <span class='ocrx_word' id='word_1_167' title='bbox 547 2317 696 2392; x_wconf 88' lang='lat' dir='ltr'>temporis,</span> <span class='ocrx_word' id='word_1_168' title='bbox 711 2333 771 2394; x_wconf 94' lang='lat' dir='ltr'>quo</span> <span class='ocrx_word' id='word_1_169' title='bbox 791 2316 938 2393; x_wconf 80' lang='lat' dir='ltr'>fingrmtur</span> <span class='ocrx_word' id='word_1_170' title='bbox 955 2333 974 2374; x_wconf 90' lang='lat' dir='ltr'>a</span> <span class='ocrx_word' id='word_1_171' title='bbox 992 2314 1136 2377; x_wconf 84' lang='lat' dir='ltr'>fratribus</span> <span class='ocrx_word' id='word_1_172' title='bbox 1157 2319 1310 2397; x_wconf 76' lang='lat' dir='ltr'>incepisse,</span> 
     </span>
     <span class='ocr_line' id='line_1_21' title="bbox 247 2411 1310 2492; baseline 0.003 -20"><span class='ocrx_word' id='word_1_173' title='bbox 247 2416 286 2472; x_wconf 89' lang='lat' dir='ltr'>ita</span> <span class='ocrx_word' id='word_1_174' title='bbox 313 2414 394 2490; x_wconf 94' lang='lat' dir='ltr'>quod</span> <span class='ocrx_word' id='word_1_175' title='bbox 422 2413 457 2473; x_wconf 87' lang='lat' dir='ltr'>C.</span> <span class='ocrx_word' id='word_1_176' title='bbox 486 2413 680 2485; x_wconf 84' lang='lat' dir='ltr'>Carmelitas&#39;,</span> <span class='ocrx_word' id='word_1_177' title='bbox 710 2415 746 2473; x_wconf 82' lang='lat' dir='ltr'>A.</span> <span class='ocrx_word' id='word_1_178' title='bbox 776 2414 1015 2491; x_wconf 82' lang='lat' dir='ltr'>Augustinenses,</span> <span class='ocrx_word' id='word_1_179' title='bbox 1043 2411 1073 2490; x_wconf 89' lang='lat' dir='ltr'>J.</span> <span class='ocrx_word' id='word_1_180' title='bbox 1101 2413 1260 2492; x_wconf 83' lang='lat' dir='ltr'>Jaoohitas</span> <span class='ocrx_word' id='word_1_181' title='bbox 1282 2422 1310 2475; x_wconf 85' lang='lat' dir='ltr'>ct</span> 
     </span>
     <span class='ocr_line' id='line_1_22' title="bbox 247 2511 1309 2589; baseline 0.004 -20"><span class='ocrx_word' id='word_1_182' title='bbox 247 2511 290 2569; x_wconf 92' lang='lat' dir='ltr'>M.</span> <span class='ocrx_word' id='word_1_183' title='bbox 305 2512 437 2571; x_wconf 88' lang='lat' dir='ltr'>Minores</span> <span class='ocrx_word' id='word_1_184' title='bbox 456 2512 606 2587; x_wconf 88' lang='lat' dir='ltr'>significat,</span> <span class='ocrx_word' id='word_1_185' title='bbox 624 2511 786 2571; x_wconf 91' lang='lat' dir='ltr'>seeundum</span> <span class='ocrx_word' id='word_1_186' title='bbox 803 2512 938 2571; x_wconf 90' lang='lat' dir='ltr'>ordinem</span> <span class='ocrx_word' id='word_1_187' title='bbox 956 2512 1102 2587; x_wconf 87' lang='lat' dir='ltr'>temporis</span> <span class='ocrx_word' id='word_1_188' title='bbox 1116 2530 1212 2589; x_wconf 91' lang='lat' dir='ltr'>quem</span> <span class='ocrx_word' id='word_1_189' title='bbox 1231 2531 1309 2572; x_wconf 88' lang='lat' dir='ltr'>meu·</span> 
     </span>
     <span class='ocr_line' id='line_1_23' title="bbox 247 2609 1309 2686; baseline 0.003 -19"><span class='ocrx_word' id='word_1_190' title='bbox 247 2610 355 2668; x_wconf 91' lang='lat' dir='ltr'>daciter</span> <span class='ocrx_word' id='word_1_191' title='bbox 380 2611 434 2668; x_wconf 90' lang='lat' dir='ltr'>sibi</span> <span class='ocrx_word' id='word_1_192' title='bbox 459 2611 579 2686; x_wconf 89' lang='lat' dir='ltr'>fingunt.</span> <span class='ocrx_word' id='word_1_193' title='bbox 633 2609 692 2669; x_wconf 91' lang='lat' dir='ltr'>Sed</span> <span class='ocrx_word' id='word_1_194' title='bbox 716 2609 904 2686; x_wconf 86' lang='lat' dir='ltr'>aggregando</span> <span class='ocrx_word' id='word_1_195' title='bbox 929 2626 996 2668; x_wconf 87' lang='lat' dir='ltr'>suas</span> <span class='ocrx_word' id='word_1_196' title='bbox 1020 2610 1171 2685; x_wconf 83' lang='lat' dir='ltr'>nequitias</span> <span class='ocrx_word' id='word_1_197' title='bbox 1200 2612 1309 2670; x_wconf 88' lang='lat' dir='ltr'>videtur</span> 
     </span>
     <span class='ocr_line' id='line_1_24' title="bbox 247 2706 1308 2785; baseline 0.002 -21"><span class='ocrx_word' id='word_1_198' title='bbox 247 2708 325 2779; x_wconf 89' lang='lat' dir='ltr'>mihi,</span> <span class='ocrx_word' id='word_1_199' title='bbox 348 2708 428 2783; x_wconf 91' lang='lat' dir='ltr'>quod</span> <span class='ocrx_word' id='word_1_200' title='bbox 453 2708 518 2766; x_wconf 89' lang='lat' dir='ltr'>licet</span> <span class='ocrx_word' id='word_1_201' title='bbox 544 2707 720 2783; x_wconf 80' lang='lat' dir='ltr'>originaliter</span> <span class='ocrx_word' id='word_1_202' title='bbox 741 2709 771 2765; x_wconf 92' lang='lat' dir='ltr'>in</span> <span class='ocrx_word' id='word_1_203' title='bbox 793 2706 878 2767; x_wconf 90' lang='lat' dir='ltr'>Caim</span> <span class='ocrx_word' id='word_1_204' title='bbox 898 2707 1077 2782; x_wconf 86' lang='lat' dir='ltr'>inceperant,</span> <span class='ocrx_word' id='word_1_205' title='bbox 1100 2708 1223 2766; x_wconf 75' lang='lat' dir='ltr'>tamen·</span> <span class='ocrx_word' id='word_1_206' title='bbox 1244 2718 1308 2785; x_wconf 86' lang='lat' dir='ltr'>post</span> 
     </span>
     <span class='ocr_line' id='line_1_25' title="bbox 248 2803 1308 2882; baseline 0.002 -19"><span class='ocrx_word' id='word_1_207' title='bbox 248 2805 423 2863; x_wconf 88' lang='lat' dir='ltr'>solutionem</span> <span class='ocrx_word' id='word_1_208' title='bbox 444 2804 589 2863; x_wconf 90' lang='lat' dir='ltr'>Sathanae</span> <span class='ocrx_word' id='word_1_209' title='bbox 603 2815 632 2863; x_wconf 92' lang='lat' dir='ltr'>et</span> <span class='ocrx_word' id='word_1_210' title='bbox 652 2823 704 2880; x_wconf 93' lang='lat' dir='ltr'>per</span> <span class='ocrx_word' id='word_1_211' title='bbox 724 2805 788 2882; x_wconf 89' lang='lat' dir='ltr'>ejus</span> <span class='ocrx_word' id='word_1_212' title='bbox 807 2804 949 2864; x_wconf 88' lang='lat' dir='ltr'>cautelam</span> <span class='ocrx_word' id='word_1_213' title='bbox 968 2804 1022 2863; x_wconf 91' lang='lat' dir='ltr'>sub</span> <span class='ocrx_word' id='word_1_214' title='bbox 1037 2803 1135 2879; x_wconf 85' lang='lat' dir='ltr'>figura</span> <span class='ocrx_word' id='word_1_215' title='bbox 1149 2806 1308 2865; x_wconf 76' lang='lat' dir='ltr'>sanctitatis</span> 
     </span>
     <span class='ocr_line' id='line_1_26' title="bbox 248 2902 695 2978; baseline 0.002 -20"><span class='ocrx_word' id='word_1_216' title='bbox 248 2902 293 2961; x_wconf 89' lang='lat' dir='ltr'>isti</span> <span class='ocrx_word' id='word_1_217' title='bbox 309 2902 476 2978; x_wconf 82' lang='lat' dir='ltr'>hypocritae</span> <span class='ocrx_word' id='word_1_218' title='bbox 491 2912 559 2960; x_wconf 89' lang='lat' dir='ltr'>sunt</span> <span class='ocrx_word' id='word_1_219' title='bbox 573 2903 695 2961; x_wconf 91' lang='lat' dir='ltr'>excussi.</span> 
     </span>
    </p>

    <p class='ocr_par' dir='ltr' id='par_1_3' title="bbox 248 2999 1307 3663">
     <span class='ocr_line' id='line_1_27' title="bbox 290 2999 1307 3076; baseline 0.004 -18"><span class='ocrx_word' id='word_1_220' title='bbox 290 2999 347 3058; x_wconf 85' lang='lat' dir='ltr'>Sed</span> <span class='ocrx_word' id='word_1_221' title='bbox 374 3001 442 3076; x_wconf 91' lang='lat' dir='ltr'>quia</span> <span class='ocrx_word' id='word_1_222' title='bbox 465 3001 556 3059; x_wconf 91' lang='lat' dir='ltr'>homo</span> <span class='ocrx_word' id='word_1_223' title='bbox 581 3010 682 3076; x_wconf 89' lang='lat' dir='ltr'>posset</span> <span class='ocrx_word' id='word_1_224' title='bbox 705 3000 735 3057; x_wconf 94' lang='lat' dir='ltr'>in</span> <span class='ocrx_word' id='word_1_225' title='bbox 756 2999 900 3059; x_wconf 88' lang='lat' dir='ltr'>infinitum</span> <span class='ocrx_word' id='word_1_226' title='bbox 925 2999 982 3058; x_wconf 90' lang='lat' dir='ltr'>labi</span> <span class='ocrx_word' id='word_1_227' title='bbox 1006 2999 1036 3056; x_wconf 95' lang='lat' dir='ltr'>in</span> <span class='ocrx_word' id='word_1_228' title='bbox 1061 3000 1125 3059; x_wconf 89' lang='lat' dir='ltr'>istis</span> <span class='ocrx_word' id='word_1_229' title='bbox 1146 3001 1307 3062; x_wconf 84' lang='lat' dir='ltr'>mendaciis</span> 
     </span>
     <span class='ocr_line' id='line_1_28' title="bbox 248 3097 1307 3174; baseline 0.001 -18"><span class='ocrx_word' id='word_1_230' title='bbox 248 3099 396 3170; x_wconf 87' lang='lat' dir='ltr'>sabulosis,</span> <span class='ocrx_word' id='word_1_231' title='bbox 412 3099 479 3158; x_wconf 90' lang='lat' dir='ltr'>ideo</span> <span class='ocrx_word' id='word_1_232' title='bbox 498 3099 649 3174; x_wconf 89' lang='lat' dir='ltr'>supposita</span> <span class='ocrx_word' id='word_1_233' title='bbox 668 3098 772 3156; x_wconf 90' lang='lat' dir='ltr'>harum</span> <span class='ocrx_word' id='word_1_234' title='bbox 791 3108 934 3157; x_wconf 90' lang='lat' dir='ltr'>sectarum</span> <span class='ocrx_word' id='word_1_235' title='bbox 953 3097 1115 3169; x_wconf 84' lang='lat' dir='ltr'>existentia,</span> <span class='ocrx_word' id='word_1_236' title='bbox 1129 3100 1225 3159; x_wconf 90' lang='lat' dir='ltr'>multa</span> <span class='ocrx_word' id='word_1_237' title='bbox 1239 3118 1307 3159; x_wconf 89' lang='lat' dir='ltr'>con·</span> 
     </span>
     <span class='ocr_line' id='line_1_29' title="bbox 249 3195 1306 3274; baseline 0.003 -21"><span class='ocrx_word' id='word_1_238' title='bbox 249 3198 395 3254; x_wconf 87' lang='lat' dir='ltr'>cernentia</span> <span class='ocrx_word' id='word_1_239' title='bbox 410 3205 516 3254; x_wconf 85' lang='lat' dir='ltr'>statum</span> <span class='ocrx_word' id='word_1_240' title='bbox 531 3196 678 3255; x_wconf 86' lang='lat' dir='ltr'>militantis</span> <span class='ocrx_word' id='word_1_241' title='bbox 693 3196 832 3255; x_wconf 89' lang='lat' dir='ltr'>ecclesiae</span> <span class='ocrx_word' id='word_1_242' title='bbox 847 3206 915 3254; x_wconf 89' lang='lat' dir='ltr'>sunt</span> <span class='ocrx_word' id='word_1_243' title='bbox 929 3195 1066 3254; x_wconf 85' lang='lat' dir='ltr'>notanda</span> <span class='ocrx_word' id='word_1_244' title='bbox 1107 3195 1215 3255; x_wconf 79' lang='lat' dir='ltr'>Prrino</span> <span class='ocrx_word' id='word_1_245' title='bbox 1229 3197 1306 3274; x_wconf 90' lang='lat' dir='ltr'>quod</span> 
     </span>
     <span class='ocr_line' id='line_1_30' title="bbox 248 3292 1307 3370; baseline 0 -20"><span class='ocrx_word' id='word_1_246' title='bbox 248 3294 322 3351; x_wconf 93' lang='lat' dir='ltr'>ordo</span> <span class='ocrx_word' id='word_1_247' title='bbox 350 3294 394 3352; x_wconf 92' lang='lat' dir='ltr'>vel</span> <span class='ocrx_word' id='word_1_248' title='bbox 419 3294 520 3370; x_wconf 89' lang='lat' dir='ltr'>religio</span> <span class='ocrx_word' id='word_1_249' title='bbox 549 3293 701 3364; x_wconf 88' lang='lat' dir='ltr'>catholica,</span> <span class='ocrx_word' id='word_1_250' title='bbox 729 3293 847 3370; x_wconf 86' lang='lat' dir='ltr'>quam¹⁰</span> <span class='ocrx_word' id='word_1_251' title='bbox 873 3292 1005 3353; x_wconf 89' lang='lat' dir='ltr'>Christus</span> <span class='ocrx_word' id='word_1_252' title='bbox 1031 3293 1166 3365; x_wconf 86' lang='lat' dir='ltr'>instituit,</span> <span class='ocrx_word' id='word_1_253' title='bbox 1194 3295 1307 3354; x_wconf 85' lang='lat' dir='ltr'>excellit</span> 
     </span>
     <span class='ocr_line' id='line_1_31' title="bbox 249 3390 1306 3467; baseline 0.002 -19"><span class='ocrx_word' id='word_1_254' title='bbox 249 3408 352 3450; x_wconf 87' lang='lat' dir='ltr'>omncs</span> <span class='ocrx_word' id='word_1_255' title='bbox 368 3393 438 3451; x_wconf 90' lang='lat' dir='ltr'>istos</span> <span class='ocrx_word' id='word_1_256' title='bbox 453 3392 579 3467; x_wconf 88' lang='lat' dir='ltr'>privatos</span> <span class='ocrx_word' id='word_1_257' title='bbox 598 3391 716 3450; x_wconf 89' lang='lat' dir='ltr'>ordines</span> <span class='ocrx_word' id='word_1_258' title='bbox 735 3391 956 3467; x_wconf 91' lang='lat' dir='ltr'>quodammodo</span> <span class='ocrx_word' id='word_1_259' title='bbox 974 3390 1102 3463; x_wconf 83' lang='lat' dir='ltr'>infinite;</span> <span class='ocrx_word' id='word_1_260' title='bbox 1132 3393 1207 3450; x_wconf 87' lang='lat' dir='ltr'>sicut</span> <span class='ocrx_word' id='word_1_261' title='bbox 1228 3392 1306 3450; x_wconf 87' lang='lat' dir='ltr'>enim</span> 
     </span>
     <span class='ocr_line' id='line_1_32' title="bbox 248 3487 1305 3566; baseline 0.002 -20"><span class='ocrx_word' id='word_1_262' title='bbox 248 3498 389 3563; x_wconf 88' lang='lat' dir='ltr'>patronus</span> <span class='ocrx_word' id='word_1_263' title='bbox 404 3490 441 3548; x_wconf 86' lang='lat' dir='ltr'>ad</span> <span class='ocrx_word' id='word_1_264' title='bbox 461 3500 624 3564; x_wconf 88' lang='lat' dir='ltr'>patronum,</span> <span class='ocrx_word' id='word_1_265' title='bbox 640 3490 682 3547; x_wconf 93' lang='lat' dir='ltr'>sic</span> <span class='ocrx_word' id='word_1_266' title='bbox 699 3489 773 3548; x_wconf 91' lang='lat' dir='ltr'>ordo</span> <span class='ocrx_word' id='word_1_267' title='bbox 792 3489 830 3548; x_wconf 87' lang='lat' dir='ltr'>ad</span> <span class='ocrx_word' id='word_1_268' title='bbox 850 3490 997 3561; x_wconf 82' lang='lat' dir='ltr'>ordinem3</span> <span class='ocrx_word' id='word_1_269' title='bbox 1021 3487 1074 3547; x_wconf 86' lang='lat' dir='ltr'>sed</span> <span class='ocrx_word' id='word_1_270' title='bbox 1089 3487 1224 3548; x_wconf 89' lang='lat' dir='ltr'>Christus</span> <span class='ocrx_word' id='word_1_271' title='bbox 1243 3499 1305 3566; x_wconf 91' lang='lat' dir='ltr'>pat·</span> 
     </span>
     <span class='ocr_line' id='line_1_33' title="bbox 249 3585 1305 3663; baseline 0.004 -21"><span class='ocrx_word' id='word_1_272' title='bbox 249 3603 339 3645; x_wconf 90' lang='lat' dir='ltr'>ronus</span> <span class='ocrx_word' id='word_1_273' title='bbox 354 3598 453 3645; x_wconf 91' lang='lat' dir='ltr'>noster</span> <span class='ocrx_word' id='word_1_274' title='bbox 467 3585 637 3645; x_wconf 89' lang='lat' dir='ltr'>infinitum¹¹</span> <span class='ocrx_word' id='word_1_275' title='bbox 654 3587 769 3645; x_wconf 84' lang='lat' dir='ltr'>excedit</span> <span class='ocrx_word' id='word_1_276' title='bbox 788 3597 929 3662; x_wconf 90' lang='lat' dir='ltr'>patronos</span> <span class='ocrx_word' id='word_1_277' title='bbox 948 3586 1053 3645; x_wconf 91' lang='lat' dir='ltr'>horum</span> <span class='ocrx_word' id='word_1_278' title='bbox 1071 3585 1220 3657; x_wconf 89' lang='lat' dir='ltr'>ordinum,</span> <span class='ocrx_word' id='word_1_279' title='bbox 1234 3603 1305 3663; x_wconf 88' lang='lat' dir='ltr'>ergo</span> 
     </span>
    </p>
   </div>
   <div class='ocr_carea' id='block_1_3' title="bbox 248 3763 1303 4218">
    <p class='ocr_par' dir='ltr' id='par_1_4' title="bbox 248 3763 1303 4218">
     <span class='ocr_line' id='line_1_34' title="bbox 282 3763 1303 3830; baseline 0.002 -18"><span class='ocrx_word' id='word_1_280' title='bbox 282 3766 291 3793; x_wconf 86' lang='lat'><strong>¹</strong></span> <span class='ocrx_word' id='word_1_281' title='bbox 308 3764 486 3829; x_wconf 87' lang='lat' dir='ltr'>superaddidit]</span> <span class='ocrx_word' id='word_1_282' title='bbox 499 3766 647 3830; x_wconf 85' lang='lat' dir='ltr'>superaddit.</span> <span class='ocrx_word' id='word_1_283' title='bbox 660 3767 723 3816; x_wconf 84' lang='lat' dir='ltr'><strong>A.C.</strong></span> <span class='ocrx_word' id='word_1_284' title='bbox 735 3766 772 3815; x_wconf 84' lang='lat' dir='ltr'>ed.</span> <span class='ocrx_word' id='word_1_285' title='bbox 786 3782 822 3830; x_wconf 94' lang='lat' dir='ltr'>pr.</span> <span class='ocrx_word' id='word_1_286' title='bbox 1009 3763 1018 3792; x_wconf 89' lang='lat'><strong>¹</strong></span> <span class='ocrx_word' id='word_1_287' title='bbox 1033 3765 1199 3830; x_wconf 85' lang='lat' dir='ltr'>mendaciter]</span> <span class='ocrx_word' id='word_1_288' title='bbox 1212 3781 1260 3814; x_wconf 89' lang='lat' dir='ltr'>om.</span> <span class='ocrx_word' id='word_1_289' title='bbox 1272 3766 1303 3813; x_wconf 59' lang='lat' dir='ltr'>h</span> 
     </span>
     <span class='ocr_line' id='line_1_35' title="bbox 249 3828 1302 3896; baseline 0.001 -20"><span class='ocrx_word' id='word_1_290' title='bbox 249 3828 257 3855; x_wconf 86' lang='lat'><strong>³</strong></span> <span class='ocrx_word' id='word_1_291' title='bbox 273 3828 299 3876; x_wconf 94' lang='lat' dir='ltr'>in</span> <span class='ocrx_word' id='word_1_292' title='bbox 320 3829 439 3880; x_wconf 87' lang='lat' dir='ltr'>honorem</span> <span class='ocrx_word' id='word_1_293' title='bbox 458 3831 545 3879; x_wconf 86' lang='lat' dir='ltr'>beatae</span> <span class='ocrx_word' id='word_1_294' title='bbox 564 3831 677 3895; x_wconf 83' lang='lat' dir='ltr'>virginis]</span> <span class='ocrx_word' id='word_1_295' title='bbox 697 3832 723 3879; x_wconf 90' lang='lat' dir='ltr'>in</span> <span class='ocrx_word' id='word_1_296' title='bbox 746 3831 840 3880; x_wconf 88' lang='lat' dir='ltr'>honore</span> <span class='ocrx_word' id='word_1_297' title='bbox 859 3831 946 3880; x_wconf 80' lang='lat' dir='ltr'>beatae</span> <span class='ocrx_word' id='word_1_298' title='bbox 966 3829 1061 3878; x_wconf 85' lang='lat' dir='ltr'>Mariae</span> <span class='ocrx_word' id='word_1_299' title='bbox 1082 3831 1192 3896; x_wconf 82' lang='lat' dir='ltr'>virginis,</span> <span class='ocrx_word' id='word_1_300' title='bbox 1212 3830 1302 3879; x_wconf 64' lang='grc' dir='ltr'>ΑΒΕ.</span> 
     </span>
     <span class='ocr_line' id='line_1_36' title="bbox 249 3894 1303 3972; baseline 0.001 -30"><span class='ocrx_word' id='word_1_301' title='bbox 249 3894 289 3942; x_wconf 90' lang='lat' dir='ltr'>ed.</span> <span class='ocrx_word' id='word_1_302' title='bbox 300 3910 336 3958; x_wconf 87' lang='lat' dir='ltr'>pr.</span> <span class='ocrx_word' id='word_1_303' title='bbox 436 3895 445 3922; x_wconf 81' lang='lat'><strong>⁴</strong></span> <span class='ocrx_word' id='word_1_304' title='bbox 461 3895 541 3959; x_wconf 87' lang='lat' dir='ltr'>patet]</span> <span class='ocrx_word' id='word_1_305' title='bbox 555 3912 598 3971; x_wconf 86' lang='lat' dir='ltr'>per</span> <span class='ocrx_word' id='word_1_306' title='bbox 607 3896 765 3972; x_wconf 56' lang='lat' dir='ltr'>iperquarn),</span> <span class='ocrx_word' id='word_1_307' title='bbox 773 3897 866 3946; x_wconf 84' lang='lat' dir='ltr'><strong>A.B.C.</strong></span> <span class='ocrx_word' id='word_1_308' title='bbox 957 3895 1018 3971; x_wconf 42' lang='lat' dir='ltr'>‘&#39;sic</span> <span class='ocrx_word' id='word_1_309' title='bbox 1026 3894 1109 3970; x_wconf 67' lang='lat' dir='ltr'>quod]</span> <span class='ocrx_word' id='word_1_310' title='bbox 1121 3904 1146 3945; x_wconf 90' lang='lat' dir='ltr'>et</span> <span class='ocrx_word' id='word_1_311' title='bbox 1154 3895 1202 3971; x_wconf 58' lang='lat' dir='ltr'>sic,</span> <span class='ocrx_word' id='word_1_312' title='bbox 1212 3895 1303 3944; x_wconf 66' lang='lat' dir='ltr'>Mic.</span> 
     </span>
     <span class='ocr_line' id='line_1_37' title="bbox 248 3959 1303 4101; baseline -0.005 -29"><span class='ocrx_word' id='word_1_313' title='bbox 248 3959 424 4088; x_wconf 42' lang='lat' dir='ltr'>edbgrrzinum]</span> <span class='ocrx_word' id='word_1_314' title='bbox 438 3959 681 4082; x_wconf 37' lang='lat' dir='ltr'>Destinsiiissiigms]</span> <span class='ocrx_word' id='word_1_315' title='bbox 703 3960 1255 4101; x_wconf 38' lang='lat' dir='ltr'>s¹gnisi3aixrni³elit2518Cu¹asruiitasei¹gquss</span> <span class='ocrx_word' id='word_1_316' title='bbox 1267 3975 1303 4088; x_wconf 61' lang='lat' dir='ltr'>gi.</span> 
     </span>
     <span class='ocr_line' id='line_1_38' title="bbox 248 4087 1302 4218; baseline 0.001 -80"><span class='ocrx_word' id='word_1_317' title='bbox 248 4087 376 4203; x_wconf 39' lang='lat' dir='ltr'>{metz}1</span> <span class='ocrx_word' id='word_1_318' title='bbox 383 4105 446 4218; x_wconf 41' lang='grc' dir='ltr'>εἷς),</span> <span class='ocrx_word' id='word_1_319' title='bbox 459 4091 496 4139; x_wconf 84' lang='lat' dir='ltr'>ed.</span> <span class='ocrx_word' id='word_1_320' title='bbox 509 4107 545 4154; x_wconf 91' lang='lat' dir='ltr'>pr.</span> <span class='ocrx_word' id='word_1_321' title='bbox 658 4092 676 4120; x_wconf 85' lang='lat'>¹⁰</span> <span class='ocrx_word' id='word_1_322' title='bbox 692 4090 778 4155; x_wconf 87' lang='lat' dir='ltr'>quam]</span> <span class='ocrx_word' id='word_1_323' title='bbox 790 4107 871 4155; x_wconf 85' lang='lat' dir='ltr'>quem.</span> <span class='ocrx_word' id='word_1_324' title='bbox 884 4092 915 4141; x_wconf 84' lang='grc' dir='ltr'>Α.</span> <span class='ocrx_word' id='word_1_325' title='bbox 1031 4091 1049 4121; x_wconf 90' lang='lat'>¹¹</span> <span class='ocrx_word' id='word_1_326' title='bbox 1066 4089 1203 4155; x_wconf 77' lang='lat' dir='ltr'>infinitum]</span> <span class='ocrx_word' id='word_1_327' title='bbox 1215 4091 1241 4139; x_wconf 87' lang='lat' dir='ltr'>in</span> <span class='ocrx_word' id='word_1_328' title='bbox 1252 4088 1302 4139; x_wconf 81' lang='lat' dir='ltr'>infi-</span> 
     </span>
    </p>
   </div>
   <div class='ocr_carea' id='block_1_4' title="bbox 0 0 1443 4836">
    <p class='ocr_par' dir='ltr' id='par_1_5' title="bbox 0 0 1443 4836">
     <span class='ocr_line' id='line_1_39' title="bbox 0 0 1443 4836; baseline 0 0"><span class='ocrx_word' id='word_1_329' title='bbox 0 0 1443 4836; x_wconf 95' lang='lat' dir='ltr'> </span> 
     </span>
    </p>
   </div>
  </div>
 </body>
</html>
