2864 4836
94 335 106 347 ,
151 338 1407 375 ·----—-—--—·-—----------..-..-..

146 474 243 514 cnam
510 458 852 526 TRIALOGUS.
1284 488 1346 556 299

144 629 262 696 quanto
276 621 370 698 magis
383 621 557 681 succedente
572 620 689 683 Christo
701 623 769 685 Deo
784 636 813 687 et
826 625 946 686 homine
959 626 991 686 in
1005 626 1063 687 vita
1076 641 1200 707 pauper·

142 715 235 788 aimo,
245 728 275 776 et
288 718 447 778 mandante
460 729 521 777 tam
531 721 621 780 verbo
632 739 721 799 quam
732 723 803 782 vita¹
814 725 976 801 apostoliea
988 725 1062 786 haec
1076 728 1201 789 servari?

145 810 234 878 Patet
253 833 325 892 ergo
346 815 427 893 quod
448 812 472 876 si
493 817 580 895 aliqui
601 836 639 878 ex
659 823 905 896 praevaricatione
925 823 957 881 in
977 819 1058 900 lege'
1078 823 1200 886 Domini

143 920 218 972 atmt
239 911 383 985 baeretici,
406 924 555 990 apostatae
575 915 621 974 vel
642 917 813 995 blasphemi,
834 930 902 980 sunt
923 921 962 980 illi
986 921 1090 993 clerici,
1111 924 1200 983 etiam

143 1007 280 1088 'episcopi
293 1013 344 1089 qui
358 1023 418 1072 tam
432 1013 595 1074 notabiliter
608 1015 762 1078 offendunt
775 1020 806 1078 in
820 1020 1083 1096 praevaricatione⁸
1095 1020 1200 1081 harum

142 1107 256 1188 hgmm
293 1110 378 1171 Duae
389 1113 460 1173 aliae
474 1114 555 1192 leges
566 1116 726 1176 declaratae
736 1126 803 1177 sunt
813 1135 850 1176 ex
859 1117 935 1177 Gen
946 1119 973 1180 ii
985 1128 1014 1178 et
1028 1119 1135 1179 Eaech.
1143 1122 1199 1182 xvi

142 1205 182 1268 St
200 1224 273 1284 ergo
292 1210 450 1288 episcopus
470 1212 500 1271 in
514 1214 599 1274 mitra
620 1215 655 1274 sit
676 1225 822 1287 comutus,
837 1216 875 1276 ad
897 1216 1097 1276 denotandum
1118 1218 1199 1295 quod

141 1305 243 1366 noscit
263 1315 292 1367 et
312 1308 446 1368 observat
466 1320 619 1388 utrumque
639 1322 852 1385 testamentum,
867 1315 933 1391 quis
953 1315 1047 1391 magis
1063 1315 1198 1392 blasphe-

143 1403 258 1464 mando
271 1406 446 1465 mentiturin
461 1405 618 1480 Christum,
632 1428 722 1487 quam
740 1411 787 1469 ille
802 1412 851 1488 qui
871 1412 986 1473 dotatur
1006 1421 1035 1473 et
1049 1412 1154 1473 ditatur
1167 1413 1199 1472 in

141 1500 333 1579 possessione
346 1504 551 1582 temporalium
564 1507 653 1568 etiam
666 1525 754 1585 supra
766 1510 871 1585 reges?

573 1975 669 2036 CAP.
691 1973 774 2035 XVI.

461 2130 567 2190 Contra
580 2132 697 2191 divt'tias
711 2131 882 2190 clericorum.

140 2287 145 2295 '
185 2287 307 2348 Azitta.
349 2287 449 2347 Frater
476 2288 525 2359 mi,
554 2284 654 2348 acute⁴
681 2289 782 2347 cibasti
806 2296 924 2346 nostros
948 2285 1104 2363 episcopos
1128 2302 1196 2344 eum

139 2388 274 2466 quinque
301 2387 426 2464 panibus
453 2386 632 2456 hordeaceis,
662 2395 835 2462 pentateuco
863 2384 1007 2455 Mosaico,
1035 2395 1068 2442 ut
1093 2384 1196 2443 dicitur

140 2485 299 2563 figuraliter
318 2483 462 2563 Jobannis
476 2485 512 2542 vi.
554 2483 614 2542 Sed
634 2484 703 2560 quia
722 2485 814 2541 nostri
835 2482 954 2559 praelati
978 2481 1049 2540 false
1072 2482 1195 2557 fingtmt,

139 2581 225 2660 quod
244 2582 317 2642 baec
332 2581 409 2641 dicta
429 2581 466 2640 de
488 2581 552 2657 lege
570 2581 658 2640 veteri
678 2580 793 2639 fuerunt
814 2579 1017 2639 ceremonialia
1031 2589 1060 2638 et
1081 2596 1195 2638 cessare

139 2697 198 2758 pro
211 2679 275 2757 lege
288 2681 399 2756 gratiae
419 2678 590 2749 debuerunt,
605 2679 672 2739 ideo
692 2695 765 2755 rogo
779 2687 817 2749 te,
832 2678 856 2736 si
871 2676 1032 2754 quidquam
1047 2675 1137 2736 babes
1156 2677 1193 2736 de

139 2777 207 2853 lege
221 2777 338 2852 gratiae,
353 2776 495 2835 confimta
508 2776 585 2835 hanc
600 2777 774 2835 sententiam
787 2793 877 2851 quam
893 2775 999 2835 dixisti.

182 2874 344 2934 Phronen's.
386 2873 508 2933 Videtur
521 2873 592 2932 mihi
613 2874 693 2951 quod
706 2892 767 2934 non
788 2883 904 2950 oportet
923 2874 1096 2933 confirmare
1117 2872 1193 2948 epis·
1226 2904 1255 2968 ‘a
1269 2905 1348 2932 eman.

135 2982 236 3052 'copos
259 2976 289 3034 in
312 2975 371 3035 fide
397 2975 552 3035 instructos
575 2975 693 3034 ulterius
717 2992 771 3052 pro
795 2977 849 3035 ista
873 2975 1025 3046 sententia,
1048 2991 1116 3033 curn
1140 2991 1193 3049 per
1225 2945 1355 3050 {gfff

139 3073 240 3133 locum
258 3092 277 3132 a
293 3073 397 3149 majori
418 3073 555 3147 sequitur,
575 3074 600 3132 si
618 3073 750 3150 episcopi
764 3072 794 3131 in
807 3071 872 3149 lege
886 3073 973 3130 veteri
993 3072 1033 3131 sic
1053 3070 1191 3141 lecerunt,
1268 3069 1272 3076 “

138 3169 223 3248 quod
243 3171 376 3247 episcopi
396 3187 451 3246 pro
471 3170 536 3245 lege
556 3170 665 3246 gratiae
686 3169 743 3228 hoc
764 3171 928 3240 servabunt,
943 3168 1105 3244 specialiter
1124 3185 1191 3224 curn

133 3267 273 3330 'Christus
286 3278 316 3327 et
329 3269 393 3344 ejus
407 3267 531 3344 apostoli
545 3278 605 3326 tam
619 3265 706 3337 iacto,
717 3266 798 3343 quod
812 3265 878 3343 plus
891 3266 987 3335 docet,
998 3283 1088 3341 quarn
1102 3265 1191 3324 verbo

139 3365 221 3443 quod
235 3367 303 3426 satis
320 3364 439 3441 obligat,
453 3363 511 3424 boc
526 3375 675 3424 servarunt
683 3383 691 3436 ;
720 3364 773 3423 sed
787 3364 857 3440 quia
870 3361 1002 3423 Christus
1016 3364 1045 3421 in
1060 3360 1191 3422 secundo

132 3481 195 3525 -suo
210 3464 343 3525 convivio
357 3464 435 3540 pavit
448 3472 583 3539 quattuor
597 3461 675 3520 milia
689 3461 842 3520 hominum
857 3478 925 3520 cum
939 3471 1053 3536 septem
1067 3459 1192 3536 panibus

137 3573 169 3624 et
189 3563 291 3640 paucis
311 3561 465 3639 pisciculis,
480 3572 512 3620 nt
534 3570 613 3636 patet
638 3558 731 3619 Mare
746 3559 834 3631 viii.³;
865 3560 934 3619 ideo
954 3577 991 3618 ex
1012 3558 1191 3618 habundanti

138 3661 285 3722 adducam
307 3661 358 3719 tibi
383 3659 535 3736 septuplex
559 3658 758 3718 testimoninm
782 3659 820 3717 de
844 3657 909 3734 lege
933 3658 1042 3734 gratiae
1068 3658 1106 3718 ad
1135 3658 1192 3719 hoc

137 3758 225 3818 idem
267 3758 346 3818 Nam
367 3757 438 3819 Luc.
461 3759 517 3816 xiv.
539 3766 606 3833 post
632 3757 803 3832 parabolam
823 3755 945 3816 Domini
967 3756 1008 3815 sic
1034 3757 1191 3834 subjungit,

138 3857 198 3918 ‘sic
219 3857 306 3934 ergn‘
319 3858 416 3915 omnis
437 3874 474 3916 ex
488 3855 579 3926 vobis,
593 3855 643 3932 qui
665 3872 726 3915 non
740 3854 950 3914 renunciaverit
964 3855 1102 3913 omnibus
1116 3871 1192 3930 quae

172 4051 260 4116 ¹vita]
272 4066 348 4118 opere
358 4051 416 4108 vita,
429 4050 467 4104 B..
480 4050 542 4100 ihc.
572 4049 648 4098 rimae
660 4064 755 4105 manus,
767 4049 805 4098 ed.
818 4064 855 4113 pr.
997 4047 1092 4112 ¹lege]
1104 4048 1193 4112 legem,

137 4117 228 4183 adpr.
325 4065 880 4181 ‘praevaricatione5pracvarioantia,D.ed.
892 4129 930 4228 fiir.
1027 4113 1140 4162 ‘Frater
1151 4113 1193 4171 mi,

137 4180 224 4247 acute]
237 4182 331 4239 Frater,
341 4189 422 4236 acute,
433 4180 472 4230 ed.
485 4195 522 4245 pr.
698 4178 708 4208 ⁸
724 4179 805 4229 Marci
816 4176 878 4243 viii]
920 4177 983 4229 alth.
993 4193 1041 4235 κν..
1053 4178 1124 4228 Marc
1135 4178 1193 4237 viii..

138 4247 178 4298 ed.
191 4263 228 4312 pr.
320 4247 382 4297 ‘sic
393 4243 466 4310 ergo]
479 4246 522 4301 sic.
536 4246 567 4295 Α.
579 4244 618 4294 ed.
630 4260 669 4308 pr.
