2864 4836
13 303 361 315 ῌ--ο--ῄ-..ω
387 308 392 311 v
413 307 580 314 .-.w—-

80 413 142 480 228
493 412 748 492 JOANNIS
789 413 1001 477 WJCLIF
1190 433 1268 473 cram
1308 450 1325 484 ἃ,

223 578 343 654 angelis,
365 577 432 636 ideo
456 575 526 636 dicit
550 574 644 646 Plato,
669 576 752 654 quod
775 577 894 654 ponitur
917 578 949 635 in
974 577 1112 637 confinio
1135 576 1269 635 horizonte
1311 588 1328 646 g

224 675 411 736 aeternitatis.

266 773 305 831 Et
326 783 406 850 patet
428 772 466 831 ad
486 773 613 849 primum
637 773 787 849 objectum
812 785 904 844 tuum,
926 771 1010 850 quod
1034 773 1137 832 anima
1159 771 1272 830 humana
1315 783 1328 842 a

227 883 323 948 potest
342 870 463 946 intelligi
484 871 651 947 simpliciter
671 881 704 930 ut
724 889 792 947 pars
812 871 978 948 qualitativa
997 870 1044 930 vel
1065 870 1213 947 quidditas
1230 866 1273 925 bo·

228 971 323 1038 minis,
348 979 381 1027 ut
405 979 449 1026 est
473 967 510 1026 de
535 967 597 1026 aliis
625 968 726 1027 formis
753 968 957 1037 materialibus,
984 979 1014 1028 et
1043 978 1144 1044 potest
1170 963 1274 1040 intelligi
1320 997 1328 1053 q

228 1067 417 1144 personaliter
432 1083 486 1142 pro
507 1065 557 1125 illo
578 1067 688 1144 spiritu,
709 1068 756 1126 cui
777 1067 882 1126 accidit
901 1065 996 1127 taliter
1016 1078 1147 1126 actuare.
1188 1066 1224 1125 Et
1238 1081 1275 1124 sc·
1322 1096 1328 1151 ῃ

229 1166 357 1225 cundum
372 1167 456 1223 istam
470 1164 741 1240 aequivocationem
754 1165 917 1240 procedunt
937 1164 1014 1222 dicta
1032 1164 1276 1241 pbilosophorum,
1325 1195 1328 1229 r

229 1282 355 1340 quorum
369 1261 488 1337 quidam
503 1262 679 1321 sententiant
693 1262 774 1338 quod
788 1262 886 1321 anima
899 1273 944 1322 est
956 1272 1029 1338 pars
1043 1263 1184 1328 bominis,
1198 1272 1226 1321 et
1238 1258 1278 1319 att

230 1363 303 1420 sicut
318 1361 466 1435 scriptura,
481 1358 561 1435 quod
576 1360 674 1417 anima
689 1371 733 1419 est
747 1361 937 1436 personaliter
950 1361 1007 1436 ipre
1019 1361 1100 1419 homo
1108 1380 1117 1433 ;
1140 1358 1279 1438 apostolus

231 1470 329 1517 tamen
343 1456 515 1533 specificat¹,
530 1455 612 1532 quod
630 1466 675 1515 est
694 1456 786 1515 homo
805 1457 931 1515 interior.

273 1555 425 1627 Quantum
444 1554 481 1613 ad
502 1554 645 1612 secundam
666 1554 833 1614 instantiam
854 1564 943 1625 tuam,
960 1562 1041 1631 patet
1062 1554 1182 1626 solutio,
1196 1550 1283 1631 qu0d⁸

233 1654 332 1713 omnia
346 1670 422 1728 quae
436 1653 578 1721 evenient,
590 1652 627 1710 de
642 1653 813 1711 necessitate
828 1652 971 1711 evenient.
1006 1650 1088 1711 Nam
1101 1671 1141 1711 ex
1156 1650 1284 1712 determi-

234 1752 352 1810 natione
366 1760 395 1808 et
409 1750 591 1808 ordinatione
606 1748 678 1807 Dei⁸
690 1760 809 1810 aeterna
822 1750 952 1826 oportuit
964 1747 1117 1808 Christum
1131 1750 1215 1809 illum
1233 1748 1285 1826 spi·

54 1854 115 1918 ”zm
135 1850 190 1915 ³¹¹¹?
234 1852 319 1908 ritum
330 1848 540 1923 assumpsisse;
561 1865 617 1906 nec
632 1847 720 1905 credo
735 1847 816 1923 quod
830 1845 919 1906 alium
932 1848 987 1906 sibi
1002 1848 1098 1924 potuit
1110 1847 1287 1924 hypostatice

45 1934 101 1960 Μ
234 1948 359 2006 univisse
368 1965 375 2017 ;
398 1947 491 2021 potuit
505 1956 602 2003 tamen
623 1946 647 2003 si
662 1941 823 2015 voluisset⁴,
836 1945 917 2021 quod
937 1955 981 2004 est
994 1944 1073 2014 satis,
1089 1943 1143 2002 sed
1162 1963 1233 2004 cum
1245 1944 1289 2003 illa

235 2045 395 2119 assumptio
417 2044 453 2101 sit
474 2044 553 2118 prius
574 2060 663 2118 quam
682 2044 816 2101 meritum
835 2042 909 2102 illius
927 2043 1053 2119 spiritus,
1072 2054 1197 2119 apparet
1213 2041 1289 2112 mihi.

235 2141 316 2218 quod
330 2141 376 2198 ille
391 2158 452 2198 non
466 2141 570 2198 meruit
583 2150 615 2198 ut
629 2141 670 2199 sic
685 2150 880 2199 assumeretur
893 2140 939 2199 vel
952 2140 1045 2198 taliter
1055 2150 1212 2211 crearetur,
1225 2157 1289 2199 cum

236 2239 399 2298 secundum
411 2238 531 2297 omnes³
541 2239 693 2315 loquentes
707 2256 796 2298 nemo
811 2239 865 2297 sibi
879 2249 1004 2298 meretur
1018 2239 1146 2313 primam
1159 2240 1289 2315 gratiam

237 2338 275 2396 Et
285 2347 427 2412 quantum
441 2336 480 2394 ad
493 2336 644 2394 labertatem
658 2337 890 2408 contradictionis,
904 2336 1008 2395 vellem
1020 2346 1055 2395 ut
1068 2336 1292 2413 suspenderetur

237 2435 497 2504 dalmariacum
511 2435 624 2493 nonsit
643 2435 787 2493 autentica
806 2452 861 2494 nec
881 2433 1037 2493 fundabiiis
1055 2435 1178 2495 ratione.
1220 2433 1292 2506 Qui·

238 2534 305 2592 dam
327 2543 425 2590 tamen
446 2543 552 2590 vocant
573 2533 733 2591 libertatem
758 2533 995 2592 contradictionis
1019 2530 1182 2592 libertatem
1207 2533 1291 2601 illam,

220 2634 222 2671 l
238 2641 371 2707 quaeest
391 2631 428 2688 ad
442 2648 531 2687 unam
551 2641 663 2705 partem
682 2631 845 2706 positivam,
860 2641 889 2688 et
908 2640 1009 2706 posset
1030 2631 1062 2688 in
1080 2647 1166 2690 suum
1180 2641 1291 2689 contra·

240 2730 401 2798 motorium,
417 2729 440 2786 si
455 2729 584 2802 potentia
598 2728 645 2786 illa
659 2729 749 2786 libera
762 2728 831 2786 illud
846 2728 953 2799 velleu,
968 2736 997 2786 et
1011 2727 1066 2785 ista
1080 2746 1197 2787 summa
1210 2729 1292 2786 liber·

240 2839 283 2885 tas
313 2826 549 2884 contradictionis
577 2837 620 2885 est
648 2828 679 2884 in
707 2826 782 2885 Deo.
835 2825 990 2897 Quaedam
1017 2835 1116 2883 tamen
1145 2827 1292 2901 perceptio

238 2925 375 2982 libertatis
390 2923 556 3001 hujusmodi
570 2933 615 2982 est
634 2924 720 2983 nobis
740 2924 884 2982 sensibilis
903 2933 932 2982 et
946 2923 1091 2999 quaedam
1106 2940 1124 2981 a
1139 2924 1225 2982 nobis
1244 2924 1293 2980 ab

222 3023 382 3131 'scondita
397 3032 428 3080 ut
449 3023 635 3081 necessitates
658 3022 818 3081 futurorum
840 3032 996 3080 eventuum
1017 3040 1035 3079 a
1055 3021 1141 3080 nobis
1163 3040 1293 3081 commu·

241 3122 314 3178 niter
335 3120 560 3179 absconduntur.
603 3121 640 3178 Et
659 3131 690 3178 ut
711 3121 829 3196 quidam
845 3121 1006 3191 aestimant,
1020 3119 1068 3176 illa
1087 3129 1156 3179 sunt
1175 3117 1294 3179 arcana¹

240 3217 336 3288 verba,
351 3235 425 3293 quae
441 3217 547 3275 audivit
562 3216 676 3288 Paulus,
691 3236 747 3276 nec
761 3218 829 3276 licet
843 3217 954 3276 homini
969 3218 1025 3275 nisi
1044 3219 1219 3293 generaliter
1233 3219 1296 3293 ipsa

240 3314 329 3391 loqui.
371 3314 410 3372 Et
432 3324 511 3390 patet
535 3315 615 3390 qnod
636 3315 717 3374 Deus
738 3334 801 3373 non
821 3316 987 3375 illibertatur
1008 3317 1169 3393 quidquam
1191 3317 1295 3382 iacere,

241 3413 307 3472 licet
322 3413 454 3471 absolute
474 3414 638 3473 necessario
659 3414 727 3473 illud
742 3412 816 3483 fiat⁸,
831 3415 903 3473 sicut
923 3432 984 3473 non
1004 3414 1170 3473 illibertatur
1189 3415 1297 3492 produ·

243 3529 308 3568 cere
329 3509 461 3569 Verbum
482 3511 527 3568 vel
552 3510 689 3588 Spiritum
713 3510 861 3583 Sanctum,
886 3512 953 3570 licet
975 3513 1108 3571 absolute
1131 3515 1298 3572 necessario

243 3606 311 3665 illud
333 3618 415 3683 agat;
445 3611 520 3667 actio
535 3619 633 3667 tamen
647 3611 702 3668 ista
716 3610 753 3668 ad
774 3610 850 3668 intra
870 3611 1036 3668 necessario
1056 3621 1101 3669 est
1122 3621 1248 3681 aeterna,
1270 3622 1299 3670 et

243 3705 330 3769 factio
345 3717 388 3763 est
402 3707 570 3781 temporalis
579 3726 586 3778 ;
609 3706 676 3765 ideo
691 3707 794 3765 dicitur
808 3708 889 3782 quod
905 3706 991 3765 sactio
1007 3719 1050 3766 est
1066 3710 1252 3785 contingens.

284 3801 435 3874 Quantum
457 3804 492 3861 ad
509 3807 618 3861 terlzbm
633 3807 795 3863 eiulantz'om
810 3815 898 3874 tuam,
921 3805 983 3864 scio
1004 3806 1084 3881 quod
1106 3807 1212 3866 multas
1232 3810 1299 3866 sub·

276 3994 284 4022 ¹
302 3992 437 4056 specificat]
451 3993 597 4057 specivocat,
609 3993 648 4042 ed.
660 4009 696 4058 pr.
795 3993 805 4021 ²
821 3993 900 4057 quod]
913 3993 1046 4056 quomodo.
1058 3993 1096 4044 ed.
1108 4010 1146 4058 pr.
1211 3995 1222 4023 ³
1239 3995 1300 4060 Dei]

244 4073 293 4106 om.
306 4059 397 4107 A.B.C.
529 4058 537 4086 ⁴
554 4059 684 4123 voluisset]
697 4059 783 4114 voluit.
796 4060 834 4109 ed.
846 4076 883 4123 pr.
1015 4060 1024 4087 ³
1041 4059 1139 4123 omnes]
1152 4068 1260 4117 nostros,
1271 4061 1300 4110 C.

247 4123 369 4172 secundae
380 4139 475 4181 manus,
488 4124 525 4174 ed.
539 4140 575 4188 pr.
729 4125 739 4153 ⁸
755 4124 841 4188 vellet]
853 4125 920 4180 velit,
932 4125 962 4174 C.
974 4124 1095 4174 secundae
1106 4141 1202 4180 manus,
1213 4127 1254 4176 ed.
1265 4142 1300 4191 pr.

244 4186 252 4213 ¹
271 4186 371 4251 arcana]
384 4189 499 4244 archana.
511 4188 566 4237 libri
580 4189 667 4245 MSS.;
686 4189 717 4239 cf.
731 4203 744 4237 a
757 4189 816 4239 Cor.
829 4190 868 4238 xii,
881 4206 904 4250 4.
1005 4190 1014 4217 ⁸
1031 4188 1086 4254 fiat]
1099 4198 1166 4254 agat.
1178 4192 1218 4240 ed.
1230 4208 1268 4256 pr.
