<?xml version="1.0" encoding="UTF-8"?>
<!DOCTYPE html PUBLIC "-//W3C//DTD XHTML 1.0 Transitional//EN"
    "http://www.w3.org/TR/xhtml1/DTD/xhtml1-transitional.dtd">
<html xmlns="http://www.w3.org/1999/xhtml" xml:lang="en" lang="en">
 <head>
  <title>
</title>
<meta http-equiv="Content-Type" content="text/html;charset=utf-8" />
  <meta name='ocr-system' content='tesseract 3.04.00' />
  <meta name='ocr-capabilities' content='ocr_page ocr_carea ocr_par ocr_line ocrx_word'/>
</head>
<body>
  <div class='ocr_page' id='page_1' title='image "./trialoguscumsup00lechgoog_0048.png"; bbox 0 0 2864 5242; ppageno 0'>
   <div class='ocr_carea' id='block_1_1' title="bbox 10 31 1368 327">
    <p class='ocr_par' dir='ltr' id='par_1_1' title="bbox 10 31 1368 327">
     <span class='ocr_line' id='line_1_1' title="bbox 10 31 1368 327; baseline -0.013 0"><span class='ocrx_word' id='word_1_1' title='bbox 10 31 1368 327; x_wconf 63' lang='lat' dir='ltr'><strong>w</strong></span> 
     </span>
    </p>
   </div>
   <div class='ocr_carea' id='block_1_2' title="bbox 439 707 1273 796">
    <p class='ocr_par' dir='ltr' id='par_1_2' title="bbox 439 707 1273 796">
     <span class='ocr_line' id='line_1_2' title="bbox 439 707 1273 796; baseline 0.001 -28"><span class='ocrx_word' id='word_1_2' title='bbox 439 707 896 792; x_wconf 77' lang='lat' dir='ltr'><em>PROLEGOMENA.</em></span> <span class='ocrx_word' id='word_1_3' title='bbox 1201 720 1273 796; x_wconf 59' lang='lat'>35*</span> 
     </span>
    </p>
   </div>
   <div class='ocr_carea' id='block_1_3' title="bbox 88 868 1244 2227">
    <p class='ocr_par' dir='ltr' id='par_1_3' title="bbox 88 868 1244 2227">
     <span class='ocr_line' id='line_1_3' title="bbox 88 868 1244 949; baseline 0 -17"><span class='ocrx_word' id='word_1_4' title='bbox 88 870 233 932; x_wconf 88' lang='lat' dir='ltr'>omnibus</span> <span class='ocrx_word' id='word_1_5' title='bbox 255 868 380 949; x_wconf 88' lang='lat' dir='ltr'>quidem</span> <span class='ocrx_word' id='word_1_6' title='bbox 399 870 529 930; x_wconf 88' lang='lat' dir='ltr'>numeris</span> <span class='ocrx_word' id='word_1_7' title='bbox 553 869 606 930; x_wconf 91' lang='lat' dir='ltr'>sed</span> <span class='ocrx_word' id='word_1_8' title='bbox 630 887 668 930; x_wconf 87' lang='lat' dir='ltr'>ex</span> <span class='ocrx_word' id='word_1_9' title='bbox 692 879 774 949; x_wconf 80' lang='lat' dir='ltr'>parte</span> <span class='ocrx_word' id='word_1_10' title='bbox 798 869 902 931; x_wconf 83' lang='lat' dir='ltr'>saltem</span> <span class='ocrx_word' id='word_1_11' title='bbox 926 870 1101 949; x_wconf 84' lang='lat' dir='ltr'>perficiatur.</span> <span class='ocrx_word' id='word_1_12' title='bbox 1150 869 1244 949; x_wconf 75' lang='lat' dir='ltr'>Igitur</span> 
     </span>
     <span class='ocr_line' id='line_1_4' title="bbox 88 975 1243 1055; baseline 0 -18"><span class='ocrx_word' id='word_1_13' title='bbox 88 978 198 1038; x_wconf 87' lang='lat' dir='ltr'>merito</span> <span class='ocrx_word' id='word_1_14' title='bbox 219 976 370 1046; x_wconf 84' lang='lat' dir='ltr'>laetamur,</span> <span class='ocrx_word' id='word_1_15' title='bbox 392 975 499 1036; x_wconf 85' lang='lat' dir='ltr'>Wicliii</span> <span class='ocrx_word' id='word_1_16' title='bbox 522 993 622 1055; x_wconf 88' lang='lat' dir='ltr'>opera,</span> <span class='ocrx_word' id='word_1_17' title='bbox 644 977 669 1037; x_wconf 93' lang='lat' dir='ltr'>si</span> <span class='ocrx_word' id='word_1_18' title='bbox 697 993 759 1037; x_wconf 87' lang='lat' dir='ltr'>non</span> <span class='ocrx_word' id='word_1_19' title='bbox 782 976 893 1049; x_wconf 84' lang='lat' dir='ltr'>omnia,</span> <span class='ocrx_word' id='word_1_20' title='bbox 915 986 1016 1037; x_wconf 89' lang='lat' dir='ltr'>tamen</span> <span class='ocrx_word' id='word_1_21' title='bbox 1036 975 1152 1049; x_wconf 87' lang='lat' dir='ltr'>selecta,</span> <span class='ocrx_word' id='word_1_22' title='bbox 1173 993 1243 1038; x_wconf 87' lang='lat' dir='ltr'>curn</span> 
     </span>
     <span class='ocr_line' id='line_1_5' title="bbox 89 1081 1242 1167; baseline 0.001 -24"><span class='ocrx_word' id='word_1_23' title='bbox 89 1082 200 1143; x_wconf 88' lang='lat' dir='ltr'>Latino</span> <span class='ocrx_word' id='word_1_24' title='bbox 213 1081 413 1167; x_wconf 73' lang='lat' dir='ltr'>tumAnglico</span> <span class='ocrx_word' id='word_1_25' title='bbox 427 1100 563 1142; x_wconf 84' lang='lat' dir='ltr'>sermone</span> <span class='ocrx_word' id='word_1_26' title='bbox 577 1083 684 1162; x_wconf 82' lang='lat' dir='ltr'>scripta</span> <span class='ocrx_word' id='word_1_27' title='bbox 694 1082 751 1143; x_wconf 84' lang='lat' dir='ltr'>edi</span> <span class='ocrx_word' id='word_1_28' title='bbox 782 1082 848 1144; x_wconf 88' lang='lat' dir='ltr'>Nec</span> <span class='ocrx_word' id='word_1_29' title='bbox 861 1083 969 1160; x_wconf 79' lang='lat' dir='ltr'>exigua</span> <span class='ocrx_word' id='word_1_30' title='bbox 979 1093 1024 1144; x_wconf 90' lang='lat' dir='ltr'>est</span> <span class='ocrx_word' id='word_1_31' title='bbox 1036 1083 1136 1160; x_wconf 77' lang='lat' dir='ltr'>gaudii</span> <span class='ocrx_word' id='word_1_32' title='bbox 1149 1083 1242 1144; x_wconf 82' lang='lat' dir='ltr'><strong>nostri</strong></span> 
     </span>
     <span class='ocr_line' id='line_1_6' title="bbox 89 1179 1214 1268; baseline -0.004 -18"><span class='ocrx_word' id='word_1_33' title='bbox 89 1190 223 1260; x_wconf 86' lang='lat' dir='ltr'>materia,</span> <span class='ocrx_word' id='word_1_34' title='bbox 237 1189 319 1266; x_wconf 88' lang='lat' dir='ltr'>quod</span> <span class='ocrx_word' id='word_1_35' title='bbox 332 1189 419 1249; x_wconf 89' lang='lat' dir='ltr'>nobis</span> <span class='ocrx_word' id='word_1_36' title='bbox 433 1205 552 1267; x_wconf 87' lang='lat' dir='ltr'>quoque</span> <span class='ocrx_word' id='word_1_37' title='bbox 566 1206 742 1249; x_wconf 87' lang='lat' dir='ltr'>concessum</span> <span class='ocrx_word' id='word_1_38' title='bbox 755 1189 800 1262; x_wconf 88' lang='lat' dir='ltr'>sit,</span> <span class='ocrx_word' id='word_1_39' title='bbox 814 1188 902 1268; x_wconf 84' lang='lat' dir='ltr'>hujus</span> <span class='ocrx_word' id='word_1_40' title='bbox 915 1189 1013 1266; x_wconf 87' lang='lat' dir='ltr'>operis</span> <span class='ocrx_word' id='word_1_41' title='bbox 1027 1179 1125 1249; x_wconf 86' lang='lat' dir='ltr'>socios</span> <span class='ocrx_word' id='word_1_42' title='bbox 1138 1205 1214 1249; x_wconf 89' lang='lat' dir='ltr'>esse.</span> 
     </span>
     <span class='ocr_line' id='line_1_7' title="bbox 132 1294 1241 1373; baseline -0.001 -18"><span class='ocrx_word' id='word_1_43' title='bbox 132 1296 175 1355; x_wconf 83' lang='lat' dir='ltr'>At</span> <span class='ocrx_word' id='word_1_44' title='bbox 193 1312 305 1372; x_wconf 76' lang='lat' dir='ltr'>magno</span> <span class='ocrx_word' id='word_1_45' title='bbox 323 1294 413 1354; x_wconf 88' lang='lat' dir='ltr'>anirni</span> <span class='ocrx_word' id='word_1_46' title='bbox 433 1294 534 1354; x_wconf 89' lang='lat' dir='ltr'>dolore</span> <span class='ocrx_word' id='word_1_47' title='bbox 553 1294 761 1372; x_wconf 83' lang='lat' dir='ltr'>perfundimur,</span> <span class='ocrx_word' id='word_1_48' title='bbox 776 1295 892 1371; x_wconf 87' lang='lat' dir='ltr'>quoties</span> <span class='ocrx_word' id='word_1_49' title='bbox 909 1295 961 1354; x_wconf 86' lang='lat' dir='ltr'>viri</span> <span class='ocrx_word' id='word_1_50' title='bbox 979 1295 1089 1373; x_wconf 79' lang='lat' dir='ltr'>egregii</span> <span class='ocrx_word' id='word_1_51' title='bbox 1107 1294 1241 1354; x_wconf 88' lang='lat' dir='ltr'>reminis·</span> 
     </span>
     <span class='ocr_line' id='line_1_8' title="bbox 88 1401 1242 1478; baseline 0.001 -17"><span class='ocrx_word' id='word_1_52' title='bbox 88 1401 193 1472; x_wconf 85' lang='lat' dir='ltr'>cimur,</span> <span class='ocrx_word' id='word_1_53' title='bbox 210 1403 260 1478; x_wconf 84' lang='lat' dir='ltr'>qni</span> <span class='ocrx_word' id='word_1_54' title='bbox 281 1403 356 1461; x_wconf 90' lang='lat' dir='ltr'>sicut</span> <span class='ocrx_word' id='word_1_55' title='bbox 376 1401 440 1462; x_wconf 85' lang='lat' dir='ltr'>aliis</span> <span class='ocrx_word' id='word_1_56' title='bbox 459 1402 627 1462; x_wconf 72' lang='lat' dir='ltr'>tractantur</span> <span class='ocrx_word' id='word_1_57' title='bbox 647 1402 769 1462; x_wconf 84' lang='lat' dir='ltr'>edendis</span> <span class='ocrx_word' id='word_1_58' title='bbox 789 1401 985 1462; x_wconf 88' lang='lat' dir='ltr'>scribendisve</span> <span class='ocrx_word' id='word_1_59' title='bbox 1005 1401 1042 1461; x_wconf 90' lang='lat' dir='ltr'>de</span> <span class='ocrx_word' id='word_1_60' title='bbox 1063 1402 1242 1462; x_wconf 78' lang='lat' dir='ltr'>accuratiore</span> 
     </span>
     <span class='ocr_line' id='line_1_9' title="bbox 95 1507 1242 1586; baseline -0.001 -18"><span class='ocrx_word' id='word_1_61' title='bbox 95 1507 203 1586; x_wconf 76' lang='lat' dir='ltr'>Wclrfi</span> <span class='ocrx_word' id='word_1_62' title='bbox 225 1508 394 1586; x_wconf 75' lang='lat' dir='ltr'>cognitione</span> <span class='ocrx_word' id='word_1_63' title='bbox 420 1509 532 1586; x_wconf 89' lang='lat' dir='ltr'>optime</span> <span class='ocrx_word' id='word_1_64' title='bbox 558 1509 671 1581; x_wconf 84' lang='lat' dir='ltr'>meruit,</span> <span class='ocrx_word' id='word_1_65' title='bbox 696 1508 735 1570; x_wconf 86' lang='lat' dir='ltr'>ita</span> <span class='ocrx_word' id='word_1_66' title='bbox 762 1509 836 1568; x_wconf 90' lang='lat' dir='ltr'>inter</span> <span class='ocrx_word' id='word_1_67' title='bbox 862 1525 968 1569; x_wconf 89' lang='lat' dir='ltr'>omnes</span> <span class='ocrx_word' id='word_1_68' title='bbox 994 1517 1111 1567; x_wconf 88' lang='lat' dir='ltr'>nostrae</span> <span class='ocrx_word' id='word_1_69' title='bbox 1137 1508 1242 1567; x_wconf 84' lang='lat' dir='ltr'>aetatis</span> 
     </span>
     <span class='ocr_line' id='line_1_10' title="bbox 89 1613 1242 1693; baseline -0.002 -20"><span class='ocrx_word' id='word_1_70' title='bbox 89 1616 204 1693; x_wconf 89' lang='lat' dir='ltr'>primus</span> <span class='ocrx_word' id='word_1_71' title='bbox 227 1632 265 1674; x_wconf 86' lang='lat' dir='ltr'>eo</span> <span class='ocrx_word' id='word_1_72' title='bbox 288 1613 408 1674; x_wconf 87' lang='lat' dir='ltr'>tendere</span> <span class='ocrx_word' id='word_1_73' title='bbox 431 1615 529 1693; x_wconf 86' lang='lat' dir='ltr'>coepit</span> <span class='ocrx_word' id='word_1_74' title='bbox 553 1625 640 1693; x_wconf 86' lang='lat' dir='ltr'>atque</span> <span class='ocrx_word' id='word_1_75' title='bbox 663 1613 693 1674; x_wconf 92' lang='lat' dir='ltr'>id</span> <span class='ocrx_word' id='word_1_76' title='bbox 717 1625 867 1675; x_wconf 86' lang='lat' dir='ltr'>assecutus</span> <span class='ocrx_word' id='word_1_77' title='bbox 887 1623 941 1686; x_wconf 88' lang='lat' dir='ltr'>est,</span> <span class='ocrx_word' id='word_1_78' title='bbox 960 1623 993 1673; x_wconf 88' lang='lat' dir='ltr'>nt</span> <span class='ocrx_word' id='word_1_79' title='bbox 1016 1631 1108 1691; x_wconf 87' lang='lat' dir='ltr'>opera</span> <span class='ocrx_word' id='word_1_80' title='bbox 1137 1613 1242 1690; x_wconf 78' lang='lat' dir='ltr'>Wclrfi</span> 
     </span>
     <span class='ocr_line' id='line_1_11' title="bbox 89 1717 1242 1798; baseline -0.002 -17"><span class='ocrx_word' id='word_1_81' title='bbox 89 1721 201 1782; x_wconf 85' lang='lat' dir='ltr'>selecta</span> <span class='ocrx_word' id='word_1_82' title='bbox 213 1739 251 1781; x_wconf 88' lang='lat' dir='ltr'>ex</span> <span class='ocrx_word' id='word_1_83' title='bbox 272 1720 401 1782; x_wconf 82' lang='lat' dir='ltr'>fontibus</span> <span class='ocrx_word' id='word_1_84' title='bbox 421 1720 630 1798; x_wconf 81' lang='lat' dir='ltr'>limpidissimis</span> <span class='ocrx_word' id='word_1_85' title='bbox 643 1721 747 1782; x_wconf 87' lang='lat' dir='ltr'>hausta</span> <span class='ocrx_word' id='word_1_86' title='bbox 760 1723 791 1780; x_wconf 92' lang='lat' dir='ltr'>in</span> <span class='ocrx_word' id='word_1_87' title='bbox 805 1720 901 1782; x_wconf 87' lang='lat' dir='ltr'>lucem</span> <span class='ocrx_word' id='word_1_88' title='bbox 917 1719 1119 1798; x_wconf 81' lang='lat' dir='ltr'>proferrentur.</span> <span class='ocrx_word' id='word_1_89' title='bbox 1159 1717 1242 1779; x_wconf 86' lang='lat' dir='ltr'>Wal-</span> 
     </span>
     <span class='ocr_line' id='line_1_12' title="bbox 89 1825 1243 1905; baseline 0 -17"><span class='ocrx_word' id='word_1_90' title='bbox 89 1840 188 1888; x_wconf 85' lang='lat' dir='ltr'>terum</span> <span class='ocrx_word' id='word_1_91' title='bbox 210 1827 413 1905; x_wconf 78' lang='lat' dir='ltr'>Waddington</span> <span class='ocrx_word' id='word_1_92' title='bbox 437 1825 554 1905; x_wconf 78' lang='lat' dir='ltr'>Shr‘rley</span> <span class='ocrx_word' id='word_1_93' title='bbox 577 1827 709 1899; x_wconf 87' lang='lat' dir='ltr'>dicimus,</span> <span class='ocrx_word' id='word_1_94' title='bbox 734 1829 785 1905; x_wconf 89' lang='lat' dir='ltr'>qui</span> <span class='ocrx_word' id='word_1_95' title='bbox 812 1839 842 1888; x_wconf 88' lang='lat' dir='ltr'>et</span> <span class='ocrx_word' id='word_1_96' title='bbox 869 1827 1037 1888; x_wconf 75' lang='lat' dir='ltr'>academiae</span> <span class='ocrx_word' id='word_1_97' title='bbox 1060 1825 1243 1888; x_wconf 82' lang='lat' dir='ltr'>Oxoniensic</span> 
     </span>
     <span class='ocr_line' id='line_1_13' title="bbox 89 1932 1242 2031; baseline -0.003 -35"><span class='ocrx_word' id='word_1_98' title='bbox 89 1934 181 1996; x_wconf 87' lang='lat' dir='ltr'>sociis</span> <span class='ocrx_word' id='word_1_99' title='bbox 194 1933 400 2012; x_wconf 86' lang='lat' dir='ltr'>discipulisque</span> <span class='ocrx_word' id='word_1_100' title='bbox 414 1943 443 1994; x_wconf 88' lang='lat' dir='ltr'>et</span> <span class='ocrx_word' id='word_1_101' title='bbox 457 1935 544 1994; x_wconf 90' lang='lat' dir='ltr'>nobis</span> <span class='ocrx_word' id='word_1_102' title='bbox 558 1933 662 1995; x_wconf 87' lang='lat' dir='ltr'>flebilis</span> <span class='ocrx_word' id='word_1_103' title='bbox 675 1935 788 1995; x_wconf 87' lang='lat' dir='ltr'>circiter</span> <span class='ocrx_word' id='word_1_104' title='bbox 801 1952 881 1995; x_wconf 81' lang='lat' dir='ltr'>anno</span> <span class='ocrx_word' id='word_1_105' title='bbox 896 1933 1003 1994; x_wconf 90' lang='lat' dir='ltr'>abhinc</span> <span class='ocrx_word' id='word_1_106' title='bbox 1021 1942 1147 2031; x_wconf 71' lang='lat' dir='ltr'>mortem</span> <span class='ocrx_word' id='word_1_107' title='bbox 1160 1932 1242 1993; x_wconf 88' lang='lat' dir='ltr'>obiit.</span> 
     </span>
     <span class='ocr_line' id='line_1_14' title="bbox 89 2038 1243 2119; baseline -0.004 -17"><span class='ocrx_word' id='word_1_108' title='bbox 89 2041 177 2102; x_wconf 82' lang='lat' dir='ltr'>Faxit</span> <span class='ocrx_word' id='word_1_109' title='bbox 202 2038 293 2113; x_wconf 85' lang='lat' dir='ltr'>Deus,</span> <span class='ocrx_word' id='word_1_110' title='bbox 319 2049 350 2100; x_wconf 89' lang='lat' dir='ltr'>ut</span> <span class='ocrx_word' id='word_1_111' title='bbox 376 2039 463 2119; x_wconf 84' lang='lat' dir='ltr'>hujus</span> <span class='ocrx_word' id='word_1_112' title='bbox 487 2040 539 2100; x_wconf 86' lang='lat' dir='ltr'>viri</span> <span class='ocrx_word' id='word_1_113' title='bbox 566 2041 716 2111; x_wconf 86' lang='lat' dir='ltr'>memoria,</span> <span class='ocrx_word' id='word_1_114' title='bbox 742 2041 789 2100; x_wconf 89' lang='lat' dir='ltr'>cui</span> <span class='ocrx_word' id='word_1_115' title='bbox 817 2040 951 2101; x_wconf 80' lang='lat' dir='ltr'>divinims</span> <span class='ocrx_word' id='word_1_116' title='bbox 977 2040 1153 2118; x_wconf 86' lang='lat' dir='ltr'>permissum</span> <span class='ocrx_word' id='word_1_117' title='bbox 1179 2055 1243 2098; x_wconf 90' lang='lat' dir='ltr'>non</span> 
     </span>
     <span class='ocr_line' id='line_1_15' title="bbox 90 2144 1244 2227; baseline -0.003 -19"><span class='ocrx_word' id='word_1_118' title='bbox 90 2147 146 2208; x_wconf 82' lang='lat' dir='ltr'>init</span> <span class='ocrx_word' id='word_1_119' title='bbox 170 2164 247 2224; x_wconf 89' lang='lat' dir='ltr'>opus</span> <span class='ocrx_word' id='word_1_120' title='bbox 273 2145 332 2206; x_wconf 90' lang='lat' dir='ltr'>hoc</span> <span class='ocrx_word' id='word_1_121' title='bbox 358 2144 520 2227; x_wconf 80' lang='lat' dir='ltr'>perfectum</span> <span class='ocrx_word' id='word_1_122' title='bbox 547 2155 635 2225; x_wconf 87' lang='lat' dir='ltr'>atque</span> <span class='ocrx_word' id='word_1_123' title='bbox 662 2147 827 2209; x_wconf 82' lang='lat' dir='ltr'>absolutum</span> <span class='ocrx_word' id='word_1_124' title='bbox 855 2147 962 2219; x_wconf 86' lang='lat' dir='ltr'>videre,</span> <span class='ocrx_word' id='word_1_125' title='bbox 989 2146 1029 2206; x_wconf 85' lang='lat' dir='ltr'>ab</span> <span class='ocrx_word' id='word_1_126' title='bbox 1054 2144 1159 2206; x_wconf 85' lang='lat' dir='ltr'>animis</span> <span class='ocrx_word' id='word_1_127' title='bbox 1186 2144 1244 2223; x_wconf 89' lang='lat' dir='ltr'>piis</span> 
     </span>
    </p>
   </div>
   <div class='ocr_carea' id='block_1_4' title="bbox 89 2253 577 2334">
    <p class='ocr_par' dir='ltr' id='par_1_4' title="bbox 89 2253 577 2334">
     <span class='ocr_line' id='line_1_16' title="bbox 89 2253 577 2334; baseline -0.004 -19"><span class='ocrx_word' id='word_1_128' title='bbox 89 2254 240 2333; x_wconf 75' lang='lat' dir='ltr'>gratisque</span> <span class='ocrx_word' id='word_1_129' title='bbox 257 2262 400 2334; x_wconf 89' lang='lat' dir='ltr'>perpetuo</span> <span class='ocrx_word' id='word_1_130' title='bbox 418 2253 577 2314; x_wconf 74' lang='lat' dir='ltr'>recolatur!</span> 
     </span>
    </p>
   </div>
   <div class='ocr_carea' id='block_1_5' title="bbox 768 2428 1160 2495">
    <p class='ocr_par' dir='ltr' id='par_1_5' title="bbox 768 2428 1160 2495">
     <span class='ocr_line' id='line_1_17' title="bbox 768 2428 1160 2495; baseline -0.008 0"><span class='ocrx_word' id='word_1_131' title='bbox 768 2431 982 2495; x_wconf 72' lang='lat' dir='ltr'>Gomnsanus</span> <span class='ocrx_word' id='word_1_132' title='bbox 1002 2428 1160 2493; x_wconf 75' lang='lat' dir='ltr'>Lucam.</span> 
     </span>
    </p>
   </div>
   <div class='ocr_carea' id='block_1_6' title="bbox 175 2549 574 2640">
    <p class='ocr_par' dir='ltr' id='par_1_6' title="bbox 175 2549 574 2640">
     <span class='ocr_line' id='line_1_18' title="bbox 175 2549 574 2640; baseline -0.008 -14"><span class='ocrx_word' id='word_1_133' title='bbox 175 2564 313 2639; x_wconf 71' lang='lat' dir='ltr'>Lissus,</span> <span class='ocrx_word' id='word_1_134' title='bbox 331 2549 368 2624; x_wconf 78' lang='lat'>26</span> <span class='ocrx_word' id='word_1_135' title='bbox 384 2562 469 2637; x_wconf 78' lang='lat' dir='ltr'>Noa,</span> <span class='ocrx_word' id='word_1_136' title='bbox 488 2566 574 2640; x_wconf 77' lang='lat'><strong>¹⁸⁶7·</strong></span> 
     </span>
    </p>
   </div>
   <div class='ocr_carea' id='block_1_7' title="bbox 0 0 1436 5242">
    <p class='ocr_par' dir='ltr' id='par_1_7' title="bbox 0 0 1436 5242">
     <span class='ocr_line' id='line_1_19' title="bbox 0 0 1436 5242; baseline 0 0"><span class='ocrx_word' id='word_1_137' title='bbox 0 0 1436 5242; x_wconf 95' lang='lat' dir='ltr'> </span> 
     </span>
    </p>
   </div>
  </div>
 </body>
</html>
