2864 4836
489 411 745 493 Jornnrs
784 411 1022 475 urum
1211 433 1282 471 ms.

206 586 269 685 pest
290 592 434 633 venenum
455 576 485 633 in
507 574 630 634 ecclesia
650 583 751 635 sancta
770 572 859 632 Deil'
900 572 1002 634 Unde
1026 593 1048 634 a
1071 584 1207 652 tempore
1222 572 1281 633 Con

206 672 341 749 lstantini
355 671 406 748 qui
424 673 466 731 sic
484 672 594 731 dotavit
606 672 769 742 ecclesiam,
784 670 915 730 decrevit
940 669 1135 732 Romanum
1153 672 1282 750 imperim

207 768 253 839 iet
267 772 297 827 in
314 771 379 845 ipso
398 771 561 829 dominium
580 770 718 829 seculare.
760 767 825 828 Nec
838 767 918 826 valet
939 771 1109 830 excusatio
1129 772 1162 829 in
1174 779 1282 848 peccatu

207 854 305 943 {quod
319 869 475 944 imperator
492 869 581 927 etalii
600 867 734 926 dotantes
752 864 923 926 ecclesiam¹
944 878 1141 943 putavemnt
1159 887 1197 928 ex
1210 867 1282 927 detu-

207 948 210 1003 ἷ
224 968 304 1023 tione
318 966 485 1041 hujusmodi
499 965 690 1043 multipliciter
704 963 871 1042 promereri,
882 963 956 1041 quia
970 982 1012 1023 ex
1027 967 1146 1025 minori
1161 966 1280 1026 medan

226 1067 266 1122 sic
288 1064 408 1122 credidit
429 1064 580 1140 apostolus
599 1065 731 1122 membra
750 1059 888 1121 Domini¹
909 1065 1152 1138 prosequendo
1171 1075 1202 1123 ut
1217 1072 1282 1141 patet

225 1164 319 1238 prima
332 1162 361 1221 T
362 1163 463 1222 imoth.
478 1164 506 1234 i.,
521 1174 549 1221 et
562 1163 678 1221 tamen⁸
691 1179 752 1220 non
774 1162 907 1219 obstante
927 1157 990 1219 hac
1005 1161 1184 1236 ignorantia
1196 1172 1224 1221 et
1235 1160 1282 1219 eti·

225 1260 321 1320 dentia
349 1271 435 1337 capta
458 1279 495 1319 ex
524 1261 611 1320 veteri
639 1270 812 1320 testamento
841 1256 996 1334 apostolus
1025 1276 1104 1317 vere
1132 1260 1280 1327 confitetur,

225 1360 305 1434 quod
316 1358 368 1416 suit
379 1358 566 1434 blasphemus
576 1359 607 1416 in
617 1357 675 1416 hoc
687 1367 716 1416 et
726 1355 856 1433 peccavit
866 1354 996 1430 graviter
1006 1365 1124 1417 contra
1135 1356 1281 1423 curtem

224 1474 313 1533 quare
328 1473 399 1531 ergo
416 1474 477 1514 non
496 1457 654 1532 imperator
667 1465 696 1513 et
710 1454 757 1514 alii
771 1453 882 1513 domini
901 1470 939 1510 ex
958 1453 1064 1528 magis
1087 1472 1193 1516 crassa
1209 1455 1281 1530 iguo

225 1554 317 1611 rantia
330 1563 398 1628 post
415 1563 526 1612 tantam
545 1552 749 1629 gratitudinem
771 1550 973 1627 delinquerent
993 1560 1108 1610 contra
1124 1550 1282 1613 Chrisuunl

224 1649 312 1709 Unde
326 1651 368 1709 eis
387 1649 537 1723 denuntio,
552 1650 633 1727 quod
652 1651 739 1710 nimis
759 1651 864 1708 durum
885 1657 928 1707 est
948 1647 994 1706 eis
1016 1660 1131 1708 contra
1146 1650 1282 1710 stimulum

225 1748 380 1807 calcitare⁴.
431 1749 504 1808 Ideo
530 1750 554 1808 si
579 1749 680 1807 volunt
703 1748 811 1807 habere
835 1747 965 1806 dominia
990 1762 1047 1804 sua
1076 1746 1206 1826 integra,
1229 1764 1282 1807 non

224 1846 365 1904 diabolice
380 1846 513 1918 lacerata,
528 1865 633 1923 pacem
647 1847 786 1905 ecclesiae
799 1845 997 1914 reformatam,
1011 1856 1044 1905 et
1065 1857 1209 1907 tenentes
1220 1860 1283 1905 mos

225 1943 385 2002 secundum
400 1944 495 2019 legem
509 1943 631 2003 Domini
642 1945 753 2003 validos
766 1961 827 2002 non
843 1942 972 2014 rebelles
986 1945 1136 2005 studeant
1150 1941 1283 2023 propere⁸

225 2053 253 2100 et
268 2052 375 2101 attente
389 2042 427 2101 ad
441 2042 655 2101 ordinationem
670 2041 777 2102 Christi
791 2058 850 2117 quo
871 2040 910 2099 ad
920 2058 1003 2099 suam
1018 2042 1184 2102 ecclesiam
1197 2058 1283 2120 quan·

225 2147 285 2197 tum
307 2139 452 2198 sufficiunt
473 2139 638 2211 reformare,
653 2140 722 2216 quia
743 2156 779 2197 ex
800 2137 858 2197 fide
871 2136 1041 2209 habemus⁶,
1055 2141 1144 2216 quod
1165 2141 1222 2199 sub
1240 2137 1283 2197 illa

225 2236 407 2295 ordinatione
422 2237 497 2296 foret
510 2237 705 2313 prosperrime
720 2236 849 2313 regulata
856 2255 865 2307 ;
887 2244 957 2295 tunc
968 2235 1050 2294 enim
1064 2238 1283 2314 extinguerem

226 2334 358 2392 Simonia
378 2335 408 2392 in
430 2336 517 2409 clero,
543 2337 619 2395 circa
643 2335 813 2412 temporalia
837 2333 995 2410 implicatio
1016 2344 1048 2392 et
1071 2334 1282 2394 nefandissima

225 2434 397 2509 ignorantia,
414 2435 524 2495 desidia
544 2445 573 2493 et
587 2434 714 2494 haeresis
735 2434 802 2493 cleri
816 2432 939 2505 Christi3
968 2443 998 2491 et
1011 2450 1067 2509 per
1081 2431 1282 2512 consequens²

225 2543 370 2589 cessarent
392 2533 468 2591 bella
493 2544 521 2591 et
544 2551 702 2608 regnorum
725 2531 874 2590 translatio
897 2548 950 2606 per
973 2542 1168 2607 conquestus,
1191 2543 1220 2590 et
1244 2532 1282 2589 sic

225 2629 312 2703 longe
331 2627 422 2687 foret⁸
441 2627 582 2705 inaequa⁹
603 2631 765 2688 tenentium
785 2645 948 2705 pauperum
970 2628 1117 2704 spoliatio,
1140 2632 1280 2688 existente

225 2728 336 2802 integro
356 2728 505 2786 mundano
526 2729 657 2787 dominio
672 2729 703 2785 in
725 2746 814 2786 manu
833 2725 943 2784 brachii
964 2726 1122 2799 secularis;
1151 2736 1185 2786 et
1204 2726 1280 2805 quod

224 2827 385 2882 maximum
400 2836 451 2894 est,
467 2838 598 2885 currente
618 2827 706 2884 libere
725 2835 755 2883 et
769 2826 885 2900 spissim
904 2841 1039 2883 sermone
1055 2822 1167 2885 Christi
1188 2826 1280 2903 plures

225 2923 262 2980 ad
283 2924 404 2997 patriam
429 2924 595 2995 volitarent;
627 2933 696 2983 tunc
721 2933 819 2981 autem
844 2932 990 2981 cessarent
1016 2921 1222 2998 blasphemiae
1246 2924 1280 2983 de

225 3021 363 3095 spirituali
382 3031 525 3096 potestate
545 3039 686 3097 paparum
704 3032 845 3097 quantum
860 3019 897 3078 ad
917 3017 1135 3078 absolutionem
1152 3038 1171 3079 a
1186 3038 1280 3098 poena

225 3129 253 3175 et
275 3120 359 3194 culpa
381 3130 409 3177 et
434 3119 642 3177 intundabilem
667 3119 891 3177 concessionem
915 3116 1172 3192 indulgentiarum,
1196 3121 1279 3178 etiarn

225 3234 312 3291 supra
335 3216 392 3274 hoc
418 3216 498 3292 quod
523 3215 654 3275 Christus
677 3217 721 3275 vel
744 3217 806 3293 ejus
832 3215 956 3291 apostoli
975 3216 1138 3290 unquam¹⁰
1159 3234 1278 3276 conces·

225 3326 329 3385 serant,
356 3333 423 3372 cum
448 3316 550 3373 ceteris
576 3315 763 3390 blasphemiis
789 3314 916 3371 infinitis.
970 3311 1035 3370 Nec
1061 3324 1161 3388 potest
1182 3314 1279 3373 fierit

225 3410 343 3470 Pseuste
359 3413 402 3470 vel
417 3413 478 3471 aliis
492 3413 649 3471 antichristi
664 3412 811 3488 discipulis
825 3411 968 3469 evidentia
981 3409 1189 3485 perfunctoria,
1201 3411 1279 3488 quod

225 3510 351 3567 dominis
372 3511 580 3586 temporalibus
601 3528 663 3568 non
683 3510 749 3568 licet
768 3509 823 3568 ista
844 3509 996 3584 corrigere,
1017 3510 1087 3583 quia
1106 3509 1189 3568 idem
1204 3520 1277 3569 esset

204 3610 207 3663 ἰ
224 3607 281 3664 hoc
296 3626 423 3666 asserere
438 3620 467 3666 et
482 3609 577 3666 dicere
592 3608 654 3677 illis,
666 3608 747 3683 quod
762 3625 824 3665 non
839 3605 999 3683 potentes¹¹
1015 3625 1069 3681 pro
1085 3618 1211 3683 peccato
1225 3625 1276 3666 suo

257 3805 265 3833 ¹
283 3803 422 3867 ecclesiam]
436 3820 485 3853 om.
498 3803 592 3853 ΑΒΕ,
690 3802 700 3831 ¹
718 3803 832 3866 Domini]
846 3802 946 3858 Christi,
958 3803 996 3852 ed.
1009 3817 1047 3866 pr.
1156 3804 1166 3832 ³
1183 3802 1274 3867 tamen]

204 3830 207 3931 i
225 3884 288 3924 cum.
300 3872 338 3918 ed.
352 3886 388 3933 pr.
488 3869 497 3896 ⁴
514 3869 544 3918 cf.
558 3870 614 3917 Act.
627 3869 658 3917 ix.
672 3881 695 3930 5.
771 3869 780 3897 ⁵
797 3868 912 3932 propere]
921 3869 964 3917 ie.
976 3875 1152 3933 properantem
1171 3870 1274 3934 proprie.

204 3934 207 3983 i
225 3935 262 3983 ed.
275 3952 325 3998 pr.;
344 3949 482 3999 properare,
495 3935 527 3982 Α,
539 3934 660 3982 secundae
671 3950 766 3983 manus.
884 3933 895 3962 ⁴
911 3932 1043 3997 habemus]
1055 3933 1177 3983 debemus
1188 3950 1274 3999 suppo-

205 4004 207 4021 '
224 4015 289 4056 nere,
302 4001 349 4056 D.;
368 4015 506 4062 supponere
517 4000 643 4054 habemus.
655 3999 693 4047 ed.
705 4015 741 4063 pr.
811 3997 821 4026 i
837 4014 882 4063 per
892 3997 1056 4063 consequens]
1068 4014 1114 4062 per
1125 4015 1274 4065 consequeus

205 4076 207 4081 ⁸
225 4066 341 4121 setimdo,
353 4066 390 4114 cd.
403 4081 439 4127 pr.
546 4066 555 4091 ⁸
572 4065 646 4127 foret]
660 4081 709 4112 om.
722 4064 814 4112 ΑΒΕ.
827 4065 865 4114 cd.
878 4080 914 4128 pr.
1030 4064 1039 4093 ⁸
1056 4064 1175 4129 inaequa]
1188 4066 1273 4128 iniqua.

205 4120 207 4191 ff
224 4131 262 4177 ed.
275 4147 312 4193 pr.
412 4132 429 4159 ¹⁰
445 4130 565 4193 unquam]
577 4145 709 4193 nimquam,
722 4131 759 4179 ed.
772 4145 808 4192 pr.
924 4131 942 4160 ¹¹
954 4144 1005 4178 non
1016 4130 1146 4194 potentes]
1158 4147 1211 4180 non
1221 4136 1273 4181 sunt

205 4204 207 4209 ·
223 4203 344 4257 potentes,
358 4196 395 4244 ed.
408 4211 444 4260 pr.
