2864 4836
588 415 845 494 JOANNIS
886 413 1094 476 WICLIF
1283 437 1364 477 unu.

312 580 358 639 se¹
381 599 442 639 non
463 580 609 650 extendit;
638 590 670 637 ut
690 597 741 636 rex
762 578 866 636 dicitur
886 577 1079 653 potentialiter
1098 577 1181 637 esse'
1198 595 1253 654 per
1273 589 1364 636 totum

311 697 436 754 regnum
457 688 601 747 suum,*et
623 677 667 736 sol
688 677 842 735 virtualiter
862 694 915 752 per
935 686 1027 735 totam
1049 675 1204 752 sphaeram
1226 692 1362 752 corpora·

312 777 405 846 lium³,
427 786 455 835 et
477 787 588 834 certum
609 785 661 844 est,
681 774 761 850 quod
782 792 844 833 non
865 774 1002 832 situaliter
1023 775 1067 832 vel
1089 773 1279 833 essentialiter
1299 783 1366 832 sunt

312 875 431 933 ibidem.
472 873 510 931 Et
525 875 566 932 sic
581 874 682 933 debet⁴
696 873 815 948 intelligi
830 872 866 931 de
881 874 984 931 creatis
998 873 1152 949 spiritibus.

159 1041 180 1066 α
235 998 259 1023 en
275 1005 281 1014 ·
354 971 403 1029 Ad
411 973 535 1047 premam
549 973 716 1031 instantiam
730 989 819 1047 quam
833 971 957 1046 quaeris,
973 988 1065 1041 soror,
1076 980 1173 1028 utrum
1187 969 1286 1045 angeli
1300 976 1366 1026 suut

127 1082 139 1106 ²¹
172 1081 184 1106 ¹
211 1080 258 1144 ‘„„
313 1070 431 1146 ubique,
446 1070 556 1128 videtur
569 1068 640 1127 mihi
657 1069 815 1146 probabile,
830 1069 912 1144 quod
923 1086 987 1127 non
1007 1066 1168 1127 secundum
1183 1085 1254 1127 suas
1268 1083 1366 1125 esseu-

139 1162 192 1267 ¹¹⁸’:
231 1161 271 1224 ’ἱ
314 1169 376 1236 tias,
389 1167 441 1226 sed
455 1167 501 1226 ille
515 1167 622 1226 modus
637 1167 774 1225 limitatus
789 1166 937 1226 adDeum
947 1166 1002 1224 sibi
1016 1160 1186 1242 estproprie
1198 1174 1367 1224 reservatus.

315 1264 386 1324 Non
407 1276 505 1324 tamen
526 1265 620 1334 video,
635 1266 706 1340 quin
727 1265 798 1323 boni
819 1264 915 1341 angeli
935 1263 1145 1341 potentialiter¹
1161 1274 1229 1322 sunt
1250 1263 1366 1340 ubique,

315 1382 382 1421 cum
396 1363 558 1422 afficiuntur
572 1363 688 1422 cuilibet
701 1374 857 1432 creaturae,
873 1361 939 1421 licet
957 1361 1118 1421 secundum
1132 1361 1241 1437 gradm
1255 1361 1368 1420 bonita-

315 1472 377 1519 tum
392 1462 422 1518 in
437 1461 573 1520 creaturis
593 1471 622 1519 et
636 1460 823 1519 affectionum
844 1459 883 1517 ad
903 1459 965 1517 illas
985 1459 1136 1535 dispariter
1151 1460 1208 1518 sint
1222 1477 1292 1519 cum
1306 1458 1366 1517 illis

317 1559 385 1617 Hoc
400 1568 498 1616 tamen
512 1568 555 1634 est
569 1577 606 1616 ex
621 1558 678 1616 fide
699 1558 868 1626 tenendum,
883 1556 964 1634 quod
975 1558 1075 1641 ,sancti
1094 1557 1200 1633 angeli,
1215 1574 1369 1633 quorsum·

317 1673 431 1732 cunque
447 1657 477 1713 in
491 1656 602 1714 mundo
618 1674 649 1713 se
663 1655 814 1726 moverint,
830 1644 980 1714 inveniunt
992 1654 1089 1714 Deum
1108 1656 1217 1730 ubique
1231 1673 1368 1731 praesen·

318 1765 385 1824 tem,
405 1755 435 1811 in
454 1773 513 1830 quo
528 1753 660 1812 beatifice
675 1765 828 1811 moventur
848 1752 886 1810 ad
905 1771 991 1811 suum
1005 1753 1197 1812 ministerium
1217 1752 1368 1830 complen-

319 1849 412 1911 dum⁶.
455 1851 543 1910 Unde
565 1850 698 1929 quando⁷
719 1849 841 1925 angelus
862 1850 1014 1910 descendit
1035 1850 1072 1909 de
1091 1851 1184 1921 coelo,
1200 1869 1263 1909 uon
1284 1851 1369 1910 debet

321 1950 400 2008 credi
423 1948 504 2024 quod
528 1948 635 2007 recedit
663 1966 681 2006 a
705 1947 780 2019 Deo,
805 1949 857 2007 sed
884 1951 993 2025 ubique
1021 1951 1130 2008 invenit
1158 1948 1257 2007 Deum
1285 1967 1369 2008 suum

321 2047 534 2105 beatificantem
559 2046 654 2121 ipsum
680 2047 831 2122 objective‚
853 2056 882 2104 et
904 2065 957 2123 per
978 2064 1163 2122 consequens
1187 2065 1250 2107 nou
1275 2056 1371 2125 potest

322 2143 509 2203 essentialiter
521 2163 538 2202 a
548 2142 615 2202 Deo
626 2143 769 2214 recedere,
781 2144 846 2203 licet
860 2144 943 2203 multi
957 2144 1109 2221 peccando
1123 2144 1220 2204 aDeo
1234 2145 1371 2205 recedant

323 2240 476 2300 moraliter.
518 2240 556 2298 Et
575 2242 616 2299 sic
634 2241 756 2300 limitato
775 2241 865 2301 modo
885 2243 1001 2301 essendi
1020 2242 1115 2318 angeli
1134 2244 1300 2302 secundum
1317 2243 1371 2302 hos

323 2349 380 2396 tres
408 2339 515 2415 gradus
543 2338 681 2415 dispares,
707 2339 829 2398 concedi
857 2351 962 2417 potest,
986 2341 1068 2416 quod
1096 2340 1194 2417 angeli¹
1220 2353 1372 2400 moventur

323 2436 484 2495 secundum
506 2455 572 2495 suas
593 2438 741 2506 essentias,
764 2438 925 2496 secundum
946 2438 1027 2515 quod
1047 2437 1130 2497 Deus
1150 2440 1192 2498 eis
1213 2438 1373 2498 limitaverit

324 2535 361 2592 ad
376 2535 574 2611 impletionem
586 2536 630 2593 sui
641 2535 736 2594 officii.
779 2536 816 2593 Et
831 2536 871 2594 sic
883 2536 1102 2612 aequivocando
1113 2536 1143 2594 in
1154 2536 1246 2595 modo
1257 2537 1371 2596 essendi

325 2633 428 2707 angeli,
450 2632 560 2691 videtur
581 2633 731 2709 probabile
753 2632 834 2709 quod
855 2633 933 2691 idem
955 2633 1077 2711 angelus
1098 2635 1134 2692 sit
1154 2652 1207 2710 per
1226 2635 1293 2694 loca
1316 2636 1373 2694 dis·

325 2731 413 2805 paria,
429 2742 457 2787 et
468 2748 529 2787 non
540 2731 569 2787 in
581 2730 694 2789 medio⁸
706 2732 850 2789 interciso.
893 2731 998 2789 Utrum
1009 2742 1106 2790 autem
1117 2731 1174 2790 hoc
1189 2734 1226 2790 sit
1237 2734 1373 2809 possibile

326 2827 488 2884 secundum
499 2828 622 2886 modum
632 2828 747 2888 essendi
758 2828 949 2898 essentialem,
962 2847 1023 2887 non
1034 2829 1080 2888 hic
1091 2829 1210 2900 diffinio,
1222 2831 1276 2889 sed
1286 2831 1374 2890 credo

327 2923 406 2999 quod
417 2924 510 2982 malus
521 2926 642 3000 angelus
653 2924 690 2984 ad
701 2927 890 3002 puniendum,
903 2927 1073 2986 tentandum
1084 2927 1128 2985 vel
1142 2928 1312 2988 nocendum
1322 2929 1373 2987 ho

328 3021 399 3078 mini
414 3039 500 3097 saepe
516 3022 597 3081 adest
612 3024 700 3082 etiam
714 3024 911 3094 essentialiter,
926 3024 987 3083 cui'
1001 3043 1062 3083 non
1077 3026 1222 3085 caritative
1237 3027 1366 3086 allicitur.

369 3119 406 3176 Et
425 3130 512 3196 patet,
526 3139 585 3196 quo
605 3122 696 3180 modo
711 3123 822 3181 exiliter
836 3133 880 3181 est
899 3123 1056 3182 dicendum
1078 3125 1116 3183 ad
1135 3126 1280 3184 secundam
1295 3137 1373 3186 tuam

328 3219 502 3289 instantiam,
518 3231 545 3277 et
560 3231 639 3295 patet
656 3220 788 3278 eodem¹⁰
806 3222 929 3292 tramite,
943 3222 1096 3297 quomodo
1113 3223 1152 3281 ad
1170 3226 1282 3282 tertiam
1296 3238 1374 3284 tuam

328 3316 493 3375 instantiam
521 3318 589 3375 est¹¹
619 3317 783 3376 dicendum.
843 3318 910 3377 Scio
940 3330 1037 3377 autem
1065 3320 1146 3395 quod
1174 3321 1205 3378 in
1238 3324 1375 3381 omnibus

272 3417 278 3425 ⁴
329 3416 390 3474 istis
410 3416 525 3491 punctis
539 3416 703 3474 necessitati
723 3434 823 3474 sumus
837 3416 994 3493 plurimum
1015 3419 1158 3492 ignorare.
1201 3417 1277 3489 Quis
1297 3421 1374 3478 enim

329 3514 416 3582 novit,
438 3513 474 3571 ad
496 3514 565 3588 quid
586 3513 667 3571 Deus
688 3512 815 3572 officium
837 3515 931 3590 angeli
953 3515 1119 3590 regulariter
1137 3515 1276 3586 limitavit,
1298 3519 1375 3576 etin

329 3620 438 3685 quanto
453 3612 508 3669 situ
520 3622 568 3669 aut
582 3612 631 3669 ubi
642 3612 701 3670 vult
711 3612 847 3687 angelum
862 3631 926 3671 esse
937 3612 981 3670 vel
995 3612 1136 3689 prodesse
1148 3631 1218 3672 suae
1232 3614 1376 3674 fabricae?

363 3805 425 3868 ¹se]
438 3821 487 3854 orn.
499 3806 537 3854 ed.
550 3821 585 3869 pr.
663 3806 753 3870 ¹esse]
766 3823 815 3856 om.
828 3807 891 3856 Α..Β
957 3808 966 3835 ³
983 3808 1160 3903 corporalium]
1168 3811 1378 3940 οοιιιιῖιὶδίὶίιιιιι,

310 3816 501 3981 ‘supp
416 3870 472 3919 ..ed
484 3886 521 3934 pr.
619 3870 729 3936 ¹debet]
742 3887 791 3920 om.
804 3872 834 3921 C.
846 3873 884 3922 ed.
896 3888 932 3937 pr.
1053 3873 1247 3939 'potentialiter
1271 3880 1378 3942 potenti·

329 3936 400 3985 ahter
411 3935 449 3984 vel
460 3935 602 3991 virtualiter
614 3937 643 3986 C.
655 3937 694 3986 ed.
707 3952 758 4000 p.r;
775 3936 942 4001 potentialiter
953 3937 1095 3996 virtualiter,
1108 3939 1171 3988 ΑΒ.
1282 3942 1377 3993 'com-

310 3988 457 4068 ,plendum]
470 4001 501 4050 ad
510 4001 719 4065 implendumC
736 4002 896 4066 implendum,
908 4004 946 4053 ed
959 4019 995 4067 pr.
1138 4004 1276 4071 ¹quando]
1288 4017 1379 4062 autem

310 4065 367 4115 red
380 4082 416 4129 pr
509 4066 629 4130 'medio]
642 4067 706 4122 loco.
720 4067 756 4123 Β.
769 4070 801 4117 Α.
813 4069 913 4132 primae,
926 4069 955 4118 C.
968 4069 1089 4118 sectmdae
1105 4086 1200 4120 manus.
1300 4074 1379 4138 ’orri]

311 4131 591 4195 ¹....pquaudoCDed
593 4148 610 4179 r.
712 4133 1148 4199 ¹⁰eodem]deeodem,C..edpr;
1166 4137 1303 4191 exeodenr.
1312 4139 1379 4190 alt

311 4147 606 4270 l¹¹fflmCmm.
