2864 4836
481 429 746 508 Jornrvrs
786 430 1006 493 nrorrr
1181 452 1264 489 m..

220 592 354 668 pictatias
372 609 410 650 ex
428 591 549 667 quibus¹
569 589 690 669 adjectis
710 592 768 652 hoc
786 609 898 652 nomen
918 601 1142 652 sacramentum
1161 589 1264 652 limitari
1289 620 1292 627 ·

222 690 309 748 debet
319 690 442 748 univoce
457 689 580 748 adhaec
595 700 716 766 septem.
752 689 825 749 Ideo
840 687 1000 766 desperans
1014 689 1053 749 de
1067 690 1266 750 univocatione

75 847 136 872 Μ,
222 789 329 863 detego
350 787 491 846 narrative
512 787 645 846 ordinem
666 789 788 847 istorum
809 797 924 864 septem
943 799 1200 848 sacramentorum
1214 783 1268 844 ml.

133 895 140 904 '
223 886 346 961 sarium.
376 895 405 943 et
432 895 501 961 post
528 886 687 960 procedam
714 885 921 962 pascuaria
949 886 1116 945 munuum
1144 885 1268 946 orum

222 983 272 1059 qui
286 982 356 1040 mihi
370 983 515 1053 convenit,
530 983 567 1042 de
581 1001 684 1042 eorum
698 983 828 1060 quolibet
842 984 1057 1060 pertractando.
1103 983 1183 1044 Cum
1196 985 1266 1042 enin

223 1090 437 1138 sacramentum
452 1081 487 1139 sit
502 1082 617 1157 signum
632 1081 762 1140 humano
776 1082 876 1157 generi
891 1081 929 1140 ad
943 1083 1068 1157 patriam
1086 1078 1270 1158 procedendi,

222 1175 294 1235 haec
315 1187 429 1253 septem
451 1188 641 1247 sacramenta,
663 1178 771 1238 scilicet
785 1178 953 1254 baptismus,
974 1177 1175 1250 confirmatio,
1195 1177 1272 1247 ordo,

223 1277 449 1346 matrimonium,
464 1277 665 1352 poenitentia²,
681 1277 853 1336 eucharistia
867 1287 896 1336 et
916 1286 1049 1336 extrema
1061 1277 1177 1347 unctio,
1191 1277 1232 1336 sic
1242 1291 1272 1333 ee

223 1375 339 1432 habent.
380 1373 546 1449 Baptrimrn
569 1385 668 1433 autem
691 1385 737 1434 est
759 1375 875 1450 signum
898 1374 1099 1450 generationis
1125 1371 1274 1452 spiritantia

223 1471 349 1529 hominis
376 1472 407 1529 in
435 1470 510 1541 Deo,
535 1481 564 1529 et
592 1471 633 1530 sic
662 1482 706 1531 est
730 1472 857 1547 primum
880 1480 1099 1531 sacramentum
1125 1471 1273 1532 conterent

223 1571 347 1645 gratiam
361 1569 486 1644 primam
500 1569 683 1645 spiritualiter
696 1578 895 1646 generantem.
938 1567 998 1627 Sed
1011 1569 1082 1645 quia
1094 1569 1235 1645 parvulus
1245 1567 1274 1626 in

225 1666 341 1726 Christo
366 1667 408 1725 sic
433 1667 549 1742 genitus
570 1677 616 1725 est
638 1667 725 1726 nimis
747 1666 849 1726 debilis
869 1666 901 1725 in
921 1665 1032 1737 virtute,
1054 1665 1124 1725 ideo
1148 1664 1274 1727 secundo

225 1765 397 1841 confirmatio
411 1774 455 1824 est
468 1765 590 1841 adjecta,
605 1776 637 1823 ut
651 1765 688 1824 sit
702 1766 818 1841 signum
833 1763 985 1840 spiritualis
999 1763 1125 1834 roboris,
1140 1763 1225 1841 quod
1241 1780 1276 1823 ex

226 1862 455 1921 confirmationis
479 1863 572 1938 gratia
595 1862 627 1920 fit
651 1880 669 1919 a
689 1862 765 1921 Deo.
808 1861 867 1921 Sed
891 1862 959 1939 quia
980 1860 1138 1921 ecclesiam
1163 1870 1277 1939 oportet

226 1961 333 2019 habere
347 1960 420 2019 duas
433 1961 577 2019 maneries
587 1960 739 2019 hominum
753 1960 963 2036 generantium,
975 1958 1085 2018 scilicet
1095 1959 1276 2036 spiritualiter

227 2069 255 2118 et
272 2059 466 2134 corporaliter,
481 2058 548 2117 ideo
568 2067 636 2117 sunt
655 2057 715 2116 duo
734 2067 916 2117 sacramenta
934 2057 973 2116 ad
990 2065 1090 2132 patres
1108 2055 1277 2134 hujusmodi

226 2156 455 2232 procreandum:
477 2157 604 2233 primum
619 2164 663 2214 est
675 2155 750 2225 ordo,
762 2156 812 2231 qui
825 2164 871 2213 est
881 2164 1096 2214 sacramentum
1106 2155 1278 2215 adelericus

227 2263 256 2311 et
281 2253 441 2328 specialiter
468 2255 652 2329 presbyteros
679 2252 896 2329 procreandum
903 2270 912 2325 ς
947 2251 1109 2311 secundum
1134 2271 1207 2313 vero
1234 2262 1277 2312 est

227 2352 440 2421 mairanom'um,
461 2351 628 2427 quodlicet
648 2367 710 2408 non
731 2351 768 2409 sit
788 2350 906 2425 signum
926 2350 1128 2410 immediatum
1149 2351 1191 2411 ad
1211 2368 1278 2428 pro·

228 2449 405 2507 creationem
426 2448 552 2507 hominis
573 2448 741 2518 naturalem,
762 2457 806 2506 est
830 2457 928 2506 tamen
953 2448 1072 2524 signum
1095 2447 1202 2508 efficax
1227 2467 1278 2527 per

229 2546 309 2622 quod
337 2556 461 2616 notatur,
491 2547 553 2603 sinc
582 2555 705 2622 peccato
733 2545 863 2603 luxuriae
890 2544 976 2604 licere
1004 2546 1035 2603 in
1062 2562 1128 2604 esse
1156 2546 1278 2606 naturali

229 2645 371 2703 hominis³
386 2662 547 2721 procreare.
592 2643 650 2702 Sed
664 2644 734 2719 quia
748 2645 871 2702 viatores
890 2660 977 2720 saepe
997 2642 1151 2702 decidunt⁴
1165 2646 1278 2722 spiritu·

229 2743 309 2800 aliter
335 2743 478 2812 infirmati,
504 2743 571 2800 ideo
597 2743 656 2800 duo
681 2742 737 2800 alia
762 2752 944 2801 sacramenta
967 2741 1006 2801 ad
1029 2744 1278 2802 resuscitationem

229 2841 355 2898 hominis
376 2841 554 2909 ordinantur,
572 2840 680 2898 scilicet
694 2841 859 2914 poenitentrix
880 2856 934 2916 pro
955 2848 1078 2915 peccato
1100 2840 1238 2911 delendo,
1251 2849 1279 2899 et

229 2938 399 2996 eucharistia
413 2955 466 3012 pro
482 2937 702 2995 confirmatione
717 2947 745 2995 et
759 2938 945 2996 roboratione
965 2937 1073 2996 itineris
1092 2939 1279 3014 poenitentis,

229 3038 307 3096 unde
329 3038 523 3096 communiter
544 3047 662 3094 vocatur
683 3034 852 3107 ‘viaticum’
873 3046 904 3095 et
923 3047 1074 3112 postremo
1096 3055 1153 3113 pro
1174 3039 1279 3098 confir-

230 3138 358 3195 matione
373 3135 576 3210 completionis
590 3135 677 3192 totius
690 3135 799 3193 itinen's
813 3135 928 3193 viatoris
941 3142 1068 3193 extrema
1081 3138 1174 3193 nuclei>
1184 3154 1281 3196 sacra·

230 3247 361 3296 mentum
380 3236 512 3293 ultimum
527 3235 685 3294 ordinatur.
726 3234 940 3293 Fundationem
960 3244 1057 3292 autem
1077 3235 1200 3294 istorum
1214 3254 1280 3313 spe-

231 3335 333 3393 cialem
361 3335 391 3390 in
416 3333 473 3391 fide
502 3334 657 3408 scripturae
685 3341 781 3408 potest
805 3331 926 3389 studens
952 3330 1055 3390 elicere
1080 3350 1118 3391 ex
1142 3333 1282 3414 tractatu⁸

230 3433 334 3491 horum
349 3443 461 3508 septem
475 3432 633 3505 signorum.
677 3429 764 3488 Unde
779 3428 919 3487 Metricus
932 3428 1006 3487 haec
1020 3439 1135 3504 septem
1154 3431 1241 3507 signa
1253 3443 1282 3492 et

231 3548 333 3588 eorum
347 3530 480 3587 ordinem
496 3529 647 3604 implicans
661 3529 700 3586 ita
715 3528 800 3586 dicit:

346 3677 350 3682 ·
393 3648 454 3713 Bap.
472 3647 557 3697 confir.
575 3649 645 3697 ordo.
663 3664 762 3714 sponsa
780 3663 853 3712 poen.
871 3647 1001 3698 eucharist.
1018 3655 1115 3698 unctus

264 3798 407 3863 ¹pictacias
419 3814 448 3846 ex
462 3797 562 3861 quibus]
574 3797 855 3862 picaciasexquibusi
856 3797 936 3853 cuciis,
945 3796 984 3847 ed.
989 3813 1028 3872 pr.
1058 3797 1175 3855 Pictacia,
1172 3801 1283 3892 proprie

229 3865 375 3925 pittacium:
382 3862 528 3928 panniculus
540 3873 665 3928 unguento
677 3862 753 3911 rllrtus
763 3870 832 3911 etvn
859 3878 895 3911 err
907 3862 1044 3927 impositus
1172 3864 1284 3930 ²poeni.

232 3928 321 3992 tentia]
333 3945 383 3978 orn.
395 3929 432 3977 ed.
445 3945 482 3992 pr.
652 3926 796 3991 honunis]
809 3927 928 3986 homines,
941 3929 987 3984 A.;
1005 3927 1140 3985 hominem.
1152 3929 1183 3979 C.
1194 3931 1233 3979 ed.
1246 3947 1283 3995 pr.

232 3993 383 4058 *decidunt]
395 3994 545 4049 deciderunt
557 3994 594 4050 13,
606 3995 638 4043 A
650 4009 743 4058 primae
754 4009 848 4043 marrus
1018 3992 1164 4060 Νησαίη]
1176 4003 1283 4048 treenta

232 4059 339 4124 speciali,
353 4059 445 4109 AB.C
457 4059 496 4108 ed.
508 4074 545 4122 pr.
