2864 4836
541 429 800 510 Joaurvrs
834 426 1045 489 arcura*
1234 446 1321 484 mn

274 594 429 672 spiritualia
454 612 542 671 quam
564 594 644 652 bona
668 592 830 669 corporalia
854 592 1024 652 ordinantur
1048 588 1197 666 proficere
1221 587 1322 656 viatori,

273 692 392 769 quando
412 691 554 751 servando
576 690 708 767 regulam
728 701 848 750 naturae
867 689 950 766 ponit
970 688 1017 747 illa
1037 689 1120 747 bona
1140 685 1278 746 modeste
1297 684 1324 743 in

273 808 370 866 opere,
386 791 454 866 quia
468 788 635 847 rebellando
655 789 799 847 obstinate
818 787 981 846 inflexibilis
1001 795 1046 844 est
1064 784 1104 843 ad
1122 786 1250 844 bonum
1290 781 1324 840 Et

273 897 351 964 patet
366 905 403 946 ex
417 887 474 945 fide
488 888 647 962 scripturae
661 885 804 962 exemplis
818 885 996 943 naturalibus
1008 892 1037 942 et
1051 883 1218 943 rationibus
1228 879 1325 940 vivaci·

273 986 337 1056 bus,
352 985 504 1061 quomodo
525 994 569 1042 est
591 983 726 1058 superbia
747 983 939 1058 reprobanda
980 980 1019 1039 Et
1039 980 1156 1040 videtur
1177 978 1260 1056 quod
1283 995 1328 1037 su·

273 1083 374 1160 perbia
400 1091 429 1141 et
456 1081 557 1140 omnia
584 1081 640 1138 alia
667 1081 734 1139 vitia
762 1089 829 1139 sunt
857 1096 999 1138 connexa
1052 1076 1134 1136 Nam
1163 1077 1328 1154 quicunque

273 1181 435 1239 inordinate
457 1189 534 1237 amat
555 1180 668 1237 bonum
691 1178 851 1254 proprium,
872 1176 980 1235 invidet
1005 1175 1066 1235 aliis
1090 1184 1120 1233 et
1145 1176 1280 1234 irascitur
1301 1173 1329 1231 iu

273 1277 403 1347 effectu¹,
415 1287 443 1335 et
457 1295 510 1352 per
523 1277 601 1334 idem
616 1286 660 1334 est
673 1276 845 1346 accidiosus,
857 1292 967 1344 avarus,
977 1273 1099 1349 gulosus
1114 1283 1145 1330 et
1155 1271 1330 1340 luxuriosus,

274 1385 368 1451 torpet
389 1375 467 1433 enim
489 1374 519 1432 in
540 1373 654 1431 servitio
669 1372 735 1431 Deo
757 1372 865 1443 debito,
878 1381 909 1430 et
929 1371 1017 1429 nimis
1038 1369 1207 1429 inordinate
1221 1369 1330 1446 appetit

273 1474 385 1530 bonum
406 1472 572 1547 proprium;
606 1471 697 1530 etsie
718 1469 808 1528 homo
830 1468 948 1527 interior
966 1467 1070 1544 gulose
1090 1477 1120 1525 et
1141 1465 1215 1526 false
1235 1475 1330 1542 gustat

274 1571 418 1628 honorem
434 1569 603 1627 indebitum.
646 1566 683 1625 Et
698 1566 734 1625 de
750 1566 888 1642 spirituali
901 1565 1015 1624 luxuria
1033 1573 1124 1641 patet,
1138 1563 1223 1640 quod
1241 1563 1328 1622 iorni·

276 1679 357 1728 catur
370 1686 388 1726 a
402 1662 484 1726 Deo²
498 1666 618 1742 turpiter
632 1683 700 1724 cum
715 1682 747 1723 se
761 1665 835 1740 ipso.

719 2053 813 2115 CAP.
835 2053 888 2113 XI.

721 2210 889 2268 Humr'lr‘tas.

318 2316 449 2417 Mallio(
483 2357 580 2417 Placet
594 2358 674 2435 quod
690 2360 731 2419 sic
745 2358 842 2418 leviter
856 2369 884 2417 et
899 2357 1022 2416 breviter
1035 2355 1073 2415 de
1087 2358 1229 2432 superbia
1242 2376 1329 2434 expe·

279 2456 344 2514 disti
351 2455 369 2513 ³.
412 2455 469 2515 Sed
483 2475 551 2514 cum
569 2456 609 2514 illi
624 2457 813 2515 contrariatur
827 2444 982 2525 humilitas,
994 2471 1067 2529 rogo
1081 2463 1112 2512 ut
1131 2472 1238 2531 parum
1252 2456 1329 2515 dicas

279 2554 315 2611 de
330 2554 393 2629 ipsa
412 2555 522 2623 virtute,
539 2572 606 2612 cum
621 2554 657 2612 sit
672 2550 789 2612 contra⁴
803 2553 968 2629 superbiam
983 2552 1144 2624 medicina;
1167 2554 1329 2613 antidotum

279 2652 357 2709 enim
373 2661 474 2709 contra
487 2651 587 2709 vitium
602 2662 645 2709 est
660 2651 748 2709 virtus
763 2652 914 2709 contraria.

320 2748 502 2833 Plrrrmesr'r.¹
527 2748 626 2807 Placet
651 2749 687 2806 de
711 2749 860 2807 virtutibus
885 2748 1031 2807 conformi
1056 2747 1103 2805 via
1127 2757 1329 2808 transcurrere.

281 2845 360 2903 Sicut
371 2847 449 2902 enim
461 2848 597 2921 superbia
607 2855 650 2904 est
662 2847 774 2904 initium
785 2847 911 2921 peccatis
923 2846 994 2915 aliis,
1007 2846 1048 2904 sic
1059 2845 1204 2904 humilitas
1215 2858 1260 2905 est
1271 2847 1330 2905 aliis

279 2945 428 3002 virtutibus
442 2943 662 3002 fundamentum
667 2963 675 3015 ;
698 2954 726 3002 et
740 2945 808 3002 hinc
824 2943 875 3002 luit
887 2942 1028 3012 Christus,
1041 2944 1110 3020 quia
1121 2944 1266 3020 sapientia
1276 2944 1329 3002 Dei

279 3042 378 3118 patris,
398 3041 427 3098 in
446 3042 604 3100 humilitate
623 3044 724 3100 beatae
743 3041 853 3100 Mariae
873 3043 991 3118 virginis
1010 3043 1187 3112 incarnatus,
1201 3053 1233 3100 ut
1253 3051 1330 3120 patet

280 3139 377 3198 Lucae
387 3141 404 3197 i.
442 3140 521 3198 Sicut
532 3140 609 3197 enim
622 3139 753 3198 Christus
765 3158 826 3198 non
837 3143 930 3215 potuit
941 3140 1099 3215 superbire,
1112 3139 1154 3197 sic
1165 3157 1227 3198 non
1238 3141 1332 3217 potuit

279 3255 343 3296 esse
363 3237 427 3313 ipso
441 3236 583 3306 humilior,
599 3255 666 3295 cum
681 3238 716 3295 sit
730 3247 762 3295 ut
776 3247 907 3296 centrum
925 3238 977 3296 toti
997 3237 1127 3295 humano
1146 3240 1258 3313 generi,
1273 3255 1331 3316 quo

280 3346 379 3394 centro
402 3353 462 3393 non
483 3335 599 3411 posset⁶
619 3353 683 3393 esse
704 3336 837 3407 inferius3
866 3354 936 3394 narn
956 3353 1024 3394 cum
1043 3354 1090 3394 res
1108 3335 1219 3412 aliqua·
1241 3339 1278 3398 sit
1296 3355 1331 3398 eo

280 3434 397 3492 inferior
417 3452 477 3510 quo
499 3444 600 3492 centro
622 3434 820 3510 propinquior,
840 3442 919 3508 patet
940 3432 1022 3510 quod
1041 3451 1130 3491 nemo
1151 3445 1250 3509 potest
1268 3455 1332 3495 esse

280 3530 396 3589 Christo
417 3531 560 3589 humilior.
603 3531 676 3590 Ideo
698 3541 794 3589 errant
815 3532 864 3607 qui
887 3541 1010 3605 ponunt,
1032 3529 1111 3607 quod
1132 3529 1216 3590 Deus
1237 3545 1333 3610 potest

280 3645 390 3702 ponere
403 3639 532 3686 centrum
545 3629 645 3686 mundi
661 3629 778 3687 inferius
793 3646 881 3703 quam
897 3637 941 3686 est
954 3628 1054 3696 modu,
1066 3645 1134 3686 curn
1149 3628 1192 3687 sic
1206 3631 1334 3690 mundus

280 3725 424 3783 rarelieret
445 3726 475 3783 in
495 3725 647 3796 infinitum,
663 3745 730 3785 cum
752 3726 924 3784 inferioritas
946 3743 1007 3783 non
1028 3725 1184 3785 attenditur
1198 3745 1217 3786 a
1231 3724 1333 3788 mundi

281 3822 519 3895 circumferentia,
545 3835 676 3882 centrum
703 3824 804 3883 mundi
833 3841 894 3882 non
922 3822 997 3882 foret
1025 3823 1144 3883 inferius
1171 3842 1263 3902 quarn
1288 3836 1333 3886 est

313 4013 322 4043 ¹
341 4012 439 4091 ellectu]
452 4013 653 4090 affectu..A.B.C.
758 4013 769 4043 ¹
785 4031 800 4063 a
812 4014 880 4079 Deo]
893 4013 925 4064 cl.
938 4013 1076 4091 Hormiae.
1090 4029 1111 4064 1.
1176 4014 1186 4044 ⁸
1202 4015 1335 4094 expedisti]

283 4085 308 4128 te
318 4080 469 4143 expedivisti,
482 4079 509 4128 B.
522 4095 615 4143 prrnrae
626 4095 721 4136 manus,
733 4080 772 4129 ed.
784 4096 821 4146 pr.
927 4078 936 4108 ¹
953 4095 1009 4128 cum
1021 4087 1052 4129 srt
1063 4079 1162 4145 contra]
1170 4095 1228 4130 cum
1239 4098 1293 4146 rpsa
1303 4090 1334 4130 srt

285 4144 406 4192 contraria
422 4152 446 4193 et
463 4151 556 4198 contra,
575 4144 668 4193 ΑΒΕ.
816 4143 938 4210 ⁵posset]
956 4145 1042 4209 possit,
1060 4147 1107 4201 A.;
1132 4152 1223 4210 potest,
1241 4147 1280 4196 ed.
1297 4162 1333 4211 pr.

284 4210 293 4231 ⁶
310 4209 405 4273 aliqua]
416 4209 475 4266 alm,
487 4209 580 4259 A.B.C.
592 4210 630 4260 ed.
643 4225 679 4273 pr.
