2864 4836
58 466 151 511 cnr.»
422 445 761 509 TRIALOGUS.

59 604 142 677 mihi,
162 605 295 685 intelligit
315 608 426 668 subtilis
443 608 594 686 apostolus
614 629 665 687 per
679 620 848 687 tegumenta
862 611 1027 671 necessaria
1040 630 1113 688 pan·

59 720 169 763 uorum
197 723 307 782 genera
331 716 360 766 et
384 704 549 779 domomm,
575 708 612 767 de
640 726 701 785 quo
728 707 842 767 binario
871 706 980 768 debent
1008 727 1113 769 omnes

59 800 186 862 viantes¹
207 803 239 861 in
261 804 321 863 suis
341 805 480 880 gradibus
500 806 672 877 contentari,
690 815 721 864 ut
741 807 792 865 viri
814 805 934 883 perfecti
954 806 1115 882 apostolici,

59 917 125 960 nou
146 899 288 960 habentes
312 901 539 979 superfluitatem
563 903 594 961 in
618 903 733 962 cibariis
756 905 935 981 sumptuosis
959 904 1004 963 vel
1028 905 1115 965 etiam

59 995 150 1057 nimis
170 998 277 1058 multis.
319 998 358 1058 Et
378 1017 439 1076 quo
461 999 498 1058 ad
518 1009 688 1077 tegumenta
708 1002 739 1060 in
760 1003 875 1078 pannis,
890 1002 971 1079 quod
992 1004 1115 1061 omnino

59 1111 125 1155 uon
138 1092 269 1154 utantur¹
289 1096 442 1174 superfluis
456 1097 501 1157 vel
519 1098 607 1158 nimis
627 1100 815 1176 sumptuosis,
830 1101 905 1159 sicut
924 1100 1048 1176 apostoli
1065 1101 1116 1176 qui

59 1191 178 1253 fuerunt
191 1211 246 1272 pro
259 1194 408 1272 tempore⁸
422 1194 529 1255 Christi
548 1196 585 1255 de
605 1214 664 1255 una
682 1197 781 1256 tunica
794 1198 964 1269 contentati,
979 1197 1114 1257 vocando

59 1291 192 1352 muicam
206 1309 337 1369 pannum
352 1292 431 1352 illum
451 1294 501 1370 qui
515 1294 690 1353 eminentius
709 1295 780 1372 tegit
799 1313 924 1371 corpus;
953 1313 1008 1355 nec
1026 1294 1117 1355 habe-

59 1390 136 1450 bant
154 1389 186 1448 in
206 1388 359 1450 domiciliis
379 1391 587 1468 proprietatem
609 1391 776 1463 domorum,
791 1402 821 1450 et
842 1392 966 1451 omnino
980 1394 1118 1453 carebant

60 1487 129 1548 altis
149 1486 295 1560 domibus,
317 1498 347 1547 et
366 1489 405 1549 ad
429 1506 506 1549 onus
529 1489 657 1565 proximi
681 1490 870 1567 sumptuosis.
922 1489 959 1549 In
980 1490 1118 1550 omuibus

59 1595 163 1646 autem
176 1585 254 1646 istis⁴
268 1586 436 1646 excessibus
450 1585 582 1646 laborant
597 1586 707 1657 iratres,
722 1595 751 1645 et
765 1587 927 1664 specialiter
940 1605 1001 1665 quo
1015 1587 1054 1647 sd
1067 1606 1119 1648 ex-

59 1684 207 1745 ceasivum
221 1701 385 1756 numerum,
399 1701 460 1762 quo
474 1684 513 1743 ad
523 1685 775 1761 sumptuositatem
789 1685 919 1757 istorum,
935 1683 979 1745 et⁶
995 1687 1118 1746 omnino

59 1782 132 1862 quia
144 1780 246 1842 fratres
260 1801 315 1842 nec
330 1782 367 1842 de
380 1781 480 1842 labore
495 1782 627 1860 corporis
640 1800 697 1842 nec
711 1781 748 1842 de
765 1783 967 1843 aedificatione
982 1784 1120 1860 spirituali

59 1879 172 1940 iaciunt
186 1879 314 1940 debitam
327 1897 550 1957 reconpensam.
592 1879 631 1938 Et
641 1879 831 1939 conformiter
842 1879 909 1939 dico
924 1881 991 1940 tibi⁸
1006 1899 1066 1958 quo
1081 1883 1120 1941 ad

59 1978 244 2039 dotationem
254 1978 403 2050 ecclesiae,
415 1996 476 2038 non
489 1978 570 2037 enim
580 1976 666 2037 video
680 1979 752 2054 quin
762 1988 917 2055 peccatum
931 1978 1038 2055 sapiat²
1052 1997 1120 2038 cum

60 2077 127 2154 ejus
145 2075 372 2137 haereditatione
386 2086 506 2155 propter
520 2075 610 2135 mrtlta
624 2075 701 2135 mala
714 2093 791 2152 quae
810 2075 918 2136 exinde
936 2078 1120 2154 proveniunt.

62 2173 136 2236 Non
149 2184 249 2234 tamen
259 2175 345 2234 video
360 2175 431 2251 quin
444 2175 512 2233 licet
525 2173 632 2233 habere
644 2175 841 2250 provisionem
852 2176 1034 2235 moderatam
1047 2175 1122 2235 ultra

61 2273 266 2335 necessitatem
280 2272 408 2332 alimenti
422 2283 451 2332 et
464 2273 633 2349 tegumenti,
648 2271 719 2331 dum
732 2281 832 2332 tamen
851 2272 937 2350 pure⁸
952 2292 1005 2351 per
1023 2273 1122 2334 media

61 2371 142 2432 licita
156 2365 229 2431 εἱιιῑο
242 2371 374 2448 quaesita
382 2389 390 2443 ;
413 2369 470 2429 hoc
484 2380 583 2429 tamen
597 2387 663 2428 raro
677 2369 723 2429 vel
737 2388 888 2448 nunquam
903 2372 1006 2431 evenit.
1047 2372 1121 2432 Ideo

62 2468 198 2531 Christus
216 2479 246 2528 et
264 2469 327 2545 ejus
346 2468 471 2545 apostoli
491 2478 674 2527 servaverunt
693 2485 841 2527 summum
862 2468 986 2546 gradum
1006 2469 1120 2546 perfec·

61 2569 162 2630 tionis.
205 2566 278 2626 Ideo
292 2576 371 2637 nota,
386 2564 468 2643 quod
486 2564 636 2642 apostolus
654 2583 716 2624 non
731 2565 800 2627 dicit
814 2566 896 2643 quod
903 2577 977 2643 pure
983 2568 1006 2601 ¹⁰
1020 2569 1056 2628 de
1072 2568 1122 2628 ali·

61 2667 171 2727 mentis
191 2675 221 2724 et
240 2665 417 2742 tegumentis
438 2663 495 2722 sint
508 2662 613 2739 singuli
634 2664 800 2736 contentati,
816 2663 867 2724 sed
889 2663 958 2725 dicit
978 2666 1059 2743 quod
1082 2667 1118 2726 de

61 2764 209 2826 alimentis
223 2773 252 2822 et
266 2761 442 2839 tegumentis
456 2761 586 2820 contenti
601 2761 726 2832 simus¹¹,
743 2762 936 2839 intelligentes
950 2783 1013 2824 uon
1026 2765 1122 2825 solum

62 2863 113 2923 illa
125 2878 202 2938 quae
215 2861 247 2918 de
254 2861 339 2939 sacto
353 2858 433 2917 alunt
446 2857 491 2916 vel
505 2867 616 2935 tegunt,
631 2858 684 2917 sed
697 2858 755 2930 illa,
769 2878 845 2937 quae
858 2861 890 2918 de
902 2864 1024 2938 potentia
1038 2863 1119 2923 alunt

62 2959 111 3019 vel
130 2967 240 3036 tegunt,
262 2957 371 3017 scilicet
391 2954 474 3026 illa¹²,
495 2973 570 3033 quae
591 2954 699 3015 debent
724 2957 755 3014 in
779 2958 898 3018 modico
923 2970 1056 3038 ternpore
1081 2962 1118 3021 de

63 3074 199 3134 congruo
211 3053 279 3115 sic¹⁸
288 3065 386 3131 tegere
396 3053 441 3113 vel
456 3054 571 3124 nutrire,
583 3055 624 3112 sic
638 3054 719 3130 quod
733 3057 856 3116 omnino
871 3069 1006 3118 caveatur
1020 3059 1120 3137 acqui·

63 3156 133 3217 sitio
148 3153 194 3214 vel
207 3153 332 3214 servatio
347 3151 499 3229 culpabilis
514 3150 550 3210 de
566 3151 685 3211 eisdem.

99 3327 110 3358 ¹
126 3323 234 3389 viantes]
246 3339 296 3374 om.
308 3320 404 3373 A.B.C.
546 3320 556 3350 ¹
571 3320 684 3386 utantur]
696 3328 803 3379 utamur,
815 3322 910 3375 A.B.C.
1052 3326 1062 3356 ⁸
1079 3342 1125 3392 pro

65 3390 191 3456 tempore]
202 3405 249 3454 pro
260 3388 341 3446 simul,
354 3387 387 3437 D.
399 3387 437 3437 ed.
449 3402 487 3453 pr.
619 3386 628 3414 ⁴
645 3385 711 3450 istis]
723 3402 774 3436 om.
786 3388 814 3437 Β.
964 3388 976 3419 ⁸
991 3390 1029 3456 et]
1041 3391 1124 3449 etim,

65 3457 97 3506 B.
109 3456 205 3522 primae
216 3453 361 3511 manased.
373 3469 410 3519 pr.
541 3450 627 3515 ⁸tibi]
639 3452 734 3500 om.A.
864 3452 984 3520 ⁷sapiat]
997 3456 1070 3521 sapit,
1082 3457 1123 3513 A,

65 3520 311 3585 eprimnemauus.
408 3516 507 3582 'pure]
519 3517 648 3581 praescisa.
659 3517 710 3581 lege
720 3517 838 3581 praecise,
849 3519 888 3569 ed.
900 3535 938 3584 pr.
1034 3521 1122 3586 ’sint]

65 3593 134 3642 sunt,
144 3585 183 3635 ed
196 3600 233 3650 pr.
366 3583 385 3615 ¹⁰
400 3581 473 3648 pure]
485 3581 607 3646 praescisa
618 3581 759 3645 (praecise),
770 3581 808 3631 ed.
820 3598 857 3648 pr.
982 3584 999 3616 ¹¹
1016 3588 1126 3638 contenti

65 3649 158 3715 simus]
170 3650 219 3700 siut
231 3649 320 3714 singuli
332 3647 476 3703 commutati,
485 3647 579 3697 A.B.C.
735 3646 754 3678 ¹¹
770 3661 833 3711 quae
843 3648 875 3700 de
887 3649 1125 3716 potentia-scilicet

66 3716 125 3782 illu]
138 3731 189 3767 om.
201 3714 265 3765 B.D.
277 3715 316 3766 ed,
325 3730 363 3780 pr.
473 3712 492 3742 ¹⁸
508 3712 540 3762 de
550 3727 661 3777 congruo
672 3711 720 3778 sic]
733 3727 783 3763 om.
795 3712 859 3764 ΑΒ.

459 3997 740 4063 -ηῇμ-

1198 466 1258 534 195
