2864 4836
518 415 772 498 JOANNIS
806 415 1030 479 WICLIF
1228 435 1301 472 tran.

243 584 304 642 siae
327 593 472 641 consonat
496 599 564 640 cum
591 581 647 640 hac
673 578 775 656 regula
799 578 926 639 Christi?
974 577 1058 639 ideo
1090 578 1236 639 sententia
1259 577 1301 634 im

241 680 370 757 implicat
396 688 426 737 et
453 679 549 747 docet,
577 677 728 755 quomodo
756 676 902 736 liuctuose
930 687 964 736 et
992 677 1131 754 provide
1160 672 1300 752 corporalis

241 777 429 854 eleemosyna
449 777 535 836 debet
557 777 627 847 dari,
648 785 677 834 et
697 775 849 852 quomodo
870 774 1022 850 injuriatio
1047 774 1137 835 sacta
1162 775 1208 833 his
1226 773 1300 830 mbas

241 876 394 952 egentibus
420 875 569 934 rectificari
597 873 683 933 debet
710 883 740 932 et
767 873 889 948 corrigi3
920 872 978 931 sed
1007 872 1099 933 dona
1129 873 1203 932 mihi
1229 872 1298 929 istam

242 974 389 1050 injuriam.

283 1071 331 1129 Ad
345 1072 458 1129 tertiam
471 1071 599 1148 objectum
612 1080 695 1129 tuum
709 1069 819 1129 dictum
829 1079 873 1127 est
883 1068 1014 1144 saepius,
1027 1069 1195 1145 quomodo
1205 1065 1300 1142 duplici

242 1169 323 1227 tinulo
344 1179 400 1228 stat
421 1169 572 1227 hominem
592 1168 699 1227 habere
719 1165 898 1243 temporalia,
915 1165 1031 1225 scilicet
1050 1167 1146 1226 titulo
1166 1162 1300 1241 originalis

239 1267 366 1343 justitiae
387 1277 415 1325 et
436 1267 518 1325 titum
538 1265 705 1325 mundanae
727 1265 862 1341 justitiae.
904 1261 1009 1321 Titulo
1031 1276 1142 1324 autem
1166 1259 1300 1340 originali

239 1364 365 1440 justitiae
386 1363 487 1422 habuit
501 1362 633 1422 Christus
654 1363 754 1421 omnia
774 1362 854 1421 bona
874 1359 987 1429 mundi,
1008 1372 1044 1419 ut
1065 1379 1166 1438 saepe
1187 1358 1300 1420 declani

241 1461 443 1536 Augustam
471 1461 520 1519 illo
539 1461 621 1520 tituh
635 1460 680 1519 vel
698 1459 780 1520 titulo
799 1456 923 1533 gratiae¹
935 1456 1092 1533 justorum
1113 1469 1187 1518 sunt
1203 1454 1299 1523 omni&

241 1559 294 1616 sed
313 1557 401 1635 longe
423 1560 460 1617 ab
481 1559 530 1618 illo
548 1559 630 1618 titulo
645 1557 733 1618 civilis
746 1555 906 1634 possessio
949 1553 1042 1614 Unde
1062 1554 1206 1617 Christus
1218 1566 1246 1613 et
1261 1552 1299 1613 sui

241 1656 367 1731 apostoli
394 1667 492 1733 spreta
513 1643 713 1716 dominatione
737 1665 766 1713 et
789 1651 993 1729 possessione¹
1018 1654 1099 1712 civili
1127 1653 1245 1714 hiemat
1267 1650 1299 1709 de

241 1753 388 1813 habitione
412 1772 485 1832 pure
511 1753 674 1813 secundum
698 1750 840 1829 primum⁸
862 1750 976 1810 tihtlum
1004 1753 1187 1811 contentari.
1235 1750 1299 1809 Ideo

241 1851 340 1927 regula
354 1851 462 1911 Christi
481 1861 526 1912 est
545 1850 627 1927 quod
646 1849 741 1909 nullus
760 1866 880 1909 suonam
901 1847 1118 1925 discipulorum
1139 1858 1298 1927 praesumat

240 1966 294 2024 pro
314 1949 523 2026 temporalibus
543 1949 602 2009 suis
621 1948 809 2017 contendere,
830 1956 862 2005 ut
880 1954 960 2023 patet
980 1944 1132 2006 Matthaei
1153 1948 1210 2007 vi:
1238 1944 1299 2022 ‘qui

242 2045 334 2104 aufert
347 2063 424 2122 quae
442 2056 491 2104 tua
505 2056 581 2115 sunt,
593 2064 631 2103 ne
641 2043 771 2122 repetas!
807 2042 865 2102 Sed
879 2043 967 2120 longe
981 2052 1052 2101 sunt
1063 2043 1151 2120 leges
1165 2045 1263 2104 civiles
1274 2052 1299 2099 et

240 2144 423 2202 consuetudo
438 2143 651 2203 dominantium
666 2142 831 2202 seculariter
845 2141 884 2199 ab
902 2141 956 2200 ista
975 2143 1134 2200 sententia.
1179 2142 1220 2199 Et
1232 2141 1299 2199 haec

240 2242 311 2298 ratio
326 2258 416 2315 quare
430 2240 510 2317 leges
525 2242 595 2300 istae
609 2241 777 2300 mundanae
791 2249 820 2298 et
833 2239 967 2297 executio
980 2236 1094 2297 furiosa
1107 2239 1226 2299 illarum
1236 2248 1299 2299 sunt

239 2349 298 2395 tam
313 2338 491 2413 culpabiliter
504 2339 591 2397 etiam
606 2340 680 2397 inter
694 2338 816 2397 clericos
829 2336 1021 2395 introductae.
1064 2335 1104 2396 Et
1120 2349 1208 2413 patet
1220 2337 1297 2415 quod

239 2434 397 2506 conclusio,
413 2454 502 2511 quam
517 2435 613 2506 infers,
625 2445 670 2496 est
684 2433 883 2504 concedenda,
895 2432 948 2492 sed
958 2432 1069 2493 habitio
1081 2434 1296 2512 distinguenda

220 2533 317 2618 ,Nam
342 2533 448 2591 habere
473 2534 598 2602 civiliter,
624 2552 692 2593 cum
717 2534 873 2592 necessitat
898 2532 936 2591 ad
964 2531 1198 2592 sollicitudinem
1225 2535 1297 2593 circa

239 2631 409 2705 temporalia
419 2641 447 2688 et
462 2631 541 2706 leges
556 2631 708 2690 hominum
723 2630 928 2700 observandas,
946 2630 1032 2688 debet
1043 2633 1173 2690 omnino
1188 2632 1296 2691 clen'cis

239 2728 378 2786 interdici.
420 2729 458 2787 Et
480 2743 622 2804 quantum
643 2729 680 2787 ad
695 2727 862 2788 Silvestrum
884 2740 913 2787 et
933 2730 1014 2800 ahoe,
1030 2741 1075 2787 est
1097 2730 1170 2788 mihi
1193 2733 1296 2808 proba·

220 2882 222 2904 ,
238 2826 294 2883 bile
309 2826 389 2901 quod
404 2828 433 2884 in
453 2828 621 2903 recipiendo
636 2828 727 2885 taliter
746 2827 928 2886 dotationem
941 2827 1065 2902 graviter
1084 2840 1296 2903 peccaverunt3

220 2912 293 2980 lsed
322 2942 480 2998 possumus
505 2943 679 3000 supponere,
708 2925 788 3000 quod
818 2925 854 2984 de
883 2924 939 2983 hoc
968 2924 1117 2983 fructuose
1151 2929 1295 3002 posterius

219 2972 435 3103 {poenitebant
479 3022 516 3079 Et
544 3024 585 3080 sic
611 3022 744 3080 concedo
773 3023 824 3080 tibi
848 3022 928 3096 quod
952 3023 1017 3080 licet
1046 3023 1161 3083 clericis
1189 3025 1295 3084 habere

218 3106 221 3239 ἱ
238 3119 417 3192 temporalia,
434 3119 485 3177 sed
506 3120 588 3177 titulo
611 3131 640 3177 et
660 3120 752 3178 modo
774 3119 900 3178 habendi
922 3138 1010 3194 quem
1025 3119 1108 3179 Deus
1124 3122 1256 3193 instituit,
1269 3134 1295 3180 et

238 3233 298 3272 non
325 3216 373 3273 illo
399 3217 489 3275 modo
515 3218 632 3294 cupid0‚
657 3236 745 3293 quem
771 3217 932 3294 Cayrnitica
955 3218 1112 3276 institutio⁴
1139 3221 1294 3279 adinvenit

238 3312 316 3371 Nam
337 3315 446 3374 chorda
465 3327 509 3373 est
531 3326 660 3374 creatura
674 3318 753 3374 bona
774 3317 838 3385 Dei,
854 3317 928 3374 sicut
941 3326 969 3374 et
990 3316 1097 3375 collum
1112 3318 1253 3389 hominis,
1268 3331 1293 3378 et

238 3423 337 3469 tamen
352 3414 458 3471 modus
474 3413 600 3472 habendi
615 3415 693 3473 illam
708 3414 784 3473 circa
798 3415 905 3472 collum
919 3413 1047 3472 hominis
1067 3418 1239 3494 strangulati
1253 3432 1293 3476 est

237 3510 305 3567 satis
331 3511 454 3570 odibilis.
497 3512 571 3572 Ideo
595 3513 675 3570 nuda
699 3523 743 3571 est
764 3524 813 3570 tua
838 3513 949 3587 argutia
973 3531 1101 3588 peccans
1125 3514 1157 3572 in
1184 3516 1293 3574 fallacia

216 3614 219 3737 h
237 3610 451 3681 consequentis,
472 3612 513 3667 ‘si
535 3611 600 3668 licet
622 3610 731 3668 clericis
745 3610 852 3668 habere
867 3609 938 3667 haec
957 3611 1138 3686 temporalia,
1154 3632 1227 3689 ergo
1247 3613 1292 3671 illo

217 3742 219 3799 7
237 3704 349 3761 modo!

269 3849 275 3876 ¹
294 3847 337 3896 illo
355 3848 428 3897 titulo
440 3850 478 3898 vel
496 3851 568 3899 titulo
586 3852 689 3916 gratiae]
702 3851 745 3900 illo
758 3851 831 3900 titulo
842 3852 944 3916 gratiae,
956 3852 1049 3901 ΑΒΕ.
1062 3854 1186 3903 secundae
1198 3871 1289 3904 manus.

234 3911 243 3939 ²
260 3921 284 3960 et
297 3913 462 3978 possessione]
475 3932 524 3963 orn.
537 3917 574 3964 ecl.
588 3933 623 3979 pr.
720 3918 730 3944 ³
747 3917 865 3980 plinium]
878 3917 956 3971 illum.
968 3917 1007 3966 ed.
1019 3933 1056 3981 pr.
1129 3919 1139 3948 ⁴
1156 3921 1290 3983 Caymitieu

215 3980 218 4023 l
235 3977 368 4042 institutio]
381 3980 502 4028 institutio
514 3982 617 4044 aCaym
629 3982 680 4029 sive
689 3983 760 4030 Caim
772 3982 879 4036 inventa,
888 3983 932 4030 ie.
942 3998 957 4030 a
968 3991 1074 4045 quatuor
1086 3985 1217 4034 ordinibus
1226 4002 1290 4034 meru·

215 4034 217 4063 ¹
234 4042 377 4098 dicentium,
391 4044 432 4107 qui
445 4061 488 4108 per
500 4045 582 4094 literas
599 4047 706 4095 nominis
718 4048 780 4096 Cain
797 4063 816 4094 s
830 4047 902 4096 Caim
919 4047 1050 4111 significari
1067 4048 1223 4106 dicebantur,
1240 4050 1288 4100 scil.

214 4069 217 4149 i
234 4106 389 4164 Carmelitae,
401 4111 603 4172 Augustinenses‚
616 4112 744 4175 Jacobitoe
756 4128 775 4160 s.
789 4112 955 4168 Dominicani,
968 4113 1078 4162 Minores
1090 4130 1110 4162 s.
1124 4115 1145 4163 F
1146 4116 1288 4166 ranciscani.
