2864 4836
136 447 232 485 caan.
504 429 844 493 TRIALOGUS.
1267 448 1333 514 ,197

138 592 286 667 appetitus
305 591 438 650 sumendi
460 592 576 653 cibaria.
619 594 655 652 Et
678 604 766 671 patet,
789 594 870 670 quod
894 594 985 654 homo
1007 604 1103 671 potest
1127 605 1211 681 esset

139 699 400 766 quantumcunque
415 690 566 750 famelicus
580 693 624 751 vel
645 711 796 769 nunquam
810 694 887 752 vesci
908 693 982 752 datis
996 694 1110 753 cibariis
1124 711 1192 752 cum
1208 684 1211 793 Ι

138 786 199 846 hoc
213 788 293 864 quod
307 789 345 847 ad
359 788 406 847 illa
420 790 527 848 cibaria
541 790 577 849 sit
591 791 719 866 gulosus.
763 790 840 850 Gula
857 791 937 849 enim
951 809 1002 867 per
1016 809 1048 850 se
1062 792 1194 850 consistit
1208 796 1211 841 f

138 887 171 944 in
193 887 321 962 appetitu
342 885 402 944 vel¹
423 887 570 946 voluntate
595 888 730 958 indebita,
753 906 814 946 non
837 890 867 947 in
892 889 979 948 lacto.
1029 889 1077 947 Ad
1100 889 1193 948 detes·

138 981 262 1042 tandum
276 994 374 1043 autem
388 984 487 1060 gulam
501 985 625 1045 militant
643 988 771 1046 rationes
790 986 978 1064 multiplices:
998 988 1096 1062 prt‘nw
1110 997 1193 1045 natu-
1227 997 1367 1081 ffigndlfm

138 1081 200 1140 rale
224 1082 401 1159 exemplum,
427 1083 507 1159 quod
530 1083 621 1142 homo
643 1096 797 1160 exsuperat
820 1086 929 1144 bestias
952 1086 982 1143 in
1007 1083 1193 1144 irrationabili
1227 1079 1352 1155 {imm

139 1181 281 1257 appetitu,
296 1191 325 1240 et
347 1182 389 1240 sic
403 1180 515 1240 videtur
529 1199 593 1241 esse
614 1183 708 1259 magis
729 1182 900 1241 irrationalis
921 1184 1023 1241 hestiis
1044 1183 1192 1259 appetitu3

137 1294 211 1337 nam
237 1278 355 1350 bestiae,
384 1289 642 1356 quantumcunque
670 1280 707 1339 de
736 1281 922 1339 nascentibus
951 1290 1043 1338 terrae
1071 1280 1192 1350 affuerit,

138 1375 291 1435 moderate
316 1376 474 1436 comedunt
499 1387 528 1436 et
556 1388 625 1437 tunc
654 1389 777 1449 cessant,
806 1378 842 1436 de
871 1395 949 1454 aqua
976 1379 1063 1436 etiarn
1091 1379 1194 1437 bibunt

137 1482 300 1550 temperate
314 1485 455 1550 quantum
470 1475 511 1533 eis
526 1475 673 1550 profuerit,
688 1475 779 1535 homo
795 1485 893 1534 autem
907 1475 973 1552 plus
991 1474 1149 1534 bestialiter
1163 1475 1193 1533 in

137 1570 357 1649 gastrimargia²
375 1583 419 1631 est
438 1572 575 1650 dilapsus,
598 1573 655 1632 hoc
674 1583 717 1633 est
738 1592 875 1650 mergens
895 1576 926 1632 in
948 1583 1047 1632 ventre
1068 1572 1193 1649 putrido,

137 1679 281 1746 tanquam
295 1680 399 1742 castrt),
414 1671 549 1730 vescibile
565 1671 665 1730 datum
679 1690 697 1730 a
711 1671 778 1730 Deo
796 1671 849 1730 ad³
863 1671 1027 1747 proiectum
1045 1671 1192 1730 ecclesiae.

137 1767 179 1828 Et
192 1769 235 1828 sic
248 1767 340 1826 homo
359 1769 457 1827 evertit
477 1769 562 1845 signa
580 1779 709 1840 naturae,
724 1771 794 1845 quia
812 1768 903 1827 homo
923 1769 954 1826 in
973 1768 1193 1846 comparatione

137 1865 180 1926 ad
200 1865 256 1924 aha
277 1865 413 1925 animalia
433 1884 503 1926 suae
524 1866 733 1942 magnitudinis
753 1866 842 1924 habet
864 1883 898 1924 os
919 1867 1017 1925 minus
1031 1864 1202 1924 secundum·

138 1962 342 2043 philosophos,
364 1964 402 2022 ad
423 1963 592 2023 docendum
613 1963 773 2034 hominem,
794 1964 875 2040 quod
896 1974 991 2022 utatur
1012 1963 1193 2023 vescibilibus

137 2061 265 2138 amphus
279 2062 378 2121 bestiis
396 2061 545 2121 moderate
553 2081 561 2133 ;
583 2062 674 2121 modo
690 2071 786 2120 autem
802 2061 899 2120 facite
915 2071 1023 2120 contra
1067 2059 1194 2119 Secunda

136 2160 275 2220 euidentia
288 2169 340 2229 est,
355 2159 424 2234 quia
436 2159 556 2235 gulosus
570 2169 601 2217 ut
620 2159 661 2218 sic
681 2158 873 2234 multipliciter
886 2159 1041 2218 committit
1059 2158 1193 2234 injurias:

138 2258 333 2318 contrariatur
346 2256 377 2314 in
396 2256 496 2332 primis
514 2258 628 2331 corpori
632 2259 757 2332 proprio,
773 2257 963 2333 indisponens
978 2257 1015 2316 ad
1031 2256 1192 2317 naturalem

139 2355 348 2426 fortitudinem,
358 2372 417 2430 qua
431 2355 547 2413 serviret
558 2354 639 2414 Deo⁴
653 2365 681 2413 et
695 2373 765 2415 suae
780 2355 928 2427 ecclesiae,
940 2357 970 2414 in
982 2366 1102 2427 tantum,
1114 2356 1194 2433 quod

138 2463 173 2514 nt
196 2453 343 2513 homicida
366 2453 577 2529 ingratissimus
599 2453 706 2529 pluries
729 2453 835 2512 occidit
863 2463 956 2511 semet
983 2454 1088 2529 ipsum,
1110 2455 1194 2530 juxta

139 2545 212 2613 illud
226 2549 399 2612 commune⁶
412 2551 606 2626 proverbium,
621 2550 736 2627 ‘plures
754 2549 860 2609 occidit
877 2549 947 2625 gula
959 2568 1048 2626 quarn
1064 2551 1194 2626 gladius!

139 2651 298 2728 Injuriatur
316 2649 403 2708 etiam
422 2648 615 2725 multiphciter
628 2651 771 2722 proximo,
791 2648 886 2724 primo
906 2647 1042 2709 faciendo
1063 2661 1193 2709 ventrem

139 2757 172 2807 et
185 2761 221 2803 os
235 2743 375 2813 cloacam,
391 2741 482 2800 inficit
495 2759 601 2813 aerem,
616 2753 644 2800 et
658 2742 700 2801 sie
713 2743 744 2800 in
757 2753 838 2817 parte
858 2752 980 2818 generat
998 2743 1191 2818 pestilentiam

141 2843 274 2906 secundo
288 2843 318 2900 in
337 2841 404 2911 hoc,
424 2841 505 2917 quod
519 2841 593 2899 vires
613 2851 673 2899 tam
693 2841 824 2917 corporis
843 2857 932 2916 quam
951 2841 1074 2913 animae,
1089 2844 1195 2919 quibus

140 2943 295 3023 prodesset
309 2940 453 3016 proximo,
467 2939 586 2998 hebetat
599 2940 643 2999 vel
658 2939 829 3012 confundit;
849 2949 881 3001 et
894 2943 977 3000 tertio
991 2942 1022 2999 in
1035 2941 1100 3013 hoc,
1112 2944 1194 3018 quod

141 3040 289 3102 vescibilia
308 3055 383 3114 quae
399 3036 436 3096 de
457 3038 522 3113 lege
543 3048 663 3097 naturae
684 3037 791 3096 debent
811 3055 876 3096 esse
898 3040 1073 3109 communia,
1090 3041 1193 3116 injuste

140 3138 270 3208 destruit,
292 3155 354 3196 non
377 3136 473 3195 solum
498 3135 662 3212 injuriando
683 3136 868 3213 pauperibus,
891 3136 943 3194 sed
966 3136 1054 3195 etiam
1074 3138 1126 3195 toti
1147 3157 1194 3197 ec-

140 3237 256 3308 clesiae,
278 3246 307 3296 et
327 3236 406 3314 ejus⁸
426 3251 545 3312 sponsu.
594 3233 674 3293 Finis
698 3243 795 3292 autem
820 3233 967 3309 proiectus
991 3252 1028 3292 ex
1053 3234 1103 3292 tali
1126 3236 1194 3311 gula

140 3352 328 3411 consequens
350 3343 406 3394 stat
427 3335 458 3392 in
476 3334 541 3402 isto,
556 3331 636 3407 quod
657 3343 810 3407 praeparat
830 3348 928 3389 escam
942 3331 1087 3390 vermibus
1108 3343 1136 3391 et
1150 3335 1194 3391 in-

137 3434 261 3513 juriatur
285 3444 344 3493 tam
365 3431 441 3504 Deo,
461 3449 551 3509 quam
572 3430 717 3507 proximo.
759 3429 832 3487 ldeo
857 3427 1024 3505 philosophi
1046 3429 1193 3489 consider-

140 3543 226 3592 antes
239 3530 358 3590 ordines
373 3547 526 3589 causarum
541 3527 671 3586 finalium
686 3527 726 3586 sic
740 3525 933 3585 concludunt:
959 3525 1057 3593 ‘multi
1071 3527 1193 3587 mandu-

140 3639 211 3691 cant
234 3640 266 3688 ut
286 3630 390 3701 vivant,
412 3640 441 3687 et
461 3626 543 3686 multi
564 3626 662 3683 vivunt
686 3633 717 3681 ut
741 3622 935 3682 manducent!
978 3623 1003 3681 Ii
1024 3635 1121 3684 autem
1144 3626 1194 3703 qui

141 3741 272 3792 statuunt
295 3748 349 3808 pro
376 3747 464 3791 causa
487 3727 573 3799 finali,
594 3737 626 3785 ut
648 3724 824 3802 temperate⁷
844 3733 997 3784 vescantur
1021 3725 1134 3784 cibariis
1157 3725 1194 3783 ad

176 3913 184 3943 ¹
201 3911 240 3961 vel
264 3909 304 3960 vel
315 3910 349 3967 in,
358 3908 452 3959 ΑΒΕ.
550 3905 560 3934 ¹
576 3904 759 3970 gastrimargia]
770 3904 828 3954 iibri
840 3904 912 3954 MSS.
920 3904 1013 3954 habent
1023 3905 1194 3967 cmtrirnurgia.

143 3977 211 4044 quod
266 3975 458 4039 etymologicum
469 3972 616 4022 sententiam
627 3972 659 4020 de
670 3982 745 4018 castro
756 3969 865 4019 refertur.
1007 3968 1017 3998 ⁸
1032 3968 1077 4032 ad]
1091 3984 1142 4017 non
1154 3969 1194 4023 ad,

143 4043 183 4093 cd.
194 4058 232 4107 pr.
313 4039 323 4069 ¹
339 4040 408 4103 Deo]
417 4039 474 4088 Deo
485 4054 538 4092 suo.
551 4037 614 4085 ΑΕ.
712 4035 722 4064 ⁶
738 4035 881 4098 commune]
891 4034 1047 4084 Constantini
1057 4049 1194 4091 commune,

142 4109 183 4159 ed.
200 4124 253 4174 pn:
276 4120 380 4170 sequens
395 4105 448 4154 sine
459 4103 535 4152 dubio
552 4109 636 4151 uotam
653 4100 758 4164 margini
774 4100 873 4149 Codicis
884 4101 915 4150 C.
930 4099 1094 4164 adscriptam:
1115 4100 1194 4149 ‘Con-

143 4173 245 4223 stantini
257 4171 354 4221 mediei’
365 4172 521 4231 (sartacteta,
532 4183 566 4225 sc.
578 4167 662 4216 seculo
672 4166 726 4221 xl..
738 4164 909 4226 celeberrimi).
1028 4163 1038 4192 ⁸
1054 4163 1118 4228 ejus]
1132 4172 1194 4219 toto.

143 4239 182 4289 cd.
194 4254 231 4303 pr.
331 4236 340 4265 ¹
357 4232 504 4300 temperate]
516 4240 627 4296 tempore
638 4237 733 4296 aptato,
745 4231 783 4279 ed.
796 4245 832 4294 pr.
