2864 4836
500 383 757 464 Jorrvms
794 386 1041 450 Wrcnrr'
1216 411 1275 449 m«.

223 545 307 607 Isaac
327 558 357 606 et
376 547 486 618 talium
500 548 570 607 satia
590 545 769 624 propinque¹
791 550 932 623 cognati
982 550 1057 612 Nec
1079 550 1275 630 superestnu‘t

223 661 313 721 quare
333 662 394 703 non
415 645 457 704 sic
478 644 577 705 liceret
596 643 694 715 hodie,
715 644 772 703 nisi
792 643 936 707 humana
960 649 1134 721 ordinatio,
1147 667 1216 727 qnae
1231 647 1276 706 til

223 760 284 800 non
295 743 391 801 solum
405 761 442 802 ex
453 743 629 819 cognatione
643 742 697 802 scd
706 760 744 801 ex
757 742 905 804 affinitate
920 763 1074 807 amorem
1085 751 1164 808 inter
1176 748 1277 807 homin

224 839 343 911 dilatari,
358 849 387 899 et
402 857 490 900 eausa
503 839 576 900 haee
589 840 746 899 hominum
759 850 803 900 est
817 841 916 902 nimis
929 843 1063 905 debilis.

264 937 312 996 Ad
331 939 443 998 tertiam
460 949 541 998 tuam
559 940 722 997 instantiam
740 937 817 1009 dico,
836 940 927 1015 quod
947 944 1134 1016 procreatio
1152 942 1197 1002 vel
1212 941 1277 1000 acin

222 1035 268 1094 vel
288 1036 402 1112 passive
422 1037 482 1097 est¹
495 1038 526 1096 in
546 1037 664 1097 femina
706 1036 772 1097 Nec
784 1035 872 1096 video
894 1055 1000 1115 quare
1022 1044 1157 1120 gignere
1174 1043 1277 1102 sitnon

222 1150 311 1192 mune
331 1134 369 1193 ad
386 1152 498 1194 marem
517 1146 547 1196 et
566 1135 713 1207 seminam,
733 1135 805 1212 quin
822 1135 944 1195 ratione
959 1141 1126 1202 consimili
1142 1155 1278 1218 prostare,

223 1248 290 1289 cum
318 1233 432 1308 utrique
459 1234 614 1292 conveniat
640 1232 754 1310 prolem
783 1232 961 1309 producere.
1025 1235 1102 1297 Nec
1130 1247 1185 1298 est.
1199 1237 1279 1297 im

222 1330 365 1400 veniens⁸,
380 1330 462 1407 quod
475 1331 533 1390 sint
546 1330 606 1390 duo
619 1331 804 1390 matrimonia
818 1347 849 1389 se
863 1328 902 1389 ad
916 1331 1060 1392 invicem
1081 1334 1280 1412 consequenti.

223 1428 298 1485 sicut
310 1439 377 1487 sunt
391 1429 466 1488 duae
480 1429 688 1499 similitudines,
700 1430 725 1488 si
737 1438 782 1487 est
795 1444 855 1486 una
862 1445 872 1499 ;
893 1440 1117 1492 verumtamen
1132 1430 1280 1509 utrunqm‘

223 1527 440 1585 matrimonium
453 1527 649 1603 principaliter
661 1536 705 1586 est
719 1527 750 1586 in
760 1527 832 1595 viro,
843 1524 914 1583 ideo
926 1527 1030 1586 'uxor'
1046 1529 1143 1590 debet
1158 1531 1281 1591 bom

223 1625 313 1681 virum
335 1624 501 1700 diligentius
522 1641 612 1701 quam
625 1643 643 1683 e
657 1633 767 1694 contra,
782 1623 813 1682 in
833 1622 917 1698 cujus
939 1625 1074 1700 signum
1095 1628 1205 1688 mulier
1221 1627 1281 1686 nm

222 1732 266 1780 est
279 1740 317 1778 ex
331 1722 400 1790 viro,
416 1739 477 1780 non
491 1723 533 1780 vir
554 1740 591 1780 ex
612 1720 730 1792 semina,
744 1729 777 1780 ut
797 1729 877 1796 patet
890 1717 972 1778 Gen.
988 1721 1051 1796 iii3
1084 1725 1182 1785 debet
1199 1736 1281 1786 um

222 1820 295 1877 inter
309 1821 389 1895 ipsos
403 1837 468 1878 esse
482 1831 583 1879 mutua
597 1820 713 1879 dilectio
727 1818 850 1889 socialis,
864 1819 895 1876 iu
914 1819 1004 1894 cujus
1027 1822 1159 1899 signum
1178 1842 1237 1884 non
1251 1838 1281 1882 cr

223 1918 316 1993 capite
327 1917 371 1976 vel
385 1917 461 1994 pede
476 1918 527 1976 viri
541 1917 617 1977 lacta
630 1927 674 1977 est
688 1917 790 1976 mulier
800 1916 853 1976 sed
867 1934 905 1975 ex
919 1926 1018 1988 costa,
1030 1920 1073 1979 ad
1088 1921 1281 1982 denotandum

223 2016 303 2092 quod
317 2033 379 2073 non
400 2016 487 2075 debet
501 2034 567 2075 esse
581 2017 642 2075 viro
657 2015 762 2075 ancilla
775 2033 831 2074 nec
845 2014 967 2073 domina
981 2016 1040 2075 sed
1054 2021 1147 2079 socia
1160 2019 1280 2080 lateris

223 2113 261 2170 Et
282 2114 323 2172 sic
345 2113 479 2173 concedo
500 2115 559 2185 tibi,
575 2114 658 2191 quod
672 2115 752 2174 bona
771 2112 901 2189 conjugii
915 2121 983 2171 suut
1005 2115 1066 2174 sibi
1085 2116 1280 2178 aocidennlia

224 2209 283 2270 Sed
304 2229 418 2282 noscas,
433 2211 514 2288 quod
530 2213 600 2271 satis
621 2222 665 2271 est
686 2229 750 2271 esse
770 2209 883 2287 prolem
904 2211 935 2268 in
955 2209 1061 2287 aliquo
1076 2222 1219 2292 tempore
1236 2212 1280 2274 eui

222 2327 282 2368 non
298 2311 435 2368 continue
450 2320 544 2369 stante
558 2310 706 2387 conjugio,
717 2310 791 2369 sicut
803 2325 866 2366 non
880 2310 997 2383 oportet
1012 2311 1101 2386 quod
1111 2313 1159 2371 vir
1173 2329 1280 2390 semper

222 2407 314 2466 solvat
329 2407 468 2477 debitum,
483 2408 536 2466 sed
551 2409 620 2467 satis
634 2416 678 2466 est
691 2406 773 2484 quod
793 2405 885 2465 solvat
900 2405 931 2462 in
944 2415 1085 2482 tempore
1103 2422 1279 2487 opportuno.

223 2505 301 2564 Alias
315 2515 414 2563 autem
429 2504 611 2564 difficultates
626 2505 663 2563 de
677 2505 789 2580 legibus
807 2503 943 2562 humanis
957 2513 1137 2579 pertranseo
1153 2509 1278 2576 credens,

222 2604 301 2678 quod
317 2604 398 2661 multi
413 2622 449 2661 ex
464 2602 617 2661 affectione
632 2602 762 2660 indebita
776 2602 1001 2677 conjunguntur,
1016 2603 1096 2661 sicut
1106 2606 1193 2664 muniti
1204 2608 1278 2666 inde

222 2701 279 2759 bite
295 2711 471 2775 separantur,
514 2700 643 2758 Primum
661 2710 741 2776 patet
756 2699 870 2757 Tobiae
884 2699 929 2769 vi„
945 2716 1015 2757 nam
1030 2712 1149 2777 septem
1166 2705 1218 2762 n'ri
1233 2721 1278 2780 per

222 2799 407 2856 Asmodcum
420 2797 568 2855 diabolum
584 2816 651 2855 cum
667 2796 772 2873 copula
787 2797 861 2855 filiae
873 2795 986 2871 Raguel
1002 2796 1095 2858 Sarae
1106 2800 1224 2860 fuerant
1235 2804 1277 2878 ju·

221 2895 334 2969 gulatil,
346 2897 424 2953 unde
440 2906 523 2953 sexto
538 2895 664 2970 capitulo
679 2895 720 2953 sic
734 2895 870 2953 habetur:
894 2893 993 2953 ‘Dixit
1007 2897 1134 2971 angelus
1146 2898 1278 2976 Raphael

222 2995 344 3062 Tobiae,
360 2994 513 3052 ostendam
536 2993 585 3051 tibi
606 2994 655 3069 qui
678 3004 753 3064 sunt,
772 2994 878 3069 quibus
898 2993 1064 3069 praevalere
1086 3006 1188 3071 potest
1211 2999 1277 3056 dae-

222 3091 363 3150 monium'
379 3091 449 3149 etc.⁷
493 3163 495 3169 Ι

255 3248 263 3276 ¹
280 3246 428 3311 propinque]
441 3246 580 3311 propinqui.
592 3245 626 3294 D.
707 3244 717 3273 ²
733 3245 782 3309 est]
795 3251 832 3294 est
843 3251 875 3300 et,
888 3244 921 3293 D.
986 3244 996 3272 ³
1014 3244 1205 3311 inconveniens]
1217 3264 1273 3298 con-

223 3313 329 3367 veniens,
341 3313 380 3361 ed.
391 3328 429 3376 pr.
511 3311 519 3339 ⁴
536 3310 677 3374 utrumque]
690 3327 740 3359 orn.
752 3311 790 3359 cd.
802 3326 839 3375 pr.
916 3309 927 3339 ⁸
942 3308 1015 3372 uxor]
1027 3310 1126 3367 mulier,
1140 3312 1169 3359 Β.
1181 3315 1274 3377 primae

222 3393 316 3425 manus.
464 3377 474 3404 ⁶
490 3377 580 3440 copula
592 3376 655 3424 filiae
667 3376 762 3439 Raguel
774 3377 849 3425 Sarae
860 3374 955 3424 lucrant
965 3374 1084 3439 jugulati]
1097 3378 1273 3441 copularentur

222 3442 286 3490 filiae
298 3442 392 3504 Raguel
404 3442 478 3490 Same
487 3441 591 3504 jugulati
603 3442 734 3504 perierunt.
747 3441 840 3490 nite.
852 3441 889 3490 ed.
902 3457 938 3506 pr.
1063 3439 1073 3469 ¹
1091 3440 1149 3490 libri
1161 3444 1191 3492 C.
1204 3451 1229 3493 ct
1242 3444 1272 3491 D.

222 3514 310 3556 cuncta
321 3509 395 3556 verba
406 3523 519 3556 versuum
534 3517 562 3571 17
575 3515 599 3556 et
615 3507 643 3556 18
655 3507 755 3571 capituli
767 3507 828 3555 sexti
839 3506 896 3555 libn'
904 3505 1001 3555 Tobiae
1012 3513 1136 3570 repetunt.
