2864 4836
85 390 145 474 178
501 390 757 471 JOANNIS
796 391 1012 454 mem
1203 414 1283 452 mm

225 556 344 633 gratiae,
356 571 445 631 quam
459 555 540 631 quod
553 555 652 625 viator,
664 555 713 631 qui
729 554 815 614 debet
827 571 880 631 pro
891 571 982 630 opere
997 566 1030 614 et
1041 556 1189 615 mercede
1201 553 1280 629 magis

226 655 397 714 necessariis
411 655 551 724 laborare,
566 652 621 712 sic¹
636 673 655 712 a
667 652 752 712 fratre
767 671 830 725 suo,
845 653 895 729 qui
908 654 1010 730 ipsum
1026 654 1122 716 debet
1135 656 1169 715 in
1183 653 1276 715 eodem
1322 726 1324 741 Ι

206 772 209 875 ι
223 753 296 830 jugo
308 753 417 831 juvare,
432 750 575 812 diabolice
588 750 778 829 impeditur¹l

659 1204 755 1266 CAP.
777 1204 844 1265 XV.

642 1368 746 1428 Aurini
755 1371 863 1429 lenitas.

54 1549 118 1616 „32⁰”
133 1549 174 1615 ⁰⁵¹⁸
266 1521 386 1581 Alithr'a.
428 1522 506 1584 Cum
517 1524 605 1583 virtus
616 1524 651 1585 sit
662 1525 730 1585 vitio
745 1526 800 1585 sibi
814 1527 952 1603 opposito
966 1525 1138 1586 antidotum
1149 1526 1275 1607 speciale,

226 1638 299 1696 rogo
325 1631 358 1680 ut
382 1622 462 1681 dicas
485 1622 604 1699 parum³
627 1624 664 1683 de
688 1625 827 1700 patientia
850 1625 895 1684 vel
916 1624 1005 1684 etiam
1030 1624 1174 1701 mititate;
1203 1623 1277 1685 multi

226 1721 367 1796 namque⁴
391 1719 539 1779 videntur⁶
563 1721 749 1794 contendere,
774 1740 851 1799 quae
875 1723 962 1782 virtus
986 1722 1023 1782 sit
1043 1722 1106 1783 irae
1130 1723 1276 1785 contraria

225 1816 264 1875 Et
285 1817 396 1876 videtur
420 1818 501 1895 quod
523 1819 646 1890 mititas;
676 1822 744 1896 quia
759 1817 837 1880 irati⁰
850 1831 895 1880 est
915 1819 961 1879 inl
980 1821 1175 1897 passionibus
1195 1821 1276 1882 animi

226 1916 384 1990 perturbari
405 1926 433 1975 et
451 1917 482 1974 in
496 1919 583 1976 verba
601 1919 765 1978 inordinata
783 1936 982 1997 prorumpere,
1002 1919 1056 1978 sed
1077 1921 1190 1983 mititas
1202 1920 1277 1981 sedat

225 2024 388 2090 utrumque,
403 2014 470 2074 ideo
484 2016 595 2076 videtur
615 2036 679 2077 esse
694 2019 762 2077 vitio
784 2019 843 2077 irae
865 2018 972 2081 directe
993 2020 1152 2080 contraria
1194 2018 1277 2079 Unde

226 2110 331 2171 iliatth.
343 2131 379 2183 v.,
390 2114 439 2171 ubi
454 2114 568 2173 Veritas
583 2115 703 2175 dederat
717 2134 801 2175 suam
814 2116 919 2193 legem,
931 2116 1051 2176 dicitur:
1075 2118 1174 2177 ‘beati
1187 2119 1277 2185 mites,

225 2212 364 2285 quoniam
387 2212 442 2289 ipsi
464 2213 655 2289 possidebunt
675 2214 797 2274 terram?
839 2214 918 2274 Nam
942 2215 1020 2274 circa
1040 2215 1218 2292 temporalia
1237 2213 1277 2273 vel

225 2309 304 2367 bona
328 2308 460 2369 fortunae
484 2312 644 2371 irascuntur
668 2312 809 2372 mundani
830 2312 1022 2382 communius,
1045 2330 1115 2371 curn
1137 2324 1277 2392 tanquam

226 2409 307 2484 pueri
334 2409 379 2467 vel
407 2409 485 2468 stulti
512 2411 710 2486 appretientur
737 2410 802 2486 plus
830 2412 911 2469 bona
937 2410 1059 2469 minima
1085 2429 1180 2488 quam
1203 2415 1280 2472 bona

226 2507 361 2577 maxima,
380 2517 412 2565 ut
431 2508 553 2584 gratiam
573 2518 601 2566 et
616 2510 740 2580 virtutes,
755 2507 838 2567 ide0⁸
852 2527 906 2586 pro
921 2509 974 2567 iilis
992 2521 1127 2585 pugnant
1146 2527 1280 2570 commu·

224 2606 298 2664 niter
319 2617 348 2665 et
369 2605 560 2664 contendunt.
603 2606 652 2665 Ad
674 2607 875 2665 denotandum
896 2616 993 2666 autem
1014 2605 1111 2683 quod⁹
1126 2609 1236 2668 mititas
1253 2618 1280 2667 et

225 2721 286 2761 non
312 2704 353 2761 ira
375 2703 503 2780 disponit
524 2703 561 2762 ad
583 2703 639 2775 illa,
661 2704 730 2764 dicit
750 2705 942 2780 evangelium,
964 2722 1025 2763 non
1047 2704 1130 2781 quod
1151 2706 1282 2766 iracundi

226 2800 278 2859 sed
299 2802 384 2859 mites
406 2802 599 2878 possidebunt
623 2813 737 2863 terram.
779 2802 861 2862 Licet
884 2773 980 2862 autein
1002 2802 1115 2862 feroces
1139 2804 1281 2864 bellantes

205 2898 208 3023 Ι
228 2899 377 2957 videantur
392 2902 569 2977 quandoque
585 2901 691 2960 habere
707 2901 835 2960 seculare
855 2900 1025 2971 dominium,
1040 2918 1108 2959 cum
1122 2902 1283 2962 videntur¹⁰

205 2997 332 3056 *habere
358 3000 520 3058 secundum
548 3000 701 3059 stultorum
723 3000 872 3076 judicium,
895 3009 924 3058 et
946 3017 1006 3058 non
1029 2998 1146 3058 habent.
1193 2999 1283 3061 Unde

205 3060 208 3175 l
227 3095 331 3156 Matth.
344 3098 392 3155 xii.
408 3099 444 3156 de
457 3097 573 3157 Christo
588 3099 699 3174 legitur,
711 3096 791 3174 quod
806 3104 884 3156 ‘non
899 3094 1092 3168 contendet¹¹,
1107 3115 1164 3157 nec
1175 3099 1283 3158 clama·

205 3180 208 3219 ¹
226 3195 294 3253 bit¹²
309 3214 404 3271 neque
420 3196 521 3270 aliquis
536 3197 659 3254 audiet¹³
673 3197 702 3253 in
717 3197 821 3272 plateis
835 3213 938 3254 vocem
953 3193 1033 3271 ejus,'
1047 3194 1105 3254 hoc
1120 3208 1163 3256 est
1177 3215 1281 3257 vocem

205 3232 208 3393 ἔ
225 3294 398 3364 iracundiae,
414 3313 481 3353 cum
496 3294 590 3370 legem
606 3294 726 3352 Domini
741 3294 856 3370 saepius
870 3293 1064 3369 praedicabat.
1107 3292 1173 3353 Nec
1184 3295 1280 3366 didici,

205 3402 207 3441 t
224 3393 273 3450 ubi
288 3393 318 3449 in
337 3392 487 3468 evangelio
507 3393 568 3451 sit¹⁴
584 3392 732 3451 contentio
751 3401 783 3450 ut
797 3391 831 3450 iis
846 3391 917 3466 legis
931 3390 1076 3449 humanae
1092 3395 1276 3463 auctorisata,

205 3458 208 3591 ι
224 3490 278 3548 nisi
293 3500 324 3547 ut
338 3490 439 3566 loquar
451 3491 567 3559 ironice,
579 3489 659 3566 quod
671 3489 812 3558 Christus,
824 3489 873 3565 qui
888 3488 967 3548 dedit
981 3489 1131 3565 exemplar
1145 3493 1278 3550 omnium

205 3586 400 3656 riaetibilium,
417 3607 477 3646 non
497 3588 656 3646 contendit.
700 3587 808 3645 Docuit
827 3588 905 3644 enim
925 3598 984 3646 tam
1004 3597 1190 3648 constantem
1205 3591 1279 3650 miti·

257 3801 264 3829 ¹
282 3799 328 3863 sic]
342 3800 380 3853 sit.
392 3799 430 3848 ed.
443 3816 480 3864 pr.
655 3800 664 3827 ²
679 3801 823 3865 impeditur]
836 3801 957 3865 impediri,
969 3802 1018 3856 Aa
1037 3802 1177 3866 impeditus,
1189 3804 1228 3853 ed.
1240 3820 1276 3869 pr.

204 3878 207 3931 q
223 3865 231 3890 ³
243 3865 342 3929 parum]
355 3881 404 3914 om.
416 3866 454 3914 ed.
467 3881 503 3930 pr.
570 3866 577 3894 ⁴
594 3866 713 3930 namque]
725 3866 830 3930 quidem,
842 3867 880 3915 cd.
893 3882 930 3930 pr.
995 3867 1004 3895 ⁵
1020 3867 1145 3932 ridentur]
1158 3869 1279 3924 dicuntur,

204 3938 207 3995 i
223 3930 284 3979 Ant.
295 3931 415 3980 secundae
428 3946 520 3985 munus,
534 3931 563 3979 C.
685 3932 695 3959 ⁶
712 3932 779 3996 irati]
792 3932 872 3988 irasci,
885 3931 978 3981 A.B.C.
1110 3933 1120 3962 ¹
1137 3933 1176 3998 in]
1188 3950 1238 3984 om.
1252 3934 1279 3982 B.

204 3998 209 4063 Ῐ
222 3996 260 4044 ed.
273 4013 309 4060 pr.
408 3996 417 4023 ⁸
433 3995 502 4058 ideo]
514 4005 538 4044 ct
551 3996 614 4053 ideo,
627 3997 720 4046 A.B.C.
819 3998 829 4026 ⁹
846 3996 925 4061 quod]
935 3998 1002 4060 quin,
1012 3998 1041 4047 C.
1051 3999 1173 4049 secundae
1184 4016 1280 4053 manus.

205 4066 207 4095 ¹
222 4061 260 4109 ed.
271 4078 308 4125 pr.
441 4063 459 4090 ¹⁰
476 4061 599 4125 videntur]
612 4062 747 4117 videantur,
760 4062 822 4110 nit.
951 4064 966 4093 '¹
984 4064 1130 4129 contendet]
1142 4065 1280 4119 contendit.

205 4098 316 4189 ΕΔΜ.
417 4126 823 4191 ¹²ctama1›n]cumavit,n.13.0.
929 4128 947 4158 ¹³
964 4128 1059 4194 audiet]
1071 4130 1173 4187 audini,
1185 4130 1279 4180 nnc.

205 4212 208 4253 Ι
224 4190 240 4219 “
258 4191 302 4254 sit]
315 4191 368 4248 suit,
381 4191 418 4240 erl.
432 4207 468 4255 pr.
