2864 4836
138 463 233 509 cm
510 442 850 505 TRIALOGUS.

141 603 228 669 illius
241 605 449 683 propositionis
463 606 704 678 sacramentalis,
720 606 794 667 ‘hoc
805 617 850 667 est
864 626 972 684 corpus
986 608 1103 679 menm,'
1118 607 1204 668 relin-

143 703 271 780 quendo
285 704 455 780 opinionem
466 704 544 764 illam
558 715 589 763 ut
603 723 718 764 summe
731 704 916 776 haereticam,
928 706 1008 784 quod
1019 706 1204 784 evangelium

146 810 179 861 et
194 801 356 879 specialiter
369 804 490 862 verbum
504 802 612 863 Christi
626 805 663 862 sit
682 804 792 864 dictum
811 804 991 880 impossibile
1008 815 1037 863 et
1051 805 1203 863 incultum.

146 898 230 960 Cum
250 910 347 959 autem
368 919 458 960 omne
480 901 589 961 dictum
611 899 717 962 Christi
738 903 775 962 sit
795 921 895 961 verum
916 913 946 960 et
966 920 1080 962 summe
1101 902 1204 961 catho-

147 997 248 1069 tcum,
263 997 395 1058 Christus
417 1010 515 1059 autem
535 1001 616 1072 dixit,
637 1001 717 1079 quod
739 1002 793 1059 iste
815 1002 900 1077 panis
921 1002 958 1060 sit
979 1018 1087 1076 corpus
1108 1019 1203 1069 suum,

146 1095 305 1155 manifeste
326 1099 454 1173 sequitur
474 1099 555 1175 quod
576 1100 633 1159 hoc
658 1101 695 1159 sit
715 1118 824 1159 verum.
870 1100 930 1158 Sed
954 1088 1001 1158 hic
1025 1098 1199 1174 circumpal·

146 1196 244 1272 pisant
258 1193 400 1266 haeretici,
411 1205 441 1254 et
454 1215 522 1255 cum
541 1215 603 1256 non
622 1209 746 1275 possunt
764 1216 872 1274 negare
893 1198 964 1274 quin
977 1199 1065 1272 panis
1080 1196 1204 1255 demon·
1237 1247 1250 1271 ,

147 1291 270 1352 stretur¹
288 1295 472 1369 pronomine,
488 1295 601 1372 fingunt
620 1314 740 1354 sensum
759 1296 948 1372 complexum
962 1295 1103 1371 triplicem
1117 1294 1204 1354 nimis

145 1388 336 1450 haereticum.
378 1390 488 1451 Dicunt
511 1394 591 1452 enim
610 1395 712 1468 preirro,
737 1394 820 1471 quod
846 1412 908 1453 non
933 1393 1000 1463 hoc,
1025 1393 1135 1453 scilicet
1157 1392 1203 1450 ille

145 1489 243 1566 panis,
263 1496 305 1547 es!
322 1507 429 1566 corpus
444 1490 560 1562 Christi,
582 1491 634 1551 sed
655 1491 736 1568 quod
756 1492 802 1551 ifle
823 1493 907 1568 panis
928 1492 1029 1550 virtute
1049 1491 1204 1548 verborum

142 1585 267 1646 iilomm
281 1588 551 1647 sacramentalium⁸
563 1591 620 1647 eri!
632 1589 854 1666 quodammodo
873 1606 981 1664 corpus
996 1586 1111 1647 Christi.
1154 1585 1203 1645 Se·

143 1685 240 1744 cunda
253 1695 351 1743 autem
364 1687 409 1744 via
424 1688 519 1763 magis
533 1687 678 1746 haeretica
688 1686 774 1756 videt,
788 1684 869 1763 quod
881 1687 963 1762 juxta
978 1702 1106 1743 errorem
1117 1702 1203 1744 suum

145 1799 243 1859 seque
262 1783 397 1859 neganda
417 1793 461 1843 est
475 1785 531 1843 ista
548 1785 699 1855 sententia,
720 1785 791 1843 ‘iste
809 1785 894 1859 panis
914 1784 967 1842 erit
980 1783 1126 1859 posterius
1139 1801 1204 1842 cor·

146 1898 206 1959 pus
223 1878 348 1951 christi:
362 1882 439 1957 quia,
458 1892 489 1940 ut
511 1883 612 1958 arguit,
626 1882 673 1941 ille
695 1883 779 1957 panis
801 1879 875 1940 soret
896 1890 966 1939 tunc
986 1898 1144 1939 conversus
1159 1880 1203 1938 vel

144 1979 351 2039 idemtificatus
370 1981 485 2056 corpori
501 1978 616 2050 Christi,
631 1989 660 2038 et
678 1999 730 2057 per
745 1996 931 2055 consequens
950 1979 981 2036 in
1001 1979 1203 2037 transubstan-

144 2077 267 2136 tiatione
282 2077 434 2148 desineret,
448 2089 478 2136 et
498 2079 540 2138 sic
562 2096 712 2155 nunquam
731 2077 869 2136 veraciter
890 2077 943 2134 erit
963 2094 1071 2151 corpus
1086 2075 1202 2135 Christi.

145 2173 223 2234 Ideo
246 2175 377 2234 secundo
402 2176 526 2252 corrigit,
548 2175 630 2252 quod
655 2177 691 2234 de
716 2176 773 2233 isto
798 2192 875 2251 pane
900 2173 950 2232 fiet
978 2173 1202 2249 quodammodo

145 2289 256 2350 corpus
270 2271 386 2332 Christi.
425 2273 522 2332 Tertia
536 2284 634 2333 autem
648 2276 697 2332 υία
708 2272 818 2344 videns,
833 2273 914 2349 quod
929 2271 998 2331 nihil
1012 2272 1087 2330 illius
1115 2272 1203 2349 panis

145 2372 179 2430 in
193 2370 300 2430 Christi
319 2389 441 2448 corpore
456 2373 625 2443 remanebit,
641 2383 729 2448 negat
748 2371 907 2449 quemlibet
927 2388 1045 2430 sensum
1065 2371 1202 2447 priorem,

145 2469 202 2530 sed
222 2469 300 2539 dicit,
321 2469 402 2546 quod
422 2481 525 2529 auctor
545 2471 701 2546 scripturae
723 2468 862 2544 intelligit,
883 2467 964 2545 quod
985 2467 1042 2526 hoc
1063 2468 1200 2527 accidens

144 2584 202 2645 per
221 2585 253 2626 se
268 2569 330 2626 sine
351 2568 483 2644 subjecto
503 2569 599 2643 signat
618 2567 861 2627 sacramentaliter
880 2583 987 2641 corpus
1007 2563 1122 2624 Christi.
1164 2565 1202 2624 Et

145 2665 203 2724 iste
217 2675 261 2724 est
276 2683 379 2724 sensus
394 2665 479 2742 hujus
493 2667 703 2743 propositionis
718 2664 934 2724 sacramentalis
948 2673 977 2722 et
992 2663 1176 2740 evangelicae
1182 2664 1202 2735 ⁴,

146 2761 224 2822 ‘hoc
243 2773 287 2822 est
302 2781 410 2840 corpus
430 2765 548 2823 meum!
590 2765 678 2824 Videt
699 2765 787 2834 enim,
807 2763 888 2839 quod
907 2781 962 2822 nec
982 2763 1101 2822 materia
1117 2763 1203 2840 panis

146 2877 204 2918 nec
232 2859 327 2920 l'orma
355 2864 457 2921 transit
480 2864 511 2921 in
536 2859 643 2939 cdrpus
668 2861 783 2932 Christi,
810 2881 866 2920 nec
890 2862 954 2938 ipsa
973 2862 1152 2921 conveniunt
1173 2862 1202 2919 in

145 2956 297 3033 subjecto;
327 2958 393 3018 ideo
412 2970 533 3036 apparet
552 2961 615 3030 sibi,
630 2960 711 3036 quod
731 2976 792 3017 non
810 2959 897 3017 debet
911 2959 1035 3017 concedi
1049 2959 1201 3029 catholice,

145 3055 230 3133 quod
250 3074 287 3114 ex
312 3057 370 3116 hoc
392 3076 468 3133 pane
491 3058 539 3116 fiet
560 3076 667 3134 corpus
681 3055 786 3115 Christi
808 3057 881 3114 sicut
903 3075 939 3114 ex
960 3074 1026 3114 aere
1048 3056 1079 3114 fit
1100 3067 1201 3126 statua,

145 3171 203 3212 nec
224 3154 298 3213 sicut
318 3173 355 3213 ex
377 3166 464 3214 nocte
486 3155 517 3214 fit
539 3155 609 3225 dies,
625 3172 685 3212 non
706 3155 785 3213 enim
806 3155 983 3212 conveniunt
1001 3154 1031 3210 in
1052 3154 1200 3229 subjecto;

144 3250 201 3310 sed
214 3251 296 3327 quod
309 3251 357 3310 illa
370 3252 531 3311 accidentia
544 3270 596 3328 per
610 3270 642 3310 se
656 3253 719 3310 sine
737 3251 869 3328 subjecto
888 3250 1015 3325 figurant
1035 3267 1201 3308 sacramen-

144 3349 240 3407 taliter
261 3366 367 3425 corpus
388 3348 502 3409 Christi.
544 3348 575 3411 Ο
595 3367 682 3426 quam
708 3347 878 3407 detestanda
900 3359 944 3406 est
969 3348 1022 3406 ista
1043 3347 1122 3406 fictio
1143 3366 1201 3424 qua

144 3446 273 3523 fingitur,
300 3450 382 3524 quod
410 3467 471 3507 non
499 3449 556 3506 isto
584 3447 759 3523 pronomine
794 3445 1022 3504 demonstretur⁸
1048 3446 1141 3521 panis,
1169 3456 1201 3504 ut

145 3555 299 3604 ostensum
313 3555 356 3604 est
371 3548 519 3622 superius;
546 3544 598 3604 sed
612 3562 704 3602 unum
724 3542 912 3619 impossibile,
927 3539 1025 3617 quod⁰
1038 3544 1200 3602 secundum

146 3643 284 3703 doctores
299 3644 457 3704 modernos
469 3662 530 3702 non
541 3653 638 3719 potest
649 3641 778 3717 intelligi,
789 3651 818 3699 et
829 3641 991 3699 secundum
1002 3641 1200 3717 Augustinum

145 3751 177 3800 et
197 3752 316 3801 sanctos
337 3752 450 3801 ceteros
472 3760 533 3801 non
555 3742 591 3800 de
612 3740 669 3799 Dei
692 3739 904 3816 omnipotentia
926 3749 1024 3816 potest
1046 3757 1120 3798 esse.
1162 3739 1200 3798 Et

144 3852 209 3902 toto
234 3841 312 3901 iacto
336 3843 467 3902 nesciunt
492 3842 662 3918 exprimere,
684 3840 765 3917 quod
786 3856 881 3915 genus
904 3839 1062 3898 accidentis
1083 3840 1120 3898 sit
1142 3838 1199 3898 hoc

179 4027 189 4058 ¹
206 4026 272 4076 illius
288 4027 465 4092 propositionis
482 4027 676 4091 sacramentalis]
693 4027 724 4076 de
742 4026 910 4091 propositione
921 4025 964 4074 illa
975 4024 1153 4079 sacramentali,
1165 4024 1199 4074 D

146 4091 367 4156 'demonstretud
379 4093 568 4148 demonstratur,
580 4092 672 4142 ΑΒΗΕ
684 4092 723 4142 ed.
734 4108 771 4157 pr.
947 4091 956 4119 ⁸
973 4089 1198 4154 sacramentalium]

137 4157 364 4208 sccumentaliter.
377 4158 441 4208 ΑΗΕ
523 4157 532 4187 ⁴
548 4156 808 4222 evangelroae]e
808 4156 901 4210 elistce,
912 4155 993 4206 «ιτ
1072 4154 1082 4184 ⁵
1097 4155 1198 4206 demon

146 4221 249 4287 stretur]
261 4222 452 4279 demonstratur,
464 4223 558 4274 ΑΒΗΕ
570 4223 608 4273 ed.
621 4239 658 4288 pr.
756 4223 768 4252 ⁰
784 4221 917 4287 quod]
874 4171 1000 4271 ometl.)
987 4236 1026 4287 pr.

1284 457 1347 526 253
