2864 4836
42 647 72 682 tlt.

93 425 153 493 162

491 427 748 506 Jonnurs
788 427 1001 489 chrrr’
1190 456 1276 495 nim.

44 604 184 649 secturus
230 589 302 649 dunt
330 599 411 649 actus
437 587 588 648 hominem
616 591 832 649 conturbantes.
880 589 995 650 Dicitur
1023 603 1129 654 autem
1154 593 1277 673 superbit

230 688 410 747 inordinatus
429 706 513 747 amor
530 689 664 765 propriae
684 688 877 748 excellentiae.
919 688 1001 748 Deus
1021 692 1106 750 enim
1128 707 1209 754 amat
1221 709 1277 771 pro-

230 786 322 861 priam
337 785 546 857 excellentiam,
561 787 635 845 sicut
654 798 682 845 et
701 786 796 862 angeli
815 804 914 857 suam;
943 787 1085 847 homines
1104 792 1206 862 etiam,
1219 807 1277 850 cum

228 885 334 960 quibus
357 893 401 942 est
425 886 525 959 gratia,
551 895 650 943 amant
673 886 783 944 virtutis
806 884 1014 956 excellentiam,
1039 897 1074 944 ut
1095 888 1279 964 posmodum

231 980 301 1039 sint¹
321 982 405 1040 beati.
448 981 522 1041 Ideo
541 982 680 1042 subdolus
694 985 812 1058 pseusti
831 984 927 1041 statim
947 983 1091 1058 objiceret
1110 996 1218 1046 contra
1234 986 1280 1045 ho

229 1079 338 1136 minem
358 1080 524 1155 superbiam
539 1081 630 1139 taliter
645 1081 865 1150 describentem,
881 1079 960 1157 quod
977 1092 1023 1139 est
1042 1099 1132 1141 amor
1151 1085 1280 1160 propriae

228 1177 423 1249 excellentiae,
448 1197 516 1237 cum
540 1178 622 1238 Deus
646 1179 720 1238 soret
743 1180 785 1239 sic
810 1197 923 1237 summe
948 1180 1103 1255 superbus.
1147 1182 1279 1259 Intelligo

228 1286 325 1333 autem
339 1294 391 1352 pcr
406 1294 535 1334 amorem
551 1295 612 1336 non
627 1278 721 1336 solum
735 1288 832 1335 actum
850 1276 976 1347 amandi,
991 1276 1042 1336 sed
1064 1277 1212 1351 habitum,
1225 1295 1280 1357 quo

228 1374 369 1448 superbus
383 1374 533 1433 inclinatur
544 1375 581 1433 ad
593 1376 747 1434 zelandum
761 1393 816 1451 pro
830 1392 884 1434 suo
899 1383 974 1433 statu
987 1374 1147 1435 indebant
1192 1377 1231 1436 Et
1242 1378 1280 1436 sic

227 1481 342 1546 oportet
362 1489 535 1548 supponere,
555 1474 636 1548 quod
649 1473 731 1533 Deus
750 1472 879 1531 ordinat⁸
892 1472 992 1532 omnia
1010 1484 1111 1532 creata
1128 1475 1163 1532 in
1183 1475 1280 1534 ordine

228 1568 351 1644 pulchro
370 1573 535 1629 consistere.
582 1569 721 1630 Creatura
737 1582 834 1629 autem
851 1570 1008 1641 rationalia,
1023 1579 1055 1628 ut
1074 1569 1170 1630 homo
1187 1583 1219 1632 et
1230 1589 1280 1630 au·

226 1665 317 1741 gelus,
332 1666 461 1743 infringit
482 1667 560 1726 hunc
581 1668 714 1727 ordinem
735 1671 765 1727 in
787 1686 818 1728 se
840 1669 918 1743 ipsa⁴
939 1677 969 1727 et
989 1667 1060 1738 aliis,
1076 1686 1148 1727 cum
1169 1671 1279 1729 ratione

226 1781 295 1822 suae
311 1765 496 1823 excellentiae
511 1766 619 1841 appetit
634 1766 804 1836 inordinate,
818 1776 879 1823 tam
899 1764 1059 1825 secundum
1075 1765 1278 1826 intellectivam

226 1865 387 1939 potentiam
409 1882 497 1940 quam
518 1864 673 1932 volitivam,
695 1866 725 1922 in
746 1864 839 1939 gradu
860 1862 1088 1940 incompetenti⁶
1110 1867 1278 1924 consistere.

69 1977 124 2045 ‘gg
157 1986 163 2046 ζ
225 1961 262 2018 Et
287 1962 499 2037 distinguuntur
518 1964 615 2035 rpecr'es
636 1961 786 2036 ruperbr'ae,
808 1961 970 2020 secundum
991 1961 1073 2037 quod
1094 1961 1278 2021 inordinatae

226 2060 374 2133 potentiae
390 2068 530 2134 appetunt
544 2059 637 2117 malos
653 2059 725 2117 lines
734 2078 741 2130 ;
763 2068 795 2117 ut
813 2058 984 2117 intellectiva
1001 2060 1144 2134 potentia,
1159 2059 1277 2135 quando

226 2157 335 2230 appetit
349 2157 498 2214 scientiam
510 2156 554 2214 vel
568 2157 657 2214 finem
668 2156 755 2213 alium
769 2155 941 2225 inordinate,
953 2164 1021 2213 tunc
1032 2154 1137 2213 dicitur
1150 2157 1277 2231 superbiit

226 2255 350 2317 raterr‘or.
393 2252 480 2311 Unde
501 2254 634 2313 diabolus
656 2254 750 2329 primo
771 2253 940 2311 mentiendo
965 2253 1111 2327 suggessit
1133 2253 1275 2312 feminae:

226 2356 428 2427 ‘nequaquam
448 2348 564 2428 (inquit)
585 2348 756 2420 moriemini,
778 2350 831 2409 scit
849 2350 929 2407 enim
942 2348 1031 2418 Deus,
1046 2349 1130 2424 quod
1145 2368 1276 2426 quocun·

224 2468 281 2526 que
304 2450 350 2508 die
365 2448 548 2508 comederitis
563 2468 599 2507 ex
619 2465 664 2519 eo,
680 2447 844 2522 aperientur
863 2447 1047 2517 oculivestri,
1062 2447 1187 2507 eteritis
1205 2450 1276 2507 sicut

224 2547 280 2618 Dii,
296 2549 420 2606 scientes
434 2548 546 2605 bonum
561 2556 590 2604 et
604 2545 747 2605 malum⁶.'
789 2544 868 2603 Ecce
883 2544 962 2621 quod
977 2543 1058 2602 Deus
1073 2544 1153 2615 dicit,
1166 2551 1275 2605 ‘morte

223 2646 405 2714 moriemini‚'
420 2645 521 2703 mulier
541 2644 652 2702 dubitat
671 2662 709 2702 ne
730 2644 802 2702 forte
821 2642 982 2712 moriaturl,
997 2651 1026 2700 et
1044 2641 1180 2703 diabolus
1194 2663 1274 2703 men·

224 2744 331 2801 daciter
346 2743 524 2811 contradicit,
536 2747 738 2818 ‘nequaquam
753 2738 869 2820 (inquit)
881 2740 1061 2810 moriemini,'
1073 2751 1102 2799 et
1117 2759 1206 2818 super
1219 2742 1274 2800 hoc

224 2840 326 2898 fundat
350 2841 493 2917 originem
519 2841 562 2898 sui
587 2839 730 2898 mendacii
755 2857 773 2897 a
798 2837 864 2897 Deo
888 2837 1056 2915 procedere.
1099 2839 1139 2897 Et
1164 2841 1194 2898 in
1223 2842 1273 2898 ista

222 2938 356 3013 superbia
371 2937 542 2996 scholastica
556 2947 623 2995 sunt
637 2938 719 2995 multi
733 2936 828 2995 clerici
843 2937 986 3011 occupati,
999 2953 1067 2994 cum
1081 2935 1151 2995 iacit
1165 2938 1272 2996 multos

221 3037 357 3111 languere
372 3037 448 3094 cirea
462 3036 575 3094 inutiles
589 3036 774 3110 quaestiones
794 3044 822 3092 et
841 3034 871 3092 in
891 3051 1003 3092 errores
1023 3034 1190 3094 intellectus
1204 3036 1273 3094 inci·

221 3135 297 3202 dere,
314 3154 349 3192 ex
364 3136 468 3210 quibus
483 3145 616 3192 causatur
630 3151 709 3191 error
728 3132 849 3190 aflectus
863 3140 892 3189 et
907 3130 1136 3190 extrinsecorum
1151 3151 1273 3209 operum

221 3234 289 3291 satis
304 3232 367 3290 late.
410 3231 447 3290 Et
468 3242 499 3289 ut
520 3230 589 3288 (licit
610 3229 757 3301 Metricus,
772 3230 898 3304 superbia
919 3230 1068 3287 tirtelleclus
1082 3231 1113 3288 in
1135 3243 1272 3308 quattuor

220 3331 364 3389 enoribus
378 3340 423 3388 est
436 3327 587 3387 fundarat:

472 3474 524 3522 ‘Ex
536 3489 561 3522 se
573 3489 618 3539 pro
630 3473 723 3522 meritis
735 3473 796 3523 salse
807 3473 862 3538 plus
874 3473 989 3523 omnibus
1000 3472 1086 3524 inflat?

262 3623 391 3695 Quidam
419 3626 496 3683 enim
528 3637 630 3701 putant
655 3643 685 3684 se
710 3625 818 3684 habere
843 3625 1045 3684 excellentiam
1073 3645 1110 3685 ex
1136 3646 1168 3687 se
1193 3629 1272 3706 ipsis,

220 3721 338 3797 quidam
358 3723 488 3781 secundo
507 3733 609 3798 putant
629 3742 659 3781 se
679 3723 787 3781 habere
807 3725 887 3782 bona
906 3725 1046 3782 naturalia
1060 3725 1097 3783 de
1112 3726 1274 3804 condigno,

220 3820 339 3896 quidam
364 3831 466 3896 putant
491 3839 521 3879 sc
546 3822 653 3879 habere
678 3823 758 3879 bona
782 3821 877 3898 aliqua
905 3839 980 3898 quae
1009 3840 1071 3880 non
1100 3822 1219 3896 habent,
1245 3837 1274 3884 et

252 4001 260 4030 ¹
278 4001 339 4076 sint]
352 4009 418 4076 sunt,
429 4002 466 4050 ed.
479 4017 516 4066 pr.
690 4001 701 4031 ³
717 4001 840 4065 indebito]
852 4001 963 4059 indubio,
975 4001 1012 4059 B,
1025 4003 1057 4050 Α.
1069 4001 1165 4065 primae
1176 4019 1272 4054 manus

218 4065 227 4093 ³
244 4067 354 4131 ordinat]
362 4068 470 4142 'orthneb
482 4068 521 4116 ed.
533 4083 569 4131 pr.
604 4132 614 4161 ο
631 4066 782 4181 Οεῃίηὶιρςα]
794 4067 857 4132 ipso,
870 4067 931 4160 Aa}
995 4132 1001 4143 ·
1019 4068 1070 4197 Μ’]
1080 4068 1272 4183 iffiffitrenss]

219 4133 480 4259 qosrnupggqppiulgm
515 4199 622 4256 Versus..
634 4197 672 4246 ed.
685 4149 737 4263 ἕξις
755 4205 816 4247 nota
828 4148 1060 4261 mammasti
1072 4198 1102 4248 C.
1114 4171 1231 4265 ascripta
1266 4171 1272 4183 ⁹
