2864 4836
501 430 757 512 Joannrs
797 430 1028 496 ntem
1207 457 1283 495 mu.
1323 428 1325 511 ξ

227 594 367 671 possidet,
382 610 443 653 non
461 603 558 671 potest
574 610 641 655 esse
660 610 745 654 meus
764 592 958 671 discipulus¹.’
1006 594 1185 669 Quomodo
1202 604 1281 655 ssu
1323 612 1325 653 ε

227 692 359 752 Christus
378 692 510 768 intelligit
528 692 779 752 renunciationem
798 693 828 751 iu
841 691 900 751 hoc
913 694 1013 753 verbo
1032 694 1281 773 melimine
1323 722 1325 741 =

225 799 255 849 et
279 792 343 867 ejus
367 791 491 867 apostoli
516 808 570 867 per
595 790 848 850 conversationem
872 807 1043 867 pauperem
1069 795 1150 853 satis
1173 793 1280 861 domm

225 905 295 946 nam
309 904 400 964 opera
417 886 525 948 Christi
538 896 568 946 et
584 905 705 948 suorum
725 887 935 965 discipulorum
956 900 1032 949 sunt
1051 889 1205 968 interpres
1220 888 1281 965 opi·

225 1003 292 1044 mus
312 983 386 1062 legis
407 1003 486 1045 suae.
528 984 664 1045 Similiter
678 990 758 1045 ‘non
778 993 822 1044 est
843 1002 943 1044 servus
960 987 1065 1064 major
1080 984 1280 1048 Dominosml

224 1100 280 1142 nec
301 1083 460 1159 discipulus
480 1100 568 1161 super
590 1081 792 1160 magistrum¹2
823 1082 877 1142 sed
901 1082 1011 1145 sufficit
1032 1083 1190 1164 discipulo
1208 1082 1279 1145 ui

224 1181 298 1240 sicut
321 1181 460 1257 magister
487 1180 582 1252 suus⁸,
609 1190 641 1241 ut
669 1181 740 1241 dicit
764 1178 897 1241 Christus
921 1180 1032 1240 Matth.
1060 1200 1092 1242 x.
1149 1183 1190 1243 Et
1211 1182 1279 1243 cun*

224 1276 357 1338 Christus
370 1280 408 1337 sit
420 1279 559 1356 magister
571 1279 701 1356 optimus
713 1289 744 1339 et
756 1277 904 1338 Dominus
916 1277 1129 1353 dominorum,
1143 1291 1176 1342 et
1189 1295 1280 1341 omn

224 1376 343 1450 praelati
364 1376 473 1435 debent
492 1395 556 1437 esse
577 1378 652 1436 servi
671 1375 758 1454 liujus
776 1375 898 1435 Domini
922 1384 1014 1453 atque
1039 1378 1193 1456 discipuli,
1212 1386 1280 1456 petet

224 1474 306 1548 quod
326 1492 387 1532 non
408 1473 516 1534 debent
537 1491 626 1551 supra
645 1472 795 1534 Christum
815 1472 915 1533 extolli
934 1474 966 1532 in
984 1473 1130 1537 dominio
1152 1476 1278 1547 mmm

225 1570 277 1629 sed
292 1570 424 1632 Christus
445 1572 513 1632 dicit
534 1571 638 1632 Matth.
657 1573 714 1632 viii.
735 1571 816 1650 quod
837 1570 927 1630 Filius
951 1570 1087 1633 hominis
1112 1592 1181 1634 nou
1204 1574 1280 1634 ists

224 1669 274 1726 ubi
299 1679 386 1746 caput
410 1688 496 1728 suum
519 1669 662 1742 reclinett,
683 1681 748 1742 etc,
769 1669 827 1729 hoc
851 1679 896 1729 est
919 1685 982 1728 non
1004 1668 1098 1736 habet
1120 1671 1280 1733 humanitus

225 1766 392 1826 seculariter
411 1779 440 1827 et
460 1769 650 1845 proprietarie
670 1766 861 1829 dominando.
902 1765 971 1839 Qua
992 1784 1069 1844 ergo
1091 1768 1194 1830 fronte
1214 1771 1280 1847 epis·

225 1864 292 1939 copi
313 1865 404 1923 nostri
427 1862 556 1924 Caesarii
579 1865 687 1924 audent
711 1866 741 1923 in
767 1864 899 1924 dominio
924 1864 999 1923 civili
1020 1881 1057 1923 se
1079 1867 1124 1926 sic
1150 1866 1280 1926 extol&

225 1980 313 2038 supra
327 1961 495 2023 Christum?
525 1965 598 2024 sicut
612 1963 712 2024 Lucae
726 1963 793 2023 xxii
808 1964 946 2040 magister
959 1962 1095 2040 optimus
1113 1965 1205 2025 istam
1222 1982 1280 2025 seu

224 2061 346 2119 tentiam
367 2062 409 2120 sic
431 2061 546 2133 decidit,
560 2061 681 2139 quando
696 2061 790 2121 ‘iacta
803 2069 847 2120 est
868 2059 1012 2120 dissensio
1033 2061 1113 2122 inter
1127 2062 1281 2141 discipulos

225 2156 303 2234 Jesu,
319 2159 384 2233 quis
399 2176 501 2217 eorum
515 2159 658 2218 videretur
672 2177 736 2219 esse
751 2157 864 2236 major,'
878 2167 908 2217 et
924 2168 957 2217 ut
975 2169 1111 2234 apparet,
1126 2159 1201 2219 dicit
1214 2160 1281 2221 fides

225 2255 366 2332 evangelii
386 2254 553 2315 ‘videretur'
573 2255 611 2317 ad
631 2255 841 2327 denotandum,
857 2255 940 2332 qnod
958 2254 1089 2332 loquitur
1108 2256 1148 2318 de
1166 2257 1280 2335 majori·

225 2362 283 2412 tate
307 2353 433 2411 sensibili
457 2372 517 2431 quo
541 2352 754 2414 admondum.
796 2352 914 2431 ‘Reges
935 2353 1068 2430 gentium
1093 2353 1281 2415 dominantur

225 2467 337 2521 eorum,
356 2461 385 2509 et
406 2451 456 2527 qui
477 2460 652 2528 potestatem
673 2450 782 2511 habent
802 2468 890 2528 super
910 2468 971 2522 eos,
985 2451 1115 2511 benefici
1132 2464 1280 2521 vocnntm

226 2566 279 2607 vos
300 2559 398 2607 autem
420 2566 482 2606 non
496 2550 554 2608 sici
584 2549 635 2607 sed
656 2551 706 2626 qui
726 2549 822 2625 major
843 2559 887 2609 est
906 2550 937 2607 in
951 2549 1044 2618 vobis,
1058 2547 1112 2608 fiat
1134 2552 1242 2621 minor,
1253 2562 1280 2609 et

224 2648 274 2722 qui
299 2664 469 2722 praecessor
493 2657 545 2718 est,
567 2647 618 2706 liat
639 2647 715 2706 sicut
735 2642 946 2705 ministrator⁶.'
987 2644 1033 2704 Ex
1057 2648 1170 2723 quibus
1190 2649 1280 2708 verbis

224 2745 414 2820 evangelicis⁷
425 2755 503 2820 patet
517 2745 582 2803 luce
594 2744 706 2816 clarius,
718 2745 798 2821 quod
810 2743 942 2804 Christus
953 2743 1103 2820 distinguit
1114 2746 1155 2805 de
1166 2747 1280 2825 majori·

224 2852 282 2900 tate
310 2842 461 2901 mundana
487 2853 516 2902 et
544 2844 706 2920 majoritate
735 2843 902 2919 simpliciter
926 2859 987 2919 quo
1014 2842 1053 2901 ad
1079 2841 1192 2917 Deum,
1217 2862 1280 2904 cum

223 2940 348 3014 primam
363 2940 555 3016 majoritatem
571 2951 653 2999 notat
668 2960 721 3017 per
735 2938 983 3000 dominationem⁸
997 2958 1100 3016 regum
1111 2943 1280 3017 gentilium:

223 3048 251 3094 et
276 3054 344 3094 cum
369 3049 487 3114 propter
512 3040 662 3115 antiquam
685 3037 927 3097 consuetudinem
951 3046 980 3096 et
1004 3037 1149 3098 bonade
1175 3056 1279 3117 geum

223 3134 267 3192 vel
281 3135 402 3194 moralia
420 3154 494 3213 quae
509 3138 682 3206 immiscent
697 3147 837 3196 vocantur
854 3131 1002 3206 benefici⁹,
1018 3145 1047 3194 et
1061 3137 1231 3212 specialiter
1245 3154 1279 3194 ex

222 3230 280 3290 hoc
295 3233 377 3308 quod
391 3235 472 3293 bona
486 3234 657 3311 temporalia
671 3233 742 3293 dant
755 3234 901 3312 subjectis,
911 3244 940 3291 et
954 3232 1126 3293 subtrahunt
1140 3234 1179 3294 de
1194 3236 1279 3294 male

223 3329 294 3389 liciis
309 3349 385 3407 quae
400 3350 536 3391 exercere
551 3333 685 3409 poterint,
700 3332 767 3390 licet
784 3333 901 3408 saepius
920 3331 977 3390 sint
991 3332 1113 3407 tyranni.
1159 3331 1220 3393 Sed
1238 3352 1280 3393 se·

223 3429 350 3487 cundam
370 3430 564 3506 majoritatem
577 3430 753 3506 apostotilam
768 3430 910 3506 exprimit,
925 3446 993 3488 cum
1007 3430 1180 3505 simpliciter
1194 3443 1277 3508 negat

222 3525 300 3583 illam
324 3528 391 3585 viris
415 3528 590 3604 evangelicis
614 3529 720 3587 debere
741 3538 917 3603 competere,
937 3544 1005 3586 cum
1024 3528 1187 3605 subjungit,
1209 3535 1277 3589 ‘vos

223 3634 320 3681 autem
330 3642 391 3682 non
403 3627 444 3684 sic
454 3626 474 3683 l'
503 3625 589 3685 Unde
600 3626 678 3685 illam
689 3626 853 3702 negativam
864 3636 945 3685 notat
955 3625 1146 3686 Bemdardus
1155 3629 1276 3687 multum

222 3720 261 3779 ad
275 3739 382 3797 papam
392 3721 561 3800 Eugemicm.
596 3722 654 3782 Sed
669 3734 883 3800 consequenter
896 3721 1029 3783 Christus
1040 3724 1176 3796 declarat,
1189 3743 1276 3803 penes

256 3883 265 3913 ¹
282 3899 332 3932 non
344 3885 701 3951 renunciaverit-discipulus]
714 3902 764 3935 om.
777 3887 808 3934 A.
820 3885 858 3934 ed.
871 3902 908 3950 pr.
1014 3884 1024 3914 ¹
1040 3886 1276 3952 uec-magistrum]

223 3963 273 3997 om.
286 3948 348 3998 Α.Β.
360 3950 399 3998 ed.
411 3965 448 4013 pr.
564 3952 652 4000 'sicut
664 3952 781 4028 magister
792 3967 850 4000 snus
875 3949 1051 4000 om.A.B.ed.
1064 3966 1102 4015 pr.
1221 3954 1230 3980 ¹

223 4013 292 4089 cum]
305 4030 369 4071 cum,
383 4014 490 4065 B.C.ed.
503 4032 540 4080 pr.
646 4015 849 4066 ⁰ubi-reclinet
874 4031 924 4065 om.
936 4016 968 4064 A.
979 4015 1019 4065 ed.
1049 4032 1068 4064 r.
1174 4017 1275 4081 ‘etqui

223 4079 419 4143 -mrnistrator]
432 4096 482 4129 om.
495 4081 555 4129 ΑΒ.
567 4081 606 4130 od.
618 4097 655 4145 pr.
737 4082 844 4145 ⁷evnng
868 4081 912 4130 icis
936 4095 986 4130 om.
999 4032 1093 4131 ARC.
1174 4082 1274 4132 'domi-

223 4143 360 4257 nationemj
373 4145 606 4203 denominationem,
617 4147 656 4196 ed.
669 4163 705 4211 pr.
827 4148 837 4175 ⁹
854 4145 969 4210 benefici]
981 4145 1128 4205 beneficiati,
1142 4148 1171 4197 B.
1183 4149 1274 4213 primae

223 4223 317 4259 manus,
362 4224 415 4274 .pr.
