2864 4836
675 1045 918 1130 LIBER
970 1051 1030 1135 ΙΙ.

746 1341 899 1404 CAPUT
921 1343 945 1403 1.

703 1514 749 1574 De
764 1518 868 1576 um'tale
881 1519 986 1578 mundi.

357 1675 478 1738 Alzlki'a.
520 1677 643 1739 Videtur
657 1690 725 1759 post
739 1681 817 1740 illam
835 1681 1004 1758 generalem
1019 1684 1193 1744 sententiam
1208 1685 1318 1746 dictam
1334 1686 1371 1747 de

316 1777 391 1848 Deo,
411 1777 593 1854 loquendum
612 1779 693 1838 esse¹
708 1780 739 1836 dc
758 1781 937 1839 universitate
957 1788 1060 1853 creata,
1075 1782 1273 1859 supponendo
1293 1785 1372 1844 illam

315 1877 538 1948 universitatem,
552 1875 701 1953 loquendo
715 1878 895 1954 generaliter,
909 1896 974 1938 esse
989 1879 1141 1952 mundum,
1154 1879 1222 1940 licet
1241 1881 1371 1941 mundus

315 1976 509 2034 communiter
522 1971 697 2052 accipiatur²
711 1994 765 2052 pro
779 1977 963 2036 universitate
977 1987 1090 2037 creatae
1102 1979 1289 2038 substantiae.
1331 1980 1369 2039 Et

307 2075 404 2148 prim
417 2072 536 2143 videtur,
551 2072 632 2149 quod
649 2074 794 2150 quaelibet
813 2092 881 2150 pars
900 2074 1002 2134 mundi
1021 2077 1173 2135 necessario
1185 2087 1230 2136 est
1244 2079 1367 2150 ereata⁸,

124 2196 273 2242 ormnem
314 2172 382 2247 quia
396 2171 540 2247 quaelibet
553 2188 620 2247 pars
633 2171 737 2231 mundi
750 2179 802 2244 est,
816 2181 846 2230 et
860 2174 884 2231 si
903 2182 956 2245 est,
970 2175 1136 2233 necessario
1154 2184 1199 2234 est
1207 2193 1216 2246 ;
1237 2186 1267 2234 et
1286 2176 1369 2257 quod

122 2237 268 2314 ffiww
313 2268 478 2327 necessario
494 2280 613 2339 creatur,
629 2288 665 2328 ex
680 2269 738 2328 hoc
752 2267 854 2340 evidet,
869 2269 950 2347 quod
964 2273 1129 2332 necessario
1143 2271 1315 2349 producitur
1329 2275 1367 2333 ab

121 2324 241 2357 mm
312 2384 377 2425 esse
401 2366 571 2444 intelligibili
598 2365 635 2426 ad
663 2368 848 2426 existentiam
872 2367 1033 2442 actualem
1066 2368 1133 2429 ideo
1161 2370 1225 2447 ejus
1253 2373 1365 2432 creatio

312 2474 430 2525 vocatur
444 2467 520 2525 actio
533 2464 590 2525 Dei
609 2464 647 2524 ad
665 2476 754 2526 extra.
797 2464 875 2524 Nam
895 2483 1070 2543 quacunque
1088 2475 1169 2543 parte
1189 2469 1292 2528 mundi
1306 2471 1366 2546 sig·

311 2575 387 2635 nata,
409 2565 464 2623 nisi
486 2581 572 2623 suum
592 2582 657 2623 esse
679 2563 856 2641 intelligibile
876 2573 906 2622 et
926 2582 1012 2623 suum
1032 2582 1098 2623 esse
1118 2565 1242 2624 existere
1263 2566 1366 2625 distin·

310 2675 443 2739 guantur,
466 2663 504 2722 ita
524 2663 656 2722 absolute
679 2663 844 2721 necessario
868 2671 913 2721 est
937 2672 1055 2721 aeterna
1079 2662 1152 2721 sicut
1175 2659 1284 2723 Deus‘.
1325 2664 1366 2725 Et

310 2771 398 2837 patet,
413 2761 494 2836 quod
508 2760 586 2820 aliud
599 2770 644 2819 est
657 2778 720 2819 rem
740 2778 855 2837 semper
874 2777 939 2819 esse
958 2770 987 2819 et
1001 2760 1079 2819 illam
1093 2760 1274 2821 aeternaliter
1288 2780 1363 2833 esse,

310 2876 378 2917 cum
392 2859 520 2918 mundus
539 2877 655 2935 semper
675 2868 727 2930 est,
741 2858 810 2935 qnia
828 2859 859 2915 in
879 2858 961 2916 omni
975 2868 1116 2934 tempore,
1132 2867 1162 2917 et
1179 2868 1281 2918 tamen
1300 2877 1363 2919 non

309 2956 497 3027 aeternaliter,
512 2966 544 3016 ut
563 2967 641 3033 patet
661 2975 698 3016 ex
717 2957 780 3033 ejus
799 2956 955 3026 creatione,
971 2954 1056 3014 nam⁵
1076 2956 1188 3016 instans
1207 2959 1363 3019 creationis

309 3064 425 3131 oportet
439 3055 566 3132 incipere
581 3055 656 3115 sicut
670 3054 823 3113 mundum.

349 3151 494 3212 Vocando
508 3164 606 3213 autem
619 3151 763 3211 mundum
777 3161 970 3228 aggregatum
990 3169 1026 3210 ex
1045 3151 1230 3211 universitate
1249 3163 1361 3213 creatu·

307 3268 404 3309 rarum
428 3260 489 3310 tam
513 3252 743 3311 substantialium
768 3267 857 3326 quam
885 3248 1116 3319 accidentalium,
1141 3247 1253 3308 videtur
1280 3251 1362 3328 quod

307 3350 438 3409 consistit
455 3350 485 3408 in
505 3348 633 3427 quadam
648 3349 841 3419 successione,
857 3357 886 3406 et
907 3346 1108 3424 componitur⁸
1126 3364 1164 3406 ex
1184 3364 1247 3406 non
1267 3368 1360 3426 quan-

306 3448 350 3507 tis.
394 3447 452 3507 Sed
466 3448 600 3508 vocando
614 3446 757 3507 mundum
772 3456 964 3522 aggregatum
978 3464 1015 3504 ex
1034 3445 1226 3522 perpetuitate
1245 3457 1361 3506 creatae

305 3547 481 3606 substantiae
502 3544 600 3622 quoad
621 3563 674 3606 sna
695 3544 867 3614 essentialia,
892 3542 1004 3602 videtur
1024 3542 1184 3602 mundum*
1204 3560 1271 3602 esse
1292 3562 1359 3621 per·

305 3652 433 3718 petnum,
456 3662 524 3702 cum
547 3644 702 3704 materialis
724 3643 858 3712 essentia,
882 3658 972 3718 qnam
1000 3640 1119 3718 quidam
1141 3650 1248 3700 vocant
1267 3653 1360 3702 mate-

305 3741 377 3800 riam
397 3742 530 3818 primam,
552 3743 589 3801 sit
609 3751 759 3819 perpetua,
780 3739 1013 3819 quantumlibet
1035 3739 1072 3798 sit
1092 3737 1200 3812 divisa,
1233 3749 1264 3797 et
1285 3741 1358 3800 aliae

304 3841 465 3899 abstractae
479 3840 664 3911 substantiae,
679 3857 752 3917 quas
766 3856 906 3899 vocamus
929 3836 1059 3913 angelos,
1070 3835 1217 3896 humanae
1231 3839 1359 3912 amma,

335 4004 344 4034 1
361 4020 414 4055 ὥς
438 4019 492 4055 esse
502 4003 610 4069 generali
621 4018 741 4058 sermone,
753 4002 787 4052 D.
942 3997 1100 4093 ’accipiturJ
1112 3998 1256 4064 accipiatur,
1268 4001 1308 4052 ed.
1319 4017 1358 4067 pr.

301 4068 312 4097 ⁸
327 4077 409 4119 creata
434 4076 552 4126 creature.
564 4070 603 4119 ed.
615 4085 661 4135 pr,
673 4070 701 4117 B.
731 4067 808 4117 rimae
818 4080 914 4115 manus.
1112 4065 1184 4115 etsie
1196 4064 1280 4131 Deus]
1293 4068 1358 4118 sient

303 4135 380 4190 Dens,
391 4134 453 4184 ΑΒ.
466 4135 587 4186 secundae
597 4150 692 4188 manus.
728 4171 733 4182 .
743 4134 781 4183 ed.
793 4149 830 4199 pr.
960 4130 970 4160 ⁸
986 4129 1056 4195 narn]
1069 4145 1127 4180 nem
1138 4130 1204 4195 qnia,
1216 4132 1255 4183 ed.
1267 4148 1315 4198 pr..
1327 4133 1356 4184 B.

301 4200 395 4266 primae
408 4216 503 4250 manus.
634 4200 645 4228 ⁸
660 4198 829 4265 componitur]
841 4213 892 4248 non
903 4195 1068 4262 componitur,
1080 4196 1112 4246 A.
1231 4195 1242 4226 ⁷
1259 4213 1291 4249 ex
1302 4214 1357 4264 per·

301 4265 549 4329 petuitate-videtur
560 4263 691 4329 mundum]
703 4280 753 4314 om.
765 4263 803 4314 ed.
815 4279 852 4329 pr.
