2864 4836
1219 328 1275 335 ’4-

503 427 757 505 JOANNIS
792 431 1004 492 WICLIF
1198 458 1277 494 uan.

228 587 335 646 lineam
357 589 519 660 refractam,
534 603 563 650 et
584 594 667 651 tertia
681 611 733 669 per
752 593 858 652 lineam
873 594 1020 653 reflexam.
1064 595 1103 655 Et
1117 596 1176 656 isto
1190 595 1277 654 modo

228 685 377 745 ‘videmus
391 706 469 747 nunc
483 707 536 765 per
550 691 700 766 speculum
718 693 749 750 in
763 690 942 768 enigmate¹‚'
957 711 1024 751 cum
1039 693 1212 753 ‘invisibilia
1225 693 1277 752 Dei

228 801 280 860 per
293 803 329 843 ea
342 804 417 861 quae
431 785 508 845 sacta
526 798 601 858 sunt,
616 789 759 848 intellecta
778 790 1030 867 conspiciuntur¹.'
1073 791 1278 869 Relinquendo

228 899 299 959 ergo
313 885 500 959 perspectivis
515 885 739 946 declarationem
753 888 839 965 hujus
853 889 971 966 triplicis
990 891 1120 960 notitiae,
1135 890 1203 949 dico
1218 900 1278 948 tan·

228 997 317 1054 quam
339 981 408 1039 mihi
429 983 587 1058 probabile,
605 985 686 1061 quod
706 1004 812 1046 omnes
832 987 927 1064 angeli
948 987 1112 1046 habuerunt
1133 989 1165 1046 in
1185 989 1278 1064 primo

228 1079 346 1136 instanti
367 1080 468 1139 mundi
489 1091 517 1139 et
537 1082 626 1159 paulo
647 1095 714 1160 post
735 1086 764 1142 in
785 1086 875 1144 verbo
888 1083 945 1144 Dei
965 1084 1073 1144 claram
1094 1086 1238 1155 notitiam,
1251 1096 1279 1143 et

229 1176 334 1234 eodem
353 1178 519 1237 meditulio³
532 1182 671 1257 temporis
690 1182 864 1242 declinando
883 1184 920 1241 ab
939 1183 993 1241 ista
1012 1184 1123 1254 notitia,
1137 1193 1279 1243 noverunt

229 1292 275 1332 res
297 1276 325 1332 in
348 1293 401 1334 suo
422 1295 529 1353 genere
551 1280 652 1338 notitia
672 1280 768 1339 minus
792 1281 893 1361 clara,
917 1292 945 1339 et
970 1298 1024 1356 pro
1048 1289 1183 1357 tempore
1207 1281 1278 1339 illius

230 1373 348 1431 notitiae
362 1373 434 1450 lapsi
449 1388 516 1434 sunt
536 1377 631 1454 angeli
651 1395 711 1436 non
732 1378 891 1450 credentes,
906 1378 985 1456 quod
999 1379 1191 1455 pacificantur
1204 1377 1278 1446 Deo,

230 1490 296 1530 cum
311 1472 368 1531 hoc
383 1476 459 1532 non⁴
474 1487 573 1551 posset
592 1476 719 1552 intelligi,
734 1476 786 1534 sed
805 1476 975 1536 affectantes
992 1478 1089 1535 conati
1103 1477 1187 1535 sunt⁸
1200 1475 1279 1554 quod

229 1571 285 1630 sint
300 1573 406 1632 similes
420 1573 568 1644 altissimo,
583 1575 624 1633 sic
639 1575 754 1644 scilicet,
766 1574 848 1651 quod
862 1577 935 1633 sicut
948 1574 1103 1634 altissimus
1117 1593 1180 1634 non
1194 1574 1280 1634 habet

230 1672 417 1746 superiorem,
433 1672 470 1730 ad
491 1691 579 1748 quem
602 1672 704 1731 reserat
725 1673 832 1749 gratias
851 1691 906 1748 pro
927 1672 1051 1743 donatis,
1066 1673 1108 1732 sic
1124 1673 1165 1732 illi
1184 1672 1278 1749 angeli

229 1768 297 1826 mali
319 1770 468 1845 quiescant
490 1770 519 1827 in
541 1772 644 1829 notitia
663 1789 759 1829 rerum
780 1771 811 1828 in
832 1771 950 1847 proprio
971 1787 1087 1847 genere,
1108 1779 1138 1828 et
1160 1788 1220 1829 non
1243 1769 1278 1828 ad

59 1876 162 1958 nefflpgffi
228 1864 329 1926 laudes
350 1867 416 1927 Deo
438 1869 551 1927 debitas
571 1879 755 1927 revertantur.
798 1869 836 1927 Et
858 1867 936 1927 credi
956 1877 1062 1944 potest,
1081 1867 1164 1945 quod
1185 1868 1278 1944 angeli

40 1966 58 1990 ¹⁰
74 1958 177 1994 ¹¹¹¹“⁵”¹¹‘·
230 1965 298 2022 mali
313 1967 398 2025 nimis
413 1967 462 2024 diu
477 1969 506 2024 in
521 1967 623 2025 notitia
636 1985 731 2025 rerum
746 1968 776 2024 in
791 1984 845 2025 suo
864 1984 971 2041 genere
988 1965 1180 2041 perstiterunt,
1195 1966 1279 2024 etsie

230 2063 259 2119 in
285 2063 345 2133 illis,
368 2065 441 2121 sicut
466 2066 495 2122 in
520 2066 600 2122 omni
622 2064 742 2123 homine
763 2074 914 2141 peccante,
937 2064 1031 2139 primo
1053 2062 1106 2121 tuit
1126 2074 1278 2139 peccatum

229 2163 406 2230 omissionis,
425 2173 504 2220 etex
520 2163 722 2221 continuitate⁶
741 2163 881 2239 temporis
895 2173 924 2220 et
944 2160 1142 2220 misericordia
1165 2161 1277 2220 divinae

230 2259 388 2333 punitionis
406 2272 483 2318 etex
505 2263 632 2319 carentia
646 2261 841 2319 innovationis
857 2278 971 2336 poenae
986 2258 1137 2330 sensibilis,
1153 2272 1221 2318 sunt
1239 2259 1276 2316 illi

229 2357 296 2414 mali
312 2357 406 2432 angeli
426 2358 456 2415 in
474 2359 532 2416 suis
547 2360 619 2417 vitiis
638 2360 778 2431 indurati;
800 2360 963 2435 quietantur
982 2359 1061 2416 enim
1075 2359 1105 2415 in
1119 2375 1174 2416 suo
1189 2358 1278 2417 modo

229 2456 349 2525 vivendi,
369 2475 456 2532 quern
477 2455 585 2516 habent
607 2477 625 2516 a
645 2456 721 2516 Deo.
762 2456 835 2515 Ideo
856 2475 917 2514 non
939 2466 1127 2532 praesumunt
1146 2456 1187 2514 illi
1208 2474 1278 2533 apo·

229 2566 318 2613 statae
333 2557 490 2631 poenitere,
506 2555 548 2613 vel
564 2556 649 2632 plene
663 2568 692 2614 et
703 2556 797 2615 debite
808 2557 914 2631 gratias
925 2573 1011 2631 agere
1022 2553 1088 2612 Deo
1103 2572 1175 2626 suo;
1196 2566 1224 2613 et
1239 2555 1277 2614 sic

229 2655 371 2729 contingit
392 2654 542 2713 hominem
564 2654 705 2729 paulative
726 2665 755 2712 et
776 2653 936 2729 specialiter
961 2652 1030 2710 dum
1055 2653 1173 2728 spiritus
1196 2653 1278 2712 luerit

230 2764 378 2827 separatus
394 2771 411 2810 a
430 2771 562 2828 corpore,
578 2752 700 2810 finaliter
719 2753 866 2810 obstinari.
910 2750 947 2810 Et
966 2750 1049 2808 illud⁷
1063 2760 1108 2809 est
1126 2763 1276 2827 peccatum

230 2851 259 2906 in
275 2851 405 2925 spiritum
422 2863 562 2919 sanctum,
577 2863 605 2909 et
619 2850 803 2908 diabolicum.
848 2849 895 2907 Ad
909 2851 1034 2924 prmum
1052 2850 1175 2908 istorum
1196 2867 1279 2925 argu·

230 2959 395 3007 mentorum
410 2960 488 3024 patet
502 2968 538 3007 ex
559 2949 650 3019 dictis,
665 2948 745 3024 quod
766 2948 925 3006 daemones
943 2965 1003 3005 non
1019 2947 1060 3005 sie
1079 2946 1211 3017 credunt,
1227 2947 1276 3005 sed

230 3047 349 3105 credunt
371 3047 516 3122 implicite,
535 3048 606 3105 sicut
628 3056 656 3104 et
677 3065 781 3104 omnes
803 3045 942 3121 superbi⁸.
994 3044 1039 3102 Ex
1061 3062 1122 3120 quo
1143 3046 1280 3122 sequitur,

229 3147 309 3220 quod
325 3156 553 3220 coaequarentur
565 3144 639 3215 Dec,
652 3146 675 3202 si
691 3163 756 3203 cum
772 3144 826 3203 illis
843 3145 961 3220 paribus
975 3161 1036 3202 non
1050 3162 1087 3202 ex
1102 3143 1160 3202 Dei
1172 3145 1278 3221 justitia

229 3244 300 3301 sint⁹
325 3244 424 3319 puniti.
476 3243 548 3301 ldeo
572 3243 674 3300 dicitur
699 3243 901 3311 communiter,
930 3242 1010 3318 quod
1039 3243 1155 3318 superbi
1180 3243 1279 3301 volunt

230 3343 364 3419 implicite
379 3342 495 3417 aequari
515 3340 590 3409 Dec,
606 3352 633 3398 et
654 3341 694 3398 sic
710 3340 746 3398 de
766 3340 862 3398 multis
882 3339 1101 3409 volitionibus¹⁰,
1117 3358 1192 3417 quae
1213 3360 1277 3399 cum

228 3441 468 3499 conditionibus¹¹
485 3439 651 3516 hujusmodi
666 3449 731 3496 sunt
746 3437 932 3514 supplendae.
975 3438 1023 3495 Ad
1036 3439 1182 3496 secundum
1196 3458 1278 3515 argn-

229 3551 359 3596 mentum
376 3539 485 3608 dicitur,
498 3538 577 3613 quod
588 3536 651 3594 talis
666 3536 786 3611 angelus
797 3555 814 3593 a
826 3536 1015 3594 delectatione
1028 3537 1058 3594 in
1069 3536 1136 3595 Deo
1148 3534 1279 3597 decidit¹²

263 3728 269 3755 ¹
287 3729 317 3780 cl.
334 3741 341 3775 r
358 3728 470 3778 Corinth.
483 3729 531 3776 xiii.
547 3741 585 3774 12.
716 3727 725 3754 ²
742 3727 772 3774 ci.
786 3727 858 3775 Rom.
872 3727 887 3774 i.
903 3740 940 3774 20.
975 3726 1058 3776 Editio
1069 3727 1125 3793 prin
1195 3738 1278 3778 notam

229 3795 398 3859 marginalem.
411 3808 473 3856 quae
490 3794 515 3840 in
527 3793 590 3842 Cod.
601 3794 629 3840 C.
642 3792 752 3846 habetur,
765 3801 770 3818 ·
781 3792 867 3840 Roma.
880 3792 903 3839 i)
915 3800 972 3841 ante
984 3793 1059 3841 verba
1070 3793 1155 3842 ‘invisi
1175 3793 1223 3842 ’lia'
1233 3802 1278 3843 ete

230 3859 254 3907 in
267 3868 359 3908 textum
371 3859 451 3923 ipsum
465 3859 562 3922 recepit.
661 3859 670 3885 ⁸
687 3856 827 3921 meditulio]
841 3857 1102 3907 meditullio=1nedio
1198 3857 1206 3887 ‘
1223 3874 1278 3908 cum

230 3923 728 4039 lit‘tttitttlttttitffllctt
741 3923 811 4037 ιη’
827 3922 1281 4039 itt²3353¹¹3⁵⁵¹¹¹¹¹³⁶¹itit

210 4006 582 4119 ,linlltate]contingente,ed.
596 4005 659 4117 prp
758 4004 968 4117 ⁷'illlc1]0m.ed.
982 4023 1056 4116 pl.⁸
1143 4054 1267 4120 'superbi

210 4118 212 4196 l
230 4121 327 4196 superni
339 4120 447 4173 credunt.
460 4119 551 4169 ΑΒΕ.
564 4120 602 4167 ed.
612 4135 650 4196 pr.
669 4186 673 4194 Ι
739 4119 749 4145 ’
766 4118 826 4182 sint]
839 4127 903 4172 sunt.
918 4119 978 4167 ΑΒ.
1078 4119 1097 4146 ¹⁰
1107 4119 1268 4197 volitionibns

211 4235 212 4256 Χ
230 4187 386 4257 notabilibus.
400 4187 436 4233 ed.
449 4201 485 4248 pr.
498 4201 553 4233 cum
567 4184 611 4230 R(
621 4222 624 4230 .
638 4200 730 4258 prunae
747 4200 841 4257 manus
863 4250 866 4257 Ι
1050 4184 1065 4212 ¹¹
1084 4185 1268 4234 conditionibus

230 4251 377 4304 conditione.
392 4251 482 4298 AM.
496 4251 533 4298 ed.
546 4267 581 4313 pr.
650 4253 666 4278 ¹²
684 4266 708 4296 m
724 4250 777 4299 neo
790 4249 892 4313 decidit]
905 4251 1003 4304 decidit,
1017 4249 1041 4296 in
1056 4248 1119 4305 Deo,
1131 4249 1170 4298 ed.
1183 4267 1219 4316 pr.
1264 4265 1266 4267 ’

1270 4232 1279 4247 ,l
