2864 4836
90 489 170 533 cim
212 462 700 529 SUPPLEMENTUM
728 471 1021 533 TRIALOGI.

92 640 269 689 armatorum
285 631 414 690 Romae¹
430 650 491 690 non
506 632 653 691 valuerunt
668 633 773 709 eligere
788 634 868 692 illum
882 636 912 692 in
926 654 1043 711 papam,
1055 655 1144 712 quem

92 728 251 787 cardinales
273 729 458 789 decreverant
478 730 653 806 eligendum,
675 742 703 789 et
728 731 794 790 ideo
819 732 970 808 elegerunt
998 732 1145 791 Urbanum

91 836 232 897 nostrum,
248 845 336 903 quem
351 828 457 886 aemuli
471 828 625 886 nominant
642 829 880 906 pseudopapam
908 830 960 889 sed
979 849 1068 906 quam
1087 835 1145 891 cito

90 923 196 1000 eligere
225 935 358 1000 poterant
385 925 483 996 libere,
512 944 604 983 unum
632 927 720 984 aliurn
749 928 911 987 secundum
939 929 1018 1005 leges
1044 948 1144 988 eorum

90 1017 244 1092 elegerant,
270 1018 348 1077 hunc
374 1018 566 1078 Clementem.
616 1020 643 1076 E
667 1032 768 1079 contra
797 1033 894 1080 autem
924 1023 1024 1081 dicunt
1051 1024 1145 1082 vocati

91 1113 246 1174 Christiani
261 1127 320 1174 tarn
335 1116 472 1175 Boreales
486 1135 575 1192 quam
588 1117 754 1176 Australes²
769 1120 829 1177 istis
848 1120 936 1178 locis:
960 1139 1029 1179 ecce
1044 1122 1100 1180 illic
1115 1124 1145 1179 iu

90 1213 169 1272 curia
180 1213 325 1286 Romana,
340 1215 404 1273 ubi³
418 1214 524 1273 residet
538 1213 670 1272 Urbanus
685 1227 791 1281 sextus,
804 1227 847 1274 est
862 1218 1049 1278 solummodo
1060 1238 1144 1278 verus

88 1308 198 1387 papa⁴l
234 1311 293 1370 Sed
310 1314 377 1388 quia
393 1311 524 1371 Christus
545 1313 682 1388 cognovit
696 1314 799 1371 etiam⁶
812 1316 902 1373 electos
921 1316 959 1374 ad
979 1327 1095 1392 tempus
1114 1319 1143 1374 in

88 1408 143 1467 ista
157 1409 267 1468 haeresi
287 1409 479 1479 seducendos,
494 1410 561 1468 ideo
577 1410 626 1468 dat
645 1413 699 1469 sub
718 1409 812 1469 forma
833 1413 944 1472 consilii
961 1425 990 1471 et
1005 1415 1142 1484 mandati,

88 1506 170 1582 quod
185 1509 276 1566 neutri
291 1508 404 1566 illorum
419 1509 572 1566 credamus
587 1519 725 1584 tanquam
740 1527 808 1568 vero
823 1511 930 1569 vicario
943 1510 1016 1588 Jesu
1027 1512 1142 1571 Christi.

88 1603 153 1663 Nec
172 1604 232 1674 fuit,
246 1617 278 1664 ut
298 1607 428 1676 aestimo
448 1608 522 1664 inter
541 1607 700 1681 episcopos
719 1617 748 1664 et
767 1625 858 1681 regna
877 1609 972 1685 major
992 1610 1141 1667 contentio

87 1712 117 1761 et
144 1703 278 1779 allegatio
306 1703 476 1780 prophetiae
505 1714 553 1762 aut
581 1705 654 1780 legis
682 1705 840 1763 antichristi
868 1724 921 1780 pro
948 1706 1140 1766 defendendis

87 1802 217 1877 partibus
231 1804 389 1872 contrariis,
404 1821 493 1879 quam
508 1812 551 1861 est
565 1802 674 1872 modo;
695 1814 723 1860 et
737 1803 885 1860 invalescit
899 1805 1036 1862 continue
1056 1807 1142 1863 timor

86 1900 188 1975 major,
210 1917 278 1958 cum
302 1899 434 1958 Urbanus
455 1901 591 1959 coneedit
612 1901 758 1976 episcopis
779 1912 808 1958 et
830 1902 890 1960 aliis
912 1903 1013 1960 mundi
1035 1914 1140 1979 poten-

86 1997 163 2055 tibus
180 1998 340 2057 inauditam
359 2000 420 2057 imo
439 1998 648 2056 infundabilem
668 2008 841 2073 potestatem
864 1999 1028 2059 debellandi
1049 2020 1141 2078 quos·

85 2112 201 2171 cunque
213 2112 282 2154 suos
293 2097 472 2155 adversarios
483 2097 528 2154 vel
539 2096 711 2156 Gilbonensi
723 2096 991 2174 quomodocunque
1002 2097 1141 2169 faventes

85 2201 145 2249 tam
159 2211 211 2269 per
225 2210 363 2254 censuras
377 2195 587 2254 ecclesiasticas
605 2212 693 2270 quam
713 2195 800 2252 etiam
820 2212 872 2270 per
886 2195 1041 2255 vindictam
1061 2207 1138 2255 atro-

83 2289 231 2349 cissimam
251 2292 440 2368 corporalem,
484 2292 522 2350 Et
542 2292 644 2350 dicitur
662 2290 806 2350 Urbanum
824 2290 949 2351 dictum⁰
963 2297 1139 2371 praecipere,

86 2387 168 2463 quod
189 2391 320 2465 episcopi
341 2400 468 2449 rectores
489 2400 517 2449 et
538 2390 711 2458 claustrales,
730 2391 897 2466 quicunque
916 2391 1020 2450 suerint
1039 2393 1141 2451 validi⁷

86 2486 125 2544 ad
146 2487 346 2563 pugnandum,
361 2489 402 2547 sic
423 2499 521 2545 tamen
542 2487 622 2564 quod
643 2487 732 2545 fidem
753 2486 859 2545 faciant
873 2488 954 2564 quod
976 2500 1141 2549 constanter

86 2592 115 2641 et
130 2585 223 2643 valide
240 2596 372 2661 pugnent
392 2587 423 2644 in
439 2604 528 2645 causa
548 2603 601 2643 sua
621 2596 723 2643 eontra
745 2602 829 2642 suum
852 2585 1046 2645 adversarium
1060 2590 1140 2647 anti-

86 2680 233 2752 christum,
255 2701 360 2742 omnes
381 2685 501 2760 inquam
521 2683 592 2742 tales
614 2683 736 2741 absolvit
758 2701 779 2743 a
796 2701 893 2759 poena
914 2696 941 2742 et
963 2703 981 2743 a
1002 2687 1095 2762 culpa,
1113 2700 1140 2746 et

85 2779 167 2855 quod
191 2780 296 2839 habeat
321 2800 466 2857 expensas
491 2781 679 2851 deecclesia,
702 2799 736 2839 ac
758 2782 833 2840 siin
855 2780 960 2841 Christi
982 2785 1140 2844 ministerio

85 2877 205 2937 fideliter
224 2880 369 2939 resideret.
412 2879 555 2939 Econtra
574 2890 671 2938 autem
690 2880 794 2939 dicitur
807 2879 958 2939 Robertum
978 2884 1139 2942 concedere

83 2977 231 3053 episcopis
251 2989 280 3036 et
300 2979 362 3036 aliis
377 2990 435 3037 tam
458 2979 634 3054 spiritualem
653 2996 742 3054 quam
764 2980 944 3054 corporalem
966 2992 1139 3056 potestatem

82 3083 111 3132 et
132 3092 276 3150 expensas
297 3077 392 3151 primo
417 3076 590 3152 Symoniace
612 3076 774 3151 acquisitas.
827 3075 884 3133 Sed
907 3078 1017 3134 utinam
1039 3077 1139 3137 fideles

83 3172 264 3232 attenderent
286 3177 373 3233 verba
392 3174 498 3234 Christi
521 3175 659 3233 dicentis:
686 3174 791 3231 ‘nolite
811 3173 927 3232 credere
939 3174 957 3231 l’
986 3184 1015 3232 et
1034 3193 1137 3233 conse·

82 3282 205 3348 quenter
220 3271 309 3330 nolite
324 3273 402 3331 exire
416 3272 453 3330 ad
468 3271 568 3330 fratres
579 3281 689 3329 vestros
704 3271 796 3328 taliter
811 3270 1024 3329 debellandum.
1061 3271 1137 3330 Cum

82 3369 162 3427 enim
190 3370 377 3428 adversantur
404 3368 521 3427 Christo
550 3370 579 3425 in
608 3368 698 3425 tribus
725 3367 942 3426 conditionibus
975 3368 1136 3444 praedictis,

81 3475 162 3542 patet
182 3465 263 3540 quod
285 3475 352 3523 sunt
372 3465 468 3539 patule
489 3465 656 3522 antichristi.
700 3464 772 3523 Ideo
800 3465 874 3522 inter
898 3483 1003 3523 omnes
1025 3484 1136 3538 causas,

80 3574 201 3640 propter
222 3581 295 3637 quas
315 3580 444 3637 unquam
470 3562 565 3620 audivi
589 3581 681 3620 uuum
705 3562 846 3639 populum
871 3564 959 3622 alium
984 3566 1135 3639 debellare,

80 3671 202 3736 utraque
224 3677 376 3718 causarum
400 3660 533 3717 istarum⁸
554 3669 597 3718 est
621 3661 810 3735 periculosior
834 3672 862 3720 et
887 3662 953 3720 fidei
978 3665 1136 3740 scripturae

81 3758 250 3818 contrarior,
294 3755 426 3815 Christus
440 3758 519 3815 enirn
535 3757 587 3817 fuit
600 3758 715 3833 dignior
729 3776 818 3836 quam
837 3759 908 3819 alter
922 3762 1052 3831 istorum,
1068 3780 1135 3821 cum

113 3964 122 3994 ¹
140 3965 248 4029 Romae]
262 3965 363 4021 ratione,
375 3965 405 4015 C.
496 3965 506 3994 ²
522 3973 574 4015 tam
587 3965 700 4016 Boreales
711 3982 785 4030 quam
797 3968 933 4032 Australes]
947 3976 997 4017 tam
1009 3966 1135 4017 Boreelius

80 4045 153 4095 quarn
166 4031 312 4086 Australius,
325 4032 372 4080 ab.
385 4031 507 4081 secundae
518 4047 612 4080 manus.
722 4050 730 4059 ··
748 4033 802 4095 ubi]
815 4034 869 4087 uisi,
881 4034 930 4082 ab.
1039 4032 1048 4061 ⁴
1064 4048 1136 4080 verus

80 4095 158 4160 papal
172 4112 236 4160 papa
245 4112 324 4151 verus.
334 4098 364 4146 C.
430 4098 439 4126 ⁵
456 4097 573 4160 cognovit
584 4096 671 4159 etiam]
685 4097 758 4147 etiam
771 4099 895 4161 cognovit,
904 4100 936 4147 A.
1002 4098 1012 4126 ⁸
1028 4098 1121 4146 dictum

81 4160 242 4226 praedictum,
255 4162 319 4211 A.C.
429 4163 439 4191 ⁷
456 4163 545 4212 luerint
557 4161 643 4226 validi]
656 4163 729 4211 validi
741 4163 836 4219 suerint,
851 4164 879 4213 C.
995 4164 1005 4191 ⁸
1020 4163 1121 4212 istarum

81 4241 131 4275 orn.
145 4226 176 4274 A.

123 4325 303 4368 unrnuouus.
591 4328 609 4367 u
624 4330 645 4387 g

1223 495 1288 559 449
