2864 4836
516 398 774 481 Josnnrs
820 400 1066 467 nrcrrr
1225 418 1285 459 nt

284 563 389 625 Tertio
412 570 511 623 sutem
533 560 686 641 spostolus
708 562 806 640 prims
832 564 877 625 sd
903 562 1059 625 Thessal
1082 574 1186 644 qusrto
1204 568 1284 621 m

243 662 369 723 eandem
383 661 472 721 iidem
486 659 661 721 cstlrolioem
674 658 791 721 subitis
802 662 928 723 verbis:
957 662 1143 724 rNonmnr
1157 678 1207 720 vos
1219 658 1286 718 im

244 763 380 838 ignorare
398 759 436 820 de
453 758 675 831 domienutur,
691 769 726 819 ut
742 774 806 818 uon
825 760 1068 821 commemini
1081 762 1161 823 sicut
1176 750 1288 831 oeteip'

244 875 329 935 spem
347 874 410 916 non
428 855 547 917 hubent
588 854 620 915 Si
637 857 720 916 enim
736 855 892 917 credimus
905 858 1003 935 quod
1021 858 1118 939 Jesus
1136 860 1289 917 mortue

244 966 274 1015 et
292 950 1289 1037 resurrexititsetDeuseosquidotmieruntperjesumsdffl

245 1070 373 1113 cumeo.
415 1050 487 1112 Hoc
506 1051 687 1112 enimvobis
706 1050 831 1113 dicimus
850 1052 888 1112 in
910 1050 1291 1129 verboDominiqu'nn

245 1152 297 1229 qui
316 1151 446 1223 vivimus,
467 1150 533 1227 qui²
550 1148 658 1209 residui
677 1150 1294 1227 sumusinsdventuDomininonln·

246 1249 396 1308 veniemus
415 1266 469 1308 eos
489 1249 541 1326 qui
561 1248 747 1319 dormierunt,
760 1244 908 1325 quoniam
928 1250 1002 1327 ipse
1017 1250 1178 1313 Dominus
1194 1251 1225 1311 iu
1235 1250 1294 1328 ’μ

247 1345 435 1407 etin¹voce
459 1345 623 1423 archangeli
644 1342 899 1405 etintubsDei
921 1346 1296 1419 descendetdeooem

247 1445 355 1504 mortui
368 1445 419 1522 qui
433 1445 464 1503 in
477 1442 596 1505 Christo
608 1454 686 1515 sunt,
698 1452 852 1521 resurgent
863 1444 968 1520 primi,
983 1446 1108 1509 deinde
1121 1466 1181 1511 nos
1192 1442 1297 1527 quiriti·

248 1560 322 1614 mus,
333 1543 384 1620 qui
394 1542 592 1620 relinquimur,
602 1540 688 1602 simul
697 1542 844 1619 rapiemur
856 1558 929 1601 curn
940 1542 1000 1603 illis
1011 1546 1049 1605 in
1061 1548 1196 1607 nubrhs
1204 1544 1296 1607 obtin

249 1639 366 1700 Christo
379 1640 411 1699 in
427 1647 504 1712 sera,
517 1650 548 1700 et
565 1641 608 1699 sic
626 1656 742 1717 semper
760 1637 984 1701 cmnDomino
1003 1645 1162 1707 erimus⁸.'
1200 1640 1300 1705 uris

249 1748 316 1798 sunt
335 1738 426 1798 multa
439 1738 607 1798 testimonis
619 1738 787 1815 evangelice
799 1738 917 1817 exlege
931 1748 1000 1801 tum
1014 1759 1105 1805 nova
1118 1760 1211 1821 quam
1221 1738 1299 1809 verm,

249 1855 326 1914 quae
339 1835 465 1896 eandem
485 1835 576 1896 fidem
588 1836 763 1897 catholicam
776 1846 993 1898 contestantur.

117 1956 179 2022 e·
290 1932 1301 2018 Concordatsutemralr‘oistisdictistsmexpnrtepruernin·

249 2034 355 2094 dorum
368 2050 459 2111 quam
472 2051 510 2092 ex
523 2042 606 2111 parte
619 2031 741 2093 Domini
758 2032 956 2110 praeminetis.
1002 2032 1093 2096 Nem
1111 2039 1191 2099 sicut
1203 2034 1303 2097 αἱ*

250 2123 412 2191 Ar‘ulotles
431 2141 460 2191 et
480 2135 584 2191 veritos
604 2139 791 2202 contestsnu,
811 2128 894 2189 multi
913 2130 1042 2195 morosi
1064 2144 1100 2195 et
1121 2136 1218 2196 sancti
1236 2132 1302 2194 oud·

250 2228 359 2288 duntur
381 2246 436 2306 pro
460 2230 579 2289 veritate
603 2228 753 2301 catholiea,
776 2244 849 2306 ergo
873 2226 1005 2305 sliqusm
1031 2234 1212 2293 mercedem
1232 2230 1304 2291 Dens

248 2328 344 2404 justus
357 2327 400 2385 eis
414 2326 559 2398 retribuet,
574 2326 703 2386 sednon
715 2326 747 2385 in
759 2325 816 2386 hcc
829 2326 895 2398 viu,
908 2342 980 2385 cum
1000 2330 1155 2391 continue
1168 2332 1262 2391 vivunt
1275 2329 1301 2387 in

251 2424 428 2503 poenalitate
455 2434 483 2483 et
510 2425 599 2484 etiam
626 2442 720 2503 usque
745 2423 786 2485 sd
808 2434 934 2484 mortem
957 2426 1134 2502 poenaliter
1158 2430 1302 2508 patiuntur.

251 2541 323 2600 ergo
347 2522 516 2599 relinquitur
540 2523 582 2581 eis
607 2522 800 2582 remuneratio
822 2531 890 2599 post
913 2521 991 2581 hanc
1018 2525 1125 2585 viram.
1170 2528 1209 2587 Et
1230 2528 1301 2587 issu

251 2622 393 2679 rationem
427 2620 557 2679 iecerunt
589 2620 751 2678 Aristoteles
782 2629 812 2678 et
842 2628 960 2679 sanctus
986 2622 1159 2696 spostolus,
1188 2644 1226 2686 ex
1251 2640 1302 2701 quo

251 2717 415 2778 deducunt⁶
435 2717 605 2794 specialiter,
626 2717 708 2794 quod
727 2717 796 2776 mali
817 2727 969 2794 resurgent
990 2734 1049 2794 pro
1074 2723 1142 2781 suis
1166 2723 1303 2784 demeritis

251 2816 400 2891 puniendi,
417 2833 484 2874 cum
499 2816 537 2873 ab
556 2816 733 2892 experientia
751 2816 902 2874 communi
920 2816 1116 2890 convincitur,
1132 2821 1219 2898 quod
1232 2819 1302 2880 multi

251 2932 303 2989 per
318 2923 409 2972 totam
428 2912 505 2971 hanc
519 2912 607 2970 vitam
625 2914 724 2972 vivunt
741 2914 773 2971 in
791 2912 985 2990 voluptatibus
998 2913 1130 2990 vitiosis;
1163 2920 1219 2979 sed
1231 2918 1303 2978 Deus

250 3021 294 3069 est
318 3011 482 3069 necessario
507 3021 535 3068 et
560 3010 756 3070 universaliter
780 3028 892 3088 aequus
912 3010 1013 3088 judex,
1034 3030 1113 3090 ergo
1137 3016 1302 3095 relinquitur

251 3108 331 3185 quod
349 3108 430 3167 Deus
451 3109 551 3184 puniet
572 3118 693 3185 peccata
714 3109 805 3169 taliter
826 3120 1017 3182 mortuorum,
1039 3112 1097 3170 sed
1118 3131 1184 3173 non
1205 3117 1237 3175 in
1256 3115 1304 3174 huc

250 3208 316 3278 vita,
338 3208 408 3282 quis
427 3206 472 3264 vel
494 3206 590 3264 vivunt
613 3207 714 3266 vitiose
738 3207 876 3266 continue
895 3206 941 3265 vel
960 3206 991 3264 in
1016 3206 1077 3267 fine
1100 3206 1305 3273 involuntarie·

252 3305 417 3380 puniuntur.
459 3304 530 3363 Non
551 3321 623 3380 ergo
645 3314 764 3381 propter
785 3304 842 3364 hoc
863 3303 943 3381 quod
964 3318 1091 3381 peccaut
1111 3308 1145 3367 in
1165 3308 1227 3370 hac
1246 3312 1305 3379 viu,

252 3402 304 3461 sed
327 3412 445 3478 propter
467 3401 525 3460 hoc
550 3402 632 3478 quod
656 3403 686 3460 in
711 3403 769 3462 fine
793 3412 945 3478 apponunt
969 3402 1083 3463 nodum
1108 3405 1306 3485 blasphemia

252 3517 339 3577 super
352 3510 473 3575 peecata
487 3517 541 3559 sua
554 3501 715 3575 praeterita,
729 3509 842 3559 tantum
855 3510 888 3558 ut
899 3499 1009 3576 justitia
1027 3502 1120 3579 exigit
1140 3507 1308 3582 puniuntur.

253 3596 379 3672 Oportet
393 3615 465 3673 ergo
480 3598 560 3673 quod
575 3608 643 3673 post
656 3599 898 3658 resurrectionem
911 3598 943 3656 in
955 3598 1014 3657 vita
1026 3599 1083 3659 slis
1096 3602 1159 3661 sint
1172 3603 1289 3680 puniti'.

293 3692 350 3752 Ex
362 3701 447 3769 parte
466 3705 563 3754 autem
578 3693 638 3754 Dei
653 3696 731 3756 idem
752 3695 910 3767 deducitur,
925 3714 993 3755 cum
1007 3695 1091 3757 Deus
1105 3701 1144 3759 sit
1162 3700 1305 3761 inlinitum

287 3897 365 3964 ¹qui]
378 3914 428 3948 om.
440 3900 478 3949 ed.
490 3914 527 3964 pr.
699 3898 764 3965 ’inJ
776 3899 926 3965 om.ed.pr.
1100 3903 1304 3972 ‘etsicsernper

253 3978 309 4012 cum
328 3964 438 4013 Domino
454 3963 557 4028 erimus]
575 3979 624 4013 om.
642 3964 705 4016 A.c.
859 3965 984 4032 ‘mele
1001 3968 1114 4025 assumit,
1130 3969 1196 4020 Ant
1213 3973 1304 4036 prime

253 4042 347 4084 munus.
359 4029 397 4078 ed.
410 4044 447 4094 pr.
537 4029 547 4058 ⁸
563 4045 593 4079 ex
604 4044 653 4094 quo
664 4029 800 4095 deducunt]
813 4030 969 4089 Aristoteles.
981 4046 1039 4083 cum
1050 4048 1080 4083 ex
1090 4033 1140 4085 hoc
1150 4034 1258 4093 deducit,
1270 4036 1301 4085 Ι).

252 4092 452 4204 ἓάἱιινοΙιιιιιιῐίε]
464 4094 489 4144 in
500 4094 635 4151 voluntate,
646 4095 739 4146 A.B.C.
751 4095 845 4163 primae
855 4110 950 4147 manus
1049 4098 1059 4127 '
1075 4099 1169 4165 punitr]
1180 4102 1303 4167 pruriendi.

285 4195 289 4203 .
302 4173 338 4221 pr.
