2864 4836
549 419 807 498 soarrrvrs
849 421 1061 484 vvrcrrr
1253 451 1331 486 osi.

276 592 390 657 septem
408 580 540 658 planetas
559 582 687 658 ponunt¹
706 581 821 642 coelum
843 583 987 642 stellatum
1006 594 1035 643 et
1054 585 1165 661 figuras
1185 600 1328 649 astrorum

275 696 343 737 cum
367 680 427 738 suis
451 678 585 739 efficaciis
609 698 644 738 ac
668 681 934 757 conjunctionibus,
956 683 1197 758 oppositionibus
1223 698 1254 747 et
1274 687 1329 746 aliis

274 778 453 854 respectibus
474 796 542 836 cum
563 777 693 854 planetis.
736 777 774 837 Et
794 797 881 855 super
894 779 997 839 istam²
1010 790 1145 841 octavam
1165 783 1328 860 sphaeram,

274 893 349 951 quae
364 875 466 933 dicitur
476 876 592 934 coelum
607 876 760 946 stellatum,
772 887 887 953 ponunt
902 877 1023 954 quidam
1037 878 1196 956 sphaeram
1212 900 1328 953 nonam,

274 974 393 1051 quidam
414 974 559 1034 decimam
582 974 737 1051 sphaeram
758 987 787 1035 et
807 975 929 1053 quidam
955 975 1110 1053 sphaeram
1131 979 1328 1050 undecimam,

274 1082 302 1130 et
324 1070 433 1130 habent
453 1090 520 1132 suas
544 1072 711 1132 evidentias.
753 1072 815 1132 Sub
838 1074 908 1133 luna
930 1084 1028 1133 autem
1049 1086 1166 1151 ponunt
1191 1088 1329 1155 quattuor

274 1170 425 1241 elementa,
448 1171 557 1230 scilicet
576 1172 686 1247 ignem,
706 1179 814 1243 aerem,
834 1190 943 1249 aquam
963 1183 991 1232 et
1012 1183 1125 1232 terram.
1170 1175 1209 1234 Et
1231 1178 1329 1236 omnia

273 1269 320 1327 illa
333 1279 448 1344 ponunt
461 1270 665 1345 corruptibilia,
676 1280 705 1328 et
718 1269 749 1328 in
764 1271 822 1329 suis
834 1270 968 1330 confiniis
982 1271 1143 1348 specialiter
1153 1273 1193 1332 ad
1203 1274 1328 1333 invicem

269 1368 463 1426 'commisceri
505 1367 543 1426 Et
557 1368 753 1444 compositum
767 1386 804 1426 ex
819 1369 879 1427 istis
894 1377 1029 1444 quattuor
1043 1368 1149 1429 voc'ant
1170 1370 1327 1447 sphaeram

272 1466 509 1540 corruptibilium,
530 1467 561 1525 in
586 1484 644 1543 qua
664 1484 752 1542 super
774 1476 880 1525 terram
901 1477 930 1526 et
954 1468 984 1525 in
1008 1472 1075 1526 ae're
1096 1479 1165 1528 sunt
1185 1469 1280 1529 homo
1300 1480 1328 1529 et

208 1635 214 1649 1
272 1563 364 1622 mixta
378 1563 442 1634 alia,
458 1574 490 1622 ut
505 1564 674 1634 sensibilia³,
689 1564 869 1640 vegetabilis,
884 1563 995 1641 lapides
1009 1565 1203 1638 metallorum,
1219 1569 1327 1628 miner-

272 1660 349 1733 alia⁴,
364 1672 393 1720 et
407 1663 498 1722 mixta
512 1662 568 1721 alia
582 1662 760 1739 imperfecta,
771 1680 846 1740 quae
861 1673 968 1722 vocant
981 1663 1190 1736 exhalationes,
1202 1684 1326 1743 vapores

271 1760 317 1818 vel
327 1759 397 1819 alias
412 1761 627 1836 impressiones.
669 1759 707 1819 Et
721 1772 841 1837 propter
853 1760 1004 1820 hominem
1015 1773 1130 1839 ponunt
1143 1773 1252 1823 terram
1266 1783 1325 1842 quo

272 1858 309 1916 ad
323 1869 453 1918 nostram
467 1858 670 1918 habitabilem¹⁵
689 1878 793 1935 pamm
813 1878 831 1917 a
851 1870 951 1918 centro
970 1860 1162 1920 elevatiorem.
1206 1863 1325 1940 Aquam

272 1957 355 2014 vero⁶
370 1967 483 2033 ponunt
498 1958 539 2015 sic
554 1957 660 2027 situari,
672 1957 752 2033 quod
766 1975 803 2015 ex
817 1968 898 2033 parte
913 1958 1002 2016 altera
1016 1959 1069 2017 sit⁷
1083 1958 1221 2020 elevatior
1234 1979 1324 2038 quam

272 2064 316 2112 est
329 2064 411 2113 terra.
453 2055 491 2113 Et
511 2056 612 2113 omnia
633 2054 705 2113 haec
727 2056 781 2113 tria
801 2056 946 2115 elementa
966 2067 1082 2133 ponunt
1099 2057 1324 2135 quodammodo

272 2153 450 2211 circumdare
475 2152 604 2223 terram⁸‚
632 2155 731 2229 ignem
760 2153 896 2226 velocius,
925 2145 1029 2213 aerem'
1049 2155 1167 2226 tardius,
1196 2156 1324 2216 velocius

271 2260 369 2308 tamen
391 2269 478 2326 supra
499 2250 691 2328 peripherias⁰
711 2251 916 2310 altissimorum
937 2254 1090 2311 montium.
1132 2253 1171 2312 Et
1190 2255 1250 2312 in¹⁰
1269 2256 1324 2314 illis

271 2348 507 2408 circumferentiis
527 2363 641 2425 ponunt
662 2351 773 2408 stellam
795 2361 941 2409 comatam
962 2352 1000 2409 ab
1021 2351 1194 2411 influentia¹¹
1212 2353 1323 2412 coeles-

271 2447 342 2505 tium
370 2450 501 2523 generari
525 2460 554 2505 et
583 2450 637 2506 sub
662 2448 735 2507 illa¹²
759 2448 909 2507 ardentem
938 2448 1105 2519 draconem,
1130 2449 1270 2509 halonem
1294 2463 1323 2510 et

270 2544 380 2616 iridem,
395 2546 505 2605 hiatum
519 2559 548 2605 et
562 2546 689 2617 bochim,
701 2546 837 2622 pluviam,
853 2548 949 2604 nivem
964 2557 993 2604 et
1006 2547 1189 2623 grandinem,
1204 2560 1322 2607 ventum

271 2654 299 2702 et
322 2647 410 2703 maris
435 2645 609 2703 salsedinem
634 2664 703 2703 cum
729 2646 831 2704 ceteris
852 2646 1091 2721 impressionibus
1117 2646 1322 2716 subterraneis,

270 2760 343 2817 quas
363 2743 535 2801 describunt.
579 2745 639 2802 Ae'r
657 2755 754 2802 autem
777 2746 854 2803 circa
874 2744 1052 2820 peripherias
1072 2745 1227 2815 montium,
1248 2748 1322 2805 sicut

270 2858 348 2897 mare
363 2841 578 2916 irregulariter¹³
592 2853 733 2902 movetur.
776 2841 885 2901 Omnia
899 2853 998 2900 tamen
1012 2845 1066 2902 ista
1083 2860 1208 2919 corpora
1222 2847 1320 2904 sublu-

268 2938 349 2995 naria
373 2940 579 3015 impressiones
603 2942 746 3016 recipiunt
770 2942 810 2999 ab
836 2942 918 3002 astris
943 2940 1125 3011 coelestibus,
1147 2951 1176 3000 et
1202 2944 1233 3001 in
1255 2962 1321 3003 cor·

269 3038 401 3112 mptione
429 3057 463 3096 ac
492 3039 554 3098 aliis
581 3040 767 3115 passionibus
795 3039 825 3095 in
854 3040 913 3098 suis
940 3039 1067 3114 periodis
1095 3057 1113 3096 a
1141 3041 1320 3102 coelestibus

269 3136 439 3210 corporibus
460 3137 622 3195 limitantur.
666 3136 780 3196 Omnes
799 3148 897 3196 autem
916 3138 1003 3195 orbes
1023 3138 1173 3209 coelestes,
1193 3140 1253 3199 hoc
1275 3153 1321 3202 est

268 3233 470 3310 supralunares
485 3246 599 3311 ponunt
615 3253 682 3293 curn
698 3237 780 3294 astris
795 3235 968 3294 circulariter
987 3254 1051 3295 esse
1073 3246 1178 3296 motos.
1222 3238 1319 3300 Orbes

268 3342 365 3390 autem
387 3332 566 3408 planetarum
590 3344 705 3409 ponunt
729 3333 816 3392 dividi
842 3334 952 3392 intres
977 3343 1081 3410 partes,
1103 3346 1132 3394 et
1156 3338 1318 3397 secundum

267 3431 355 3489 illas¹⁴
370 3431 501 3506 planetas
514 3451 578 3490 esse
593 3450 672 3490 nunc
691 3433 721 3489 in
737 3433 847 3508 auge¹⁶,
864 3451 942 3491 nunc
957 3434 988 3490 in
1002 3436 1140 3510 opposito
1155 3438 1238 3512 augis
1258 3439 1318 3495 sive

266 3529 455 3588 rarefactione
475 3531 518 3588 vel
538 3531 767 3589 condensatione
787 3531 869 3589 coeli.
916 3531 954 3589 Et
973 3543 1087 3607 praeter
1103 3532 1185 3592 hos¹⁸
1204 3548 1319 3612 ponunt

267 3645 372 3702 parvos
393 3629 515 3687 circulos
536 3631 565 3687 in
587 3629 818 3688 circumferentia
837 3629 977 3706 sphaerae
998 3630 1141 3706 planetae,
1162 3633 1318 3710 inquibus

301 3758 308 3785 ¹
326 3758 434 3823 ponunt]
446 3775 496 3808 om.
509 3759 570 3807 Α.Β.
637 3759 647 3786 ²
664 3758 748 3822 istam]
759 3775 808 3808 om.
816 3760 854 3808 ed.
864 3775 901 3824 pr.
967 3760 976 3788 ³
993 3768 1020 3810 ut
1033 3760 1170 3827 sensibilia]
1179 3762 1230 3812 alia
1238 3764 1318 3814 insen·

267 3823 354 3878 sibilia.
367 3824 429 3873 ΑΒ.
495 3823 504 3853 ⁴
520 3823 658 3887 mineralia]
671 3824 786 3881 minerae,
795 3826 905 3880 A.B.C.;
923 3826 1028 3883 mineris,
1041 3826 1080 3876 ed.
1091 3843 1129 3891 pr.
1195 3828 1206 3858 ⁸
1222 3829 1318 3880 hahita·

267 3888 354 3953 bilem]
367 3889 554 3945 habitationem,
567 3889 660 3966 ΑΒΕἶ
672 3891 793 3940 secundae
805 3907 899 3940 manus.
965 3891 1126 3956 ⁶vero]om.
1139 3894 1172 3942 A.
1200 3959 1205 3971 ι
1246 3893 1318 4025 'sitp

266 3953 351 4008 frted.
381 3972 400 4005 r.
498 3957 614 4005 ⁸terram
640 3962 812 4012 crearemur,
825 3957 917 4007 A.B.C.
930 3958 968 4008 ed.
981 3974 1017 4022 pr.
1127 3959 1306 4025 'perrphenas

266 3972 480 4077 circumferentias,
492 4023 530 4072 ed.
543 4037 588 4086 pr„
600 3955 627 4070 id
637 4023 703 4085 quod
716 4022 925 4087 interpretamenti
938 4024 1015 4072 instar
1025 4022 1057 4071 ad
1068 4038 1123 4072 mar
1142 4024 1147 4034 '
1167 4040 1207 4074 em
1224 4026 1318 4077 codicis

267 4087 296 4135 C.
308 4086 429 4148 adjectum
441 4094 486 4136 est.
554 4088 572 4116 ¹⁰
589 4086 626 4151 in]
639 4103 688 4135 om.
702 4088 730 4136 C.
744 4087 781 4136 ed.
792 4104 830 4201 pr.
914 4089 929 4118 ¹¹
949 4087 1125 4152 influentia]in
1142 4090 1242 4147 uentiis,
1254 4092 1316 4141 ΑΒ.

267 4150 284 4179 ¹²
301 4151 355 4215 illa]
363 4153 415 4207 illo,
424 4153 516 4203 A.B.C.
524 4154 562 4203 ed.
573 4168 609 4217 pr.
677 4152 694 4181 ¹³
711 4153 790 4216 irregu
801 4154 886 4218 ariter]
897 4154 1045 4218 regulariter,
1055 4153 1082 4202 B.
1091 4155 1214 4205 secundae
1221 4173 1316 4208 marrus.

267 4215 283 4243 ¹⁴
300 4215 366 4280 illas]
379 4217 441 4271 illos,
454 4219 486 4266 D.
586 4218 603 4247 ¹⁵
620 4234 690 4282 auge,
703 4219 743 4268 i.e.
755 4218 826 4281 αὐγή.
906 4221 926 4256 ³⁸
937 4220 995 4284 hos]
1008 4220 1076 4274 haec,
1089 4219 1121 4267 D.
1134 4220 1172 4270 ed.
1185 4237 1222 4285 pr.
1299 4258 1304 4265 .
