2864 4836
500 446 756 527 Jonnnrs
798 420 1013 508 errem
1192 464 1275 505 urm

227 621 281 672 stat
302 611 453 688 potissime
473 610 504 667 in
525 608 665 686 superba¹
685 618 714 668 et
735 609 821 668 stulta
844 609 1088 686 praesumptione
1110 608 1149 668 de
1170 603 1274 683 propria

225 709 332 786 logica,
361 727 428 767 curn
462 708 558 784 logica
587 709 745 784 scripturae
779 709 814 766 sit
841 707 1003 766 rectissima
1032 705 1224 769 subtilissima
1250 709 1275 760 et

227 809 353 865 maxime
377 806 518 865 usitanda
560 806 615 865 Illa
638 807 718 865 enim
742 805 843 864 trahit²
866 806 920 864 sibi
941 804 1058 881 regulas
1084 804 1275 881 cujuscunque
1315 814 1317 819 '

226 905 294 964 artis
309 905 432 962 liberalis
446 913 478 961 ut
492 904 621 974 domina,
636 914 665 961 et
680 921 741 962 non
761 904 849 962 debet
865 900 1044 961 adinventis⁸
1058 901 1171 978 regulis
1184 898 1274 959 hum·

227 1004 303 1060 nitus
326 1003 485 1077 subjacere,
511 1002 563 1060 sed
587 1003 714 1077 supponi
738 1001 768 1058 in
792 1002 909 1059 veritate
935 999 1109 1071 sententiae,
1136 1001 1168 1058 in
1191 997 1275 1057 forna

226 1101 381 1159 verbomm
395 1110 424 1157 et
439 1099 535 1175 logica
554 1098 726 1174 praecellere
745 1100 901 1175 scripturas
919 1098 990 1156 alias
1009 1097 1275 1175 qualescunqueet

227 1199 359 1256 veritates
380 1199 591 1256 necessariores
612 1198 707 1273 magis
731 1197 902 1272 exprimere,
927 1196 989 1255 illas
1014 1207 1118 1255 autem
1143 1197 1275 1262 veritates.

227 1314 302 1373 quae
322 1313 383 1354 non
402 1306 468 1354 sunt
487 1297 527 1353 ita
545 1295 628 1353 utiles
647 1295 685 1353 ad
703 1294 919 1364 beatitudinem,
934 1294 1029 1369 magis
1047 1295 1275 1362 absconderem

227 1395 430 1471 quascunque⁴
451 1393 631 1452 difficultates
652 1411 724 1469 quas
745 1393 882 1469 implicat,
902 1401 934 1450 ut
951 1391 1136 1468 Augustinus
1157 1387 1276 1457 edoceri

228 1491 266 1549 ad
280 1493 448 1550 exercitium
468 1493 647 1549 meritorium
661 1487 772 1568 ipsam⁰
786 1490 942 1550 studentisl
952 1489 1100 1549 humiliter
1113 1509 1154 1549 ex
1168 1490 1276 1550 ordina·

228 1591 307 1648 tione
323 1589 422 1648 Sancti
438 1589 560 1665 Spiritus
580 1589 683 1647 dicitur
701 1590 859 1660 continere,
873 1588 943 1664 quia
962 1588 1010 1647 illa
1030 1598 1075 1647 est
1090 1589 1197 1665 regina
1209 1603 1275 1664 quae

228 1687 382 1763 loquitur⁸:
403 1689 465 1763 ‘qui
477 1687 622 1746 elucidant
633 1706 689 1757 me,
701 1687 789 1744 vitam
800 1696 948 1744 aeternam
959 1685 1128 1745 habebunt’
1158 1684 1276 1764 Expedit

228 1797 325 1845 autem
346 1804 400 1862 pro
422 1785 571 1844 habenda⁹
592 1784 759 1860 hujusmodi
781 1785 938 1860 scripturae
958 1784 1069 1854 notitia,
1085 1785 1171 1860 quod
1191 1784 1277 1844 fidelis

228 1885 258 1943 in
273 1894 352 1943 recta
366 1884 463 1960 logica
477 1895 505 1942 et
520 1883 706 1960 philosophia
725 1882 865 1958 depurata
878 1901 896 1940 a
909 1881 1041 1940 Domino
1060 1882 1099 1940 sit
1117 1883 1276 1952 instructus,

227 1991 260 2040 ut
280 1981 389 2040 dictum
411 1994 454 2040 est
475 1981 544 2040 alias
565 1980 601 2039 de
618 1992 763 2039 armatura
784 1980 942 2057 multiplici,
957 1998 1015 2056 qua
1035 1990 1221 2040 armarentur
1239 1980 1278 2040 sui

230 2079 356 2137 cultores
372 2089 473 2136 contra
488 2078 672 2154 discipulos¹⁰
686 2077 851 2136 antichristi.
893 2077 997 2135 Primo
1009 2077 1091 2153 quod
1106 2079 1280 2138 instnrantur

229 2179 259 2234 in
283 2188 361 2235 recta
389 2178 530 2236 sententia
559 2178 594 2236 de
624 2176 839 2235 universalibus.
891 2176 982 2235 Tales
1006 2177 1086 2234 enim
1111 2177 1279 2253 colligentes

229 2292 331 2333 sensus
345 2292 414 2332 suos
429 2276 466 2333 ad
480 2275 651 2333 universalia
664 2293 758 2351 panca
776 2275 942 2350 respiciunt,
956 2285 986 2333 et
999 2275 1086 2333 verba
1100 2293 1154 2334 sua
1168 2276 1280 2353 impug-

230 2371 360 2431 nantur¹¹
388 2382 416 2430 et
444 2372 480 2431 de
509 2374 562 2431 levi
590 2374 794 2449 pronunciant.
841 2370 964 2430 Secundo
991 2371 1072 2448 quod
1100 2381 1280 2448 cognoscant

230 2471 390 2529 secundum
412 2482 520 2529 rectam
546 2471 765 2546 metaphisicam
790 2471 906 2529 scholae
931 2468 1046 2540 Christi,
1069 2471 1222 2529 veritatem
1246 2471 1280 2528 de

230 2570 387 2644 quidditate
403 2570 541 2643 temporis
555 2579 582 2626 et
603 2569 724 2627 aliorum
745 2569 945 2638 accidentium,
961 2569 1114 2645 quomodo
1134 2588 1198 2627 non
1218 2579 1281 2627 sunt

229 2668 284 2723 nisi
310 2666 515 2741 dispositiones
541 2668 672 2742 subjecto
697 2685 751 2724 suo
775 2666 930 2726 formaliter
950 2667 1142 2727 inhaerentes.
1190 2667 1281 2726 Tertio

229 2763 309 2837 quod
335 2775 523 2838 cognoscant,
546 2765 625 2840 quod
651 2764 730 2840 apud
751 2764 848 2822 Deum
873 2775 901 2822 et
926 2765 1060 2823 homines
1084 2768 1186 2825 omnia
1209 2785 1281 2843 quae

229 2860 343 2918 suerunt
371 2863 415 2919 vel
444 2873 534 2932 erunt,
565 2873 633 2920 sunt
665 2864 694 2919 in
728 2881 836 2937 magno
865 2874 996 2939 tempore
1024 2864 1078 2922 sibi
1111 2868 1282 2940 praesentia

232 2957 338 3043 Quarto
363 2959 442 3034 quod
464 2970 654 3035 cognoscant,
677 2960 759 3034 quod
780 2970 926 3018 creaturae
949 2960 1058 3019 habent
1079 2962 1110 3018 in
1130 2960 1198 3021 Deo
1220 2981 1282 3022 esse

229 3056 320 3114 ideale
340 3067 496 3126 aeternum,
514 3059 697 3115 existentiam
717 3059 748 3115 in
767 3076 821 3116 suo
841 3077 948 3133 genere
968 3060 1148 3117 aeternaliter
1167 3071 1282 3119 antece·

229 3153 309 3213 dens.
351 3155 389 3212 Et
410 3158 505 3230 quinto
528 3156 609 3230 quod
633 3167 814 3230 cognoscant
835 3157 1013 3215 materialem
1038 3159 1196 3217 essentiam
1220 3178 1282 3218 esse

228 3264 406 3328 perpetuam,
422 3264 449 3310 et
466 3253 574 3312 formas
589 3254 749 3312 materiales
764 3272 829 3312 esse
843 3255 906 3330 ejus
921 3254 1134 3329 dispositiones,
1145 3255 1213 3316 licet
1227 3259 1284 3316 sint

229 3352 391 3426 specierum
410 3362 439 3409 ct
457 3369 597 3426 generum
616 3352 798 3427 quidditates.
844 3353 881 3410 Et
895 3353 972 3411 istud
987 3362 1066 3428 patet
1082 3371 1151 3411 cum
1165 3355 1284 3413 distinc-

229 3449 355 3507 tionibus
371 3450 432 3507 aliis
444 3468 561 3507 sensum
574 3451 731 3525 scripturae
742 3450 930 3525 multiplicem
942 3451 1061 3525 aperire.
1097 3450 1156 3509 Sed
1167 3455 1236 3529 quia
1247 3453 1282 3511 de

229 3547 365 3604 omnibus
381 3548 489 3606 dictum
504 3558 547 3605 est
562 3548 768 3622 particulariter
786 3558 814 3605 et
834 3548 937 3606 diffuse
956 3549 1031 3617 alibi,
1046 3549 1176 3608 tollendo
1196 3552 1282 3626 parti·

229 3642 339 3701 culares
367 3645 500 3719 objectus
526 3644 618 3702 sactos
642 3647 680 3702 ab
707 3646 805 3703 insciis
834 3656 936 3703 contra
964 3646 1135 3722 scripturam
1159 3667 1282 3719 sacram,

262 3837 270 3865 ¹
288 3838 405 3901 superba]
419 3839 539 3902 superbia,
554 3839 646 3888 A.B.C.
659 3840 697 3888 ed.
711 3855 746 3903 pr.
844 3839 854 3867 ²
871 3839 958 3903 trahit]
971 3839 1102 3896 subtrahit,
1112 3842 1141 3890 B.
1216 3843 1225 3869 ³
1241 3843 1283 3891 ad-

228 3902 345 3965 inventis]
355 3904 388 3952 ab
396 3904 507 3959 inventis,
515 3904 553 3952 ed.
562 3920 599 3967 pr.
664 3905 673 3931 ⁴
685 3905 853 3968 quascunque]
862 3904 1049 3970 qualescunque,
1059 3907 1091 3954 A.
1157 3907 1167 3935 ⁵
1181 3908 1281 3972 edocet]

229 3967 308 4022 docet,
321 3968 359 4016 ed.
372 3984 409 4032 pr.
579 3969 588 3997 ⁰
605 3970 696 4044 ipsam]
710 3971 798 4033 ipsum,
810 3971 849 4019 ed.
861 3987 897 4036 pr.
1062 3970 1072 3999 l
1089 3972 1222 4037 studentis]
1232 3982 1281 4023 stu·

229 4032 322 4087 dentes,
334 4035 365 4080 A.
531 4034 541 4063 ⁸
558 4034 677 4098 loqrutur]
689 4034 798 4098 loquitur
810 4035 975 4084 Ecclesiastici
987 4036 1059 4091 xxiv„
1073 4037 1165 4088 A.B.C.
1178 4039 1217 4088 ed.
1229 4054 1281 4103 pr.;

229 4097 259 4146 cs.
271 4098 347 4147 Sirac.
360 4098 424 4146 xxiv.
646 4100 656 4128 ⁰
673 4116 719 4164 pro
731 4100 856 4163 habenda]
869 4100 999 4165 profunda,
1012 4102 1039 4150 B.
1052 4103 1174 4152 secundae
1186 4120 1281 4153 manns.

229 4162 248 4190 ¹⁰
264 4163 410 4227 discipulos]
423 4164 539 4219 discolos»,
552 4165 580 4213 B.
593 4164 687 4227 primae
698 4181 793 4219 manus.
804 4165 844 4214 ed.
855 4181 893 4230 pr.
1057 4167 1075 4198 ¹¹
1093 4168 1282 4233 impugnantur]

209 4278 211 4289 Ι
229 4226 382 4290 impugnant,
396 4227 425 4276 C.
