2864 4836
81 456 172 495 cunm
445 431 787 495 TRIALOGUS.

82 597 181 668 tentia,
203 597 270 657 lieet
292 595 438 656 Avr'cenna
460 606 489 657 et
510 597 620 674 priores
641 596 833 675 philosophi¹,
854 614 930 675 quos
950 596 1138 657 nominamus

82 693 256 767 haereticos,
270 697 366 772 ipsam
384 705 546 754 tenuerunt.
589 694 668 767 Quia
686 697 760 756 sicut
779 696 811 754 in
832 695 952 754 materia
972 694 1025 754 de²
1042 713 1138 754 sacra·

83 803 185 852 mento
199 792 296 852 altaris
312 794 409 871 plures
430 792 504 853 ultra
524 792 582 852 hoc
596 794 678 871 quod
699 768 893 870 cognoscunt,
908 792 1080 864 balbutiunt,
1096 792 1138 852 sic

83 892 116 950 in
127 890 176 949 illa
188 891 326 965 materia;
348 891 448 951 dicunt
457 892 544 963 enim,
558 891 641 969 quod
651 901 823 951 consecrata
832 890 929 951 hostia
943 901 988 951 est
1002 891 1138 952 accidens

83 990 149 1049 siue
162 991 304 1068 subject0,
319 999 460 1049 ettamen
478 989 536 1049 hoc
550 1008 611 1049 non
625 998 749 1066 possunt
762 988 937 1066 intelligere3
959 1000 988 1049 et
1002 991 1044 1049 sic
1063 988 1138 1048 affir-

83 1098 168 1147 mant
180 1104 257 1165 quae
270 1105 333 1147 non
348 1097 472 1165 possunt
491 1087 647 1165 concipere
663 1105 719 1147 nec
732 1086 814 1146 Deus
828 1088 909 1165 ipsos
923 1088 1038 1159 docere,
1053 1097 1083 1147 et
1096 1088 1139 1147 sic

83 1186 204 1246 indubie
225 1185 297 1246 salse
316 1186 484 1262 concipiunt
504 1195 533 1244 et
552 1185 680 1257 indocte,
702 1204 770 1245 cum
788 1184 871 1246 Deus
893 1185 998 1246 doceat
1018 1203 1138 1246 omnem

83 1285 234 1344 veritatem
254 1292 284 1343 et
304 1283 399 1344 solum
419 1284 498 1343 iliam
518 1299 608 1360 quarn
629 1283 691 1361 ipse
711 1301 827 1361 semper
847 1283 978 1362 intelligit
999 1295 1028 1345 et
1042 1294 1140 1362 potest

84 1381 182 1443 facere
196 1383 278 1459 ipsos
291 1381 449 1459 intelligere
462 1381 508 1442 vel
520 1382 597 1441 intus
611 1382 708 1458 legere
721 1382 751 1441 in
764 1381 838 1442 libro
852 1384 934 1441 vitae.

119 1566 129 1642 f
145 1564 240 1642 priores
248 1559 835 1678 philosophraplurosalliphilosoghiprioresed
843 1579 892 1629 pr.;
904 1563 1033 1629 plurosalii
1041 1562 1140 1630 plurimi

84 1630 230 1698 philosophi
237 1629 338 1696 priores.
346 1628 378 1679 Α.
402 1658 409 1679 ι
507 1629 636 1679 'mutent
663 1627 690 1694 e]
702 1644 752 1678 om.
764 1629 827 1679 ΑΒ.
