<?xml version="1.0" encoding="UTF-8"?>
<!DOCTYPE html PUBLIC "-//W3C//DTD XHTML 1.0 Transitional//EN"
    "http://www.w3.org/TR/xhtml1/DTD/xhtml1-transitional.dtd">
<html xmlns="http://www.w3.org/1999/xhtml" xml:lang="en" lang="en">
 <head>
  <title>
</title>
<meta http-equiv="Content-Type" content="text/html;charset=utf-8" />
  <meta name='ocr-system' content='tesseract 3.04.00' />
  <meta name='ocr-capabilities' content='ocr_page ocr_carea ocr_par ocr_line ocrx_word'/>
</head>
<body>
  <div class='ocr_page' id='page_1' title='image "./trialoguscumsup00lechgoog_0464.png"; bbox 0 0 2864 4836; ppageno 0'>
   <div class='ocr_carea' id='block_1_1' title="bbox 84 461 1018 539">
    <p class='ocr_par' dir='ltr' id='par_1_1' title="bbox 84 461 1018 539">
     <span class='ocr_line' id='line_1_1' title="bbox 84 461 1018 539; baseline -0.007 -7"><span class='ocrx_word' id='word_1_1' title='bbox 84 495 165 539; x_wconf 61' lang='lat' dir='ltr'><strong>crea</strong></span> <span class='ocrx_word' id='word_1_2' title='bbox 206 461 694 532; x_wconf 81' lang='lat' dir='ltr'><em>SUPPLEMENTUM</em></span> <span class='ocrx_word' id='word_1_3' title='bbox 724 463 1018 526; x_wconf 83' lang='lat' dir='ltr'><em>TRIALOGI.</em></span> 
     </span>
    </p>
   </div>
   <div class='ocr_carea' id='block_1_2' title="bbox 85 626 1147 2946">
    <p class='ocr_par' dir='ltr' id='par_1_2' title="bbox 85 626 1147 2946">
     <span class='ocr_line' id='line_1_2' title="bbox 86 626 1136 710; baseline -0.006 -19"><span class='ocrx_word' id='word_1_4' title='bbox 86 631 124 692; x_wconf 92' lang='lat' dir='ltr'><strong>de</strong></span> <span class='ocrx_word' id='word_1_5' title='bbox 145 633 366 710; x_wconf 85' lang='lat' dir='ltr'><strong>quibuscunque</strong></span> <span class='ocrx_word' id='word_1_6' title='bbox 387 633 497 702; x_wconf 90' lang='lat' dir='ltr'><strong>ritibus,</strong></span> <span class='ocrx_word' id='word_1_7' title='bbox 516 631 567 707; x_wconf 90' lang='lat' dir='ltr'><strong>qui</strong></span> <span class='ocrx_word' id='word_1_8' title='bbox 587 629 761 689; x_wconf 85' lang='lat' dir='ltr'>electionem</span> <span class='ocrx_word' id='word_1_9' title='bbox 781 627 869 686; x_wconf 90' lang='lat' dir='ltr'><strong>talem</strong></span> <span class='ocrx_word' id='word_1_10' title='bbox 888 626 1076 698; x_wconf 80' lang='lat' dir='ltr'><strong>induxerint¹‚</strong></span> <span class='ocrx_word' id='word_1_11' title='bbox 1091 628 1136 687; x_wconf 90' lang='lat' dir='ltr'><strong>vel</strong></span> 
     </span>
     <span class='ocr_line' id='line_1_3' title="bbox 87 724 1137 806; baseline -0.006 -16"><span class='ocrx_word' id='word_1_12' title='bbox 87 730 196 790; x_wconf 88' lang='lat' dir='ltr'>directe</span> <span class='ocrx_word' id='word_1_13' title='bbox 210 731 248 790; x_wconf 88' lang='lat' dir='ltr'><strong>ad</strong></span> <span class='ocrx_word' id='word_1_14' title='bbox 262 731 476 790; x_wconf 88' lang='lat' dir='ltr'><strong>nominandum</strong></span> <span class='ocrx_word' id='word_1_15' title='bbox 491 730 588 806; x_wconf 90' lang='lat' dir='ltr'><strong>ipsum</strong></span> <span class='ocrx_word' id='word_1_16' title='bbox 607 728 751 787; x_wconf 87' lang='lat' dir='ltr'>celebrem</span> <span class='ocrx_word' id='word_1_17' title='bbox 769 724 845 784; x_wconf 91' lang='lat' dir='ltr'><strong>hanc</strong></span> <span class='ocrx_word' id='word_1_18' title='bbox 866 725 1009 785; x_wconf 82' lang='lat' dir='ltr'><strong>cautelam</strong></span> <span class='ocrx_word' id='word_1_19' title='bbox 1028 726 1137 785; x_wconf 89' lang='lat' dir='ltr'><strong>diaboli</strong></span> 
     </span>
     <span class='ocr_line' id='line_1_4' title="bbox 85 823 1138 889; baseline -0.005 -1"><span class='ocrx_word' id='word_1_20' title='bbox 85 828 282 889; x_wconf 87' lang='lat' dir='ltr'><strong>introducunt.</strong></span> <span class='ocrx_word' id='word_1_21' title='bbox 337 827 426 889; x_wconf 92' lang='lat' dir='ltr'>Unde</span> <span class='ocrx_word' id='word_1_22' title='bbox 454 829 528 888; x_wconf 90' lang='lat' dir='ltr'><strong>sicut</strong></span> <span class='ocrx_word' id='word_1_23' title='bbox 555 825 751 886; x_wconf 87' lang='lat' dir='ltr'><strong>antichristina</strong></span> <span class='ocrx_word' id='word_1_24' title='bbox 776 825 824 883; x_wconf 87' lang='lat' dir='ltr'><strong>lex</strong></span> <span class='ocrx_word' id='word_1_25' title='bbox 857 841 920 882; x_wconf 91' lang='lat' dir='ltr'><strong>uon</strong></span> <span class='ocrx_word' id='word_1_26' title='bbox 947 823 997 882; x_wconf 91' lang='lat' dir='ltr'><strong>dat</strong></span> <span class='ocrx_word' id='word_1_27' title='bbox 1024 824 1138 883; x_wconf 90' lang='lat' dir='ltr'><strong>titulum</strong></span> 
     </span>
     <span class='ocr_line' id='line_1_5' title="bbox 91 921 1138 1004; baseline -0.006 -18"><span class='ocrx_word' id='word_1_28' title='bbox 91 925 214 999; x_wconf 81' lang='lat' dir='ltr'><strong>Urbano,</strong></span> <span class='ocrx_word' id='word_1_29' title='bbox 236 927 288 987; x_wconf 90' lang='lat' dir='ltr'><strong>sed</strong></span> <span class='ocrx_word' id='word_1_30' title='bbox 308 944 362 986; x_wconf 90' lang='lat' dir='ltr'><strong>sna</strong></span> <span class='ocrx_word' id='word_1_31' title='bbox 382 944 472 1004; x_wconf 90' lang='lat' dir='ltr'><strong>opera</strong></span> <span class='ocrx_word' id='word_1_32' title='bbox 493 926 626 995; x_wconf 87' lang='lat' dir='ltr'><strong>virtuosa,</strong></span> <span class='ocrx_word' id='word_1_33' title='bbox 648 923 691 983; x_wconf 93' lang='lat' dir='ltr'><strong>sic</strong></span> <span class='ocrx_word' id='word_1_34' title='bbox 711 922 758 982; x_wconf 87' lang='lat' dir='ltr'><strong>lex</strong></span> <span class='ocrx_word' id='word_1_35' title='bbox 779 921 895 999; x_wconf 87' lang='lat' dir='ltr'><strong>palliata</strong></span> <span class='ocrx_word' id='word_1_36' title='bbox 914 923 1057 998; x_wconf 86' lang='lat' dir='ltr'><strong>posterius</strong></span> <span class='ocrx_word' id='word_1_37' title='bbox 1076 941 1138 981; x_wconf 90' lang='lat' dir='ltr'><strong>non</strong></span> 
     </span>
     <span class='ocr_line' id='line_1_6' title="bbox 87 1020 1138 1098; baseline -0.007 -12"><span class='ocrx_word' id='word_1_38' title='bbox 87 1026 138 1086; x_wconf 88' lang='lat' dir='ltr'><strong>dat</strong></span> <span class='ocrx_word' id='word_1_39' title='bbox 151 1023 273 1084; x_wconf 81' lang='lat' dir='ltr'><strong>Roberto</strong></span> <span class='ocrx_word' id='word_1_40' title='bbox 293 1026 439 1085; x_wconf 90' lang='lat' dir='ltr'><strong>contrario</strong></span> <span class='ocrx_word' id='word_1_41' title='bbox 460 1023 581 1095; x_wconf 89' lang='lat' dir='ltr'><strong>titulum,</strong></span> <span class='ocrx_word' id='word_1_42' title='bbox 596 1033 628 1082; x_wconf 91' lang='lat' dir='ltr'><strong>ut</strong></span> <span class='ocrx_word' id='word_1_43' title='bbox 648 1023 685 1081; x_wconf 91' lang='lat' dir='ltr'><strong>sit</strong></span> <span class='ocrx_word' id='word_1_44' title='bbox 705 1040 791 1098; x_wconf 88' lang='lat' dir='ltr'><strong>papa,</strong></span> <span class='ocrx_word' id='word_1_45' title='bbox 811 1020 863 1080; x_wconf 89' lang='lat' dir='ltr'><strong>sed</strong></span> <span class='ocrx_word' id='word_1_46' title='bbox 885 1039 937 1080; x_wconf 89' lang='lat' dir='ltr'><strong>sua</strong></span> <span class='ocrx_word' id='word_1_47' title='bbox 958 1022 1138 1080; x_wconf 88' lang='lat' dir='ltr'><strong>conversatio</strong></span> 
     </span>
     <span class='ocr_line' id='line_1_7' title="bbox 87 1119 1137 1201; baseline -0.005 -18"><span class='ocrx_word' id='word_1_48' title='bbox 87 1123 196 1201; x_wconf 90' lang='lat' dir='ltr'><strong>injusta</strong></span> <span class='ocrx_word' id='word_1_49' title='bbox 222 1134 252 1183; x_wconf 91' lang='lat' dir='ltr'><strong>et</strong></span> <span class='ocrx_word' id='word_1_50' title='bbox 279 1123 364 1200; x_wconf 88' lang='lat' dir='ltr'>plene</span> <span class='ocrx_word' id='word_1_51' title='bbox 393 1122 538 1183; x_wconf 88' lang='lat' dir='ltr'><strong>diabolica</strong></span> <span class='ocrx_word' id='word_1_52' title='bbox 564 1122 661 1198; x_wconf 90' lang='lat' dir='ltr'><strong>ipsum</strong></span> <span class='ocrx_word' id='word_1_53' title='bbox 693 1119 821 1179; x_wconf 87' lang='lat' dir='ltr'><strong>ostendit</strong></span> <span class='ocrx_word' id='word_1_54' title='bbox 848 1119 1036 1194; x_wconf 90' lang='lat' dir='ltr'><strong>praecipuum</strong></span> <span class='ocrx_word' id='word_1_55' title='bbox 1064 1120 1137 1178; x_wconf 90' lang='lat' dir='ltr'><strong>anti·</strong></span> 
     </span>
     <span class='ocr_line' id='line_1_8' title="bbox 88 1213 1139 1298; baseline -0.005 -17"><span class='ocrx_word' id='word_1_56' title='bbox 88 1221 236 1282; x_wconf 88' lang='lat' dir='ltr'><strong>christum.</strong></span> <span class='ocrx_word' id='word_1_57' title='bbox 277 1220 351 1281; x_wconf 92' lang='lat' dir='ltr'><strong>Ideo</strong></span> <span class='ocrx_word' id='word_1_58' title='bbox 369 1221 419 1298; x_wconf 90' lang='lat' dir='ltr'><strong>qui</strong></span> <span class='ocrx_word' id='word_1_59' title='bbox 438 1215 576 1280; x_wconf 86' lang='lat' dir='ltr'><strong>noluerit¹</strong></span> <span class='ocrx_word' id='word_1_60' title='bbox 595 1218 744 1296; x_wconf 92' lang='lat' dir='ltr'><strong>praedicto</strong></span> <span class='ocrx_word' id='word_1_61' title='bbox 763 1216 903 1275; x_wconf 89' lang='lat' dir='ltr'><strong>mandato</strong></span> <span class='ocrx_word' id='word_1_62' title='bbox 918 1213 1055 1276; x_wconf 86' lang='lat' dir='ltr'><strong>Domini³</strong></span> <span class='ocrx_word' id='word_1_63' title='bbox 1068 1219 1139 1277; x_wconf 90' lang='lat' dir='ltr'><strong>obe-</strong></span> 
     </span>
     <span class='ocr_line' id='line_1_9' title="bbox 88 1316 1140 1395; baseline -0.004 -15"><span class='ocrx_word' id='word_1_64' title='bbox 88 1319 159 1391; x_wconf 91' lang='lat' dir='ltr'><strong>dire,</strong></span> <span class='ocrx_word' id='word_1_65' title='bbox 181 1319 290 1379; x_wconf 87' lang='lat' dir='ltr'><strong>‘nolite</strong></span> <span class='ocrx_word' id='word_1_66' title='bbox 314 1317 450 1389; x_wconf 87' lang='lat' dir='ltr'><strong>credere,&#39;</strong></span> <span class='ocrx_word' id='word_1_67' title='bbox 475 1318 557 1395; x_wconf 91' lang='lat' dir='ltr'><strong>quod</strong></span> <span class='ocrx_word' id='word_1_68' title='bbox 577 1316 649 1377; x_wconf 89' lang='lat' dir='ltr'><strong>alter</strong></span> <span class='ocrx_word' id='word_1_69' title='bbox 672 1317 793 1376; x_wconf 86' lang='lat' dir='ltr'><strong>istorum</strong></span> <span class='ocrx_word' id='word_1_70' title='bbox 817 1317 854 1376; x_wconf 93' lang='lat' dir='ltr'><strong>sit</strong></span> <span class='ocrx_word' id='word_1_71' title='bbox 875 1332 961 1391; x_wconf 87' lang='lat' dir='ltr'><strong>papa,</strong></span> <span class='ocrx_word' id='word_1_72' title='bbox 982 1325 1012 1374; x_wconf 96' lang='lat' dir='ltr'><strong>et</strong></span> <span class='ocrx_word' id='word_1_73' title='bbox 1033 1317 1140 1376; x_wconf 89' lang='lat' dir='ltr'><strong>‘nolite</strong></span> 
     </span>
     <span class='ocr_line' id='line_1_10' title="bbox 89 1414 1140 1492; baseline -0.003 -14"><span class='ocrx_word' id='word_1_74' title='bbox 89 1419 178 1479; x_wconf 84' lang='lat' dir='ltr'><strong>abire&#39;</strong></span> <span class='ocrx_word' id='word_1_75' title='bbox 189 1416 227 1478; x_wconf 89' lang='lat' dir='ltr'><strong>ad</strong></span> <span class='ocrx_word' id='word_1_76' title='bbox 240 1417 315 1477; x_wconf 90' lang='lat' dir='ltr'><strong>filios</strong></span> <span class='ocrx_word' id='word_1_77' title='bbox 328 1417 467 1477; x_wconf 89' lang='lat' dir='ltr'><strong>ecclesiae</strong></span> <span class='ocrx_word' id='word_1_78' title='bbox 481 1415 686 1485; x_wconf 88' lang='lat' dir='ltr'><strong>occidendum,</strong></span> <span class='ocrx_word' id='word_1_79' title='bbox 697 1424 741 1474; x_wconf 89' lang='lat' dir='ltr'><strong>est</strong></span> <span class='ocrx_word' id='word_1_80' title='bbox 754 1414 843 1492; x_wconf 90' lang='lat' dir='ltr'><strong>longe</strong></span> <span class='ocrx_word' id='word_1_81' title='bbox 854 1414 1024 1492; x_wconf 88' lang='lat' dir='ltr'><strong>culpabilior</strong></span> <span class='ocrx_word' id='word_1_82' title='bbox 1037 1426 1140 1475; x_wconf 88' lang='lat' dir='ltr'><strong>sancto</strong></span> 
     </span>
     <span class='ocr_line' id='line_1_11' title="bbox 89 1511 1141 1592; baseline -0.003 -16"><span class='ocrx_word' id='word_1_83' title='bbox 89 1514 186 1576; x_wconf 87' lang='lat' dir='ltr'><strong>Petro.</strong></span> <span class='ocrx_word' id='word_1_84' title='bbox 228 1514 267 1574; x_wconf 87' lang='lat' dir='ltr'><strong>Et</strong></span> <span class='ocrx_word' id='word_1_85' title='bbox 290 1515 368 1575; x_wconf 91' lang='lat' dir='ltr'><strong>idem</strong></span> <span class='ocrx_word' id='word_1_86' title='bbox 391 1523 434 1574; x_wconf 86' lang='lat' dir='ltr'><strong>est</strong></span> <span class='ocrx_word' id='word_1_87' title='bbox 456 1513 605 1592; x_wconf 88' lang='lat' dir='ltr'><strong>judicium,</strong></span> <span class='ocrx_word' id='word_1_88' title='bbox 627 1513 653 1570; x_wconf 85' lang='lat' dir='ltr'><strong>si</strong></span> <span class='ocrx_word' id='word_1_89' title='bbox 676 1511 813 1572; x_wconf 85' lang='lat' dir='ltr'><strong>succedat</strong></span> <span class='ocrx_word' id='word_1_90' title='bbox 833 1512 961 1573; x_wconf 90' lang='lat' dir='ltr'><strong>haeresis</strong></span> <span class='ocrx_word' id='word_1_91' title='bbox 982 1514 1013 1572; x_wconf 91' lang='lat' dir='ltr'><strong>in</strong></span> <span class='ocrx_word' id='word_1_92' title='bbox 1035 1513 1141 1586; x_wconf 85' lang='lat' dir='ltr'><strong>futuro,</strong></span> 
     </span>
     <span class='ocr_line' id='line_1_12' title="bbox 90 1611 1142 1694; baseline -0.003 -19"><span class='ocrx_word' id='word_1_93' title='bbox 90 1615 173 1694; x_wconf 89' lang='lat' dir='ltr'><strong>qnod</strong></span> <span class='ocrx_word' id='word_1_94' title='bbox 187 1615 251 1674; x_wconf 82' lang='lat' dir='ltr'><strong>talia</strong></span> <span class='ocrx_word' id='word_1_95' title='bbox 265 1632 343 1691; x_wconf 90' lang='lat' dir='ltr'><strong>papa</strong></span> <span class='ocrx_word' id='word_1_96' title='bbox 356 1623 402 1673; x_wconf 92' lang='lat' dir='ltr'><strong>est</strong></span> <span class='ocrx_word' id='word_1_97' title='bbox 414 1613 515 1672; x_wconf 84' lang='lat' dir='ltr'><strong>Frater</strong></span> <span class='ocrx_word' id='word_1_98' title='bbox 528 1613 624 1671; x_wconf 91' lang='lat' dir='ltr'><strong>minor</strong></span> <span class='ocrx_word' id='word_1_99' title='bbox 634 1611 679 1670; x_wconf 89' lang='lat' dir='ltr'><strong>vel</strong></span> <span class='ocrx_word' id='word_1_100' title='bbox 695 1611 767 1671; x_wconf 90' lang='lat' dir='ltr'><strong>alius</strong></span> <span class='ocrx_word' id='word_1_101' title='bbox 782 1614 858 1671; x_wconf 89' lang='lat' dir='ltr'><strong>non⁴</strong></span> <span class='ocrx_word' id='word_1_102' title='bbox 871 1612 1040 1689; x_wconf 86' lang='lat' dir='ltr'><strong>ponderans</strong></span> <span class='ocrx_word' id='word_1_103' title='bbox 1053 1613 1142 1672; x_wconf 86' lang='lat' dir='ltr'><strong>vitam</strong></span> 
     </span>
     <span class='ocr_line' id='line_1_13' title="bbox 90 1708 1142 1785; baseline -0.004 -10"><span class='ocrx_word' id='word_1_104' title='bbox 90 1731 184 1784; x_wconf 75' lang='lat' dir='ltr'><strong>suam</strong></span> <span class='ocrx_word' id='word_1_105' title='bbox 209 1712 262 1772; x_wconf 88' lang='lat' dir='ltr'><strong>sed</strong></span> <span class='ocrx_word' id='word_1_106' title='bbox 285 1713 384 1771; x_wconf 86' lang='lat' dir='ltr'><strong>vivens</strong></span> <span class='ocrx_word' id='word_1_107' title='bbox 413 1711 539 1770; x_wconf 90' lang='lat' dir='ltr'><strong>solitarie</strong></span> <span class='ocrx_word' id='word_1_108' title='bbox 563 1719 595 1768; x_wconf 91' lang='lat' dir='ltr'><strong>ut</strong></span> <span class='ocrx_word' id='word_1_109' title='bbox 618 1708 759 1785; x_wconf 88' lang='lat' dir='ltr'><strong>Baptista,</strong></span> <span class='ocrx_word' id='word_1_110' title='bbox 784 1711 830 1769; x_wconf 89' lang='lat' dir='ltr'><strong>vel</strong></span> <span class='ocrx_word' id='word_1_111' title='bbox 852 1711 992 1770; x_wconf 87' lang='lat' dir='ltr'><strong>inhabitat</strong></span> <span class='ocrx_word' id='word_1_112' title='bbox 1016 1722 1142 1771; x_wconf 87' lang='lat' dir='ltr'><strong>castrum</strong></span> 
     </span>
     <span class='ocr_line' id='line_1_14' title="bbox 90 1806 1142 1872; baseline -0.004 0"><span class='ocrx_word' id='word_1_113' title='bbox 90 1810 266 1872; x_wconf 89' lang='lat' dir='ltr'><strong>tutissimum</strong></span> <span class='ocrx_word' id='word_1_114' title='bbox 286 1819 319 1869; x_wconf 93' lang='lat' dir='ltr'><strong>ut</strong></span> <span class='ocrx_word' id='word_1_115' title='bbox 340 1808 442 1869; x_wconf 92' lang='lat' dir='ltr'><strong>sedem</strong></span> <span class='ocrx_word' id='word_1_116' title='bbox 460 1807 671 1867; x_wconf 84' lang='lat' dir='ltr'><strong>Avinonicam¹</strong></span> <span class='ocrx_word' id='word_1_117' title='bbox 691 1808 736 1866; x_wconf 87' lang='lat' dir='ltr'><strong>vel</strong></span> <span class='ocrx_word' id='word_1_118' title='bbox 758 1806 856 1867; x_wconf 92' lang='lat' dir='ltr'><strong>locum</strong></span> <span class='ocrx_word' id='word_1_119' title='bbox 876 1807 965 1868; x_wconf 87' lang='lat' dir='ltr'><strong>alium</strong></span> <span class='ocrx_word' id='word_1_120' title='bbox 986 1811 1142 1868; x_wconf 91' lang='lat' dir='ltr'><strong>nominan-</strong></span> 
     </span>
     <span class='ocr_line' id='line_1_15' title="bbox 91 1905 1142 1982; baseline -0.002 -13"><span class='ocrx_word' id='word_1_121' title='bbox 91 1908 180 1980; x_wconf 78' lang='lat' dir='ltr'><strong>dnm3</strong></span> <span class='ocrx_word' id='word_1_122' title='bbox 210 1908 331 1967; x_wconf 88' lang='lat' dir='ltr'><strong>namin</strong></span> <span class='ocrx_word' id='word_1_123' title='bbox 353 1916 457 1965; x_wconf 90' lang='lat' dir='ltr'><strong>neutro</strong></span> <span class='ocrx_word' id='word_1_124' title='bbox 479 1907 602 1965; x_wconf 84' lang='lat' dir='ltr'><strong>istomm</strong></span> <span class='ocrx_word' id='word_1_125' title='bbox 622 1914 679 1964; x_wconf 90' lang='lat' dir='ltr'><strong>stat</strong></span> <span class='ocrx_word' id='word_1_126' title='bbox 699 1905 814 1976; x_wconf 85' lang='lat' dir='ltr'><strong>vicaria,</strong></span> <span class='ocrx_word' id='word_1_127' title='bbox 834 1923 924 1982; x_wconf 89' lang='lat' dir='ltr'><strong>quam</strong></span> <span class='ocrx_word' id='word_1_128' title='bbox 945 1905 1077 1966; x_wconf 88' lang='lat' dir='ltr'><strong>Christus</strong></span> <span class='ocrx_word' id='word_1_129' title='bbox 1097 1909 1142 1967; x_wconf 93' lang='lat' dir='ltr'><strong>in·</strong></span> 
     </span>
     <span class='ocr_line' id='line_1_16' title="bbox 91 2003 1144 2080; baseline -0.002 -13"><span class='ocrx_word' id='word_1_130' title='bbox 91 2005 191 2076; x_wconf 85' lang='lat' dir='ltr'><strong>stituit,</strong></span> <span class='ocrx_word' id='word_1_131' title='bbox 211 2005 264 2065; x_wconf 91' lang='lat' dir='ltr'><strong>sed</strong></span> <span class='ocrx_word' id='word_1_132' title='bbox 283 2005 313 2063; x_wconf 91' lang='lat' dir='ltr'><strong>in</strong></span> <span class='ocrx_word' id='word_1_133' title='bbox 332 2003 577 2080; x_wconf 87' lang='lat' dir='ltr'><strong>evangelisatione</strong></span> <span class='ocrx_word' id='word_1_134' title='bbox 596 2003 723 2062; x_wconf 87' lang='lat' dir='ltr'><strong>virtuosa</strong></span> <span class='ocrx_word' id='word_1_135' title='bbox 742 2014 771 2062; x_wconf 92' lang='lat' dir='ltr'><strong>et</strong></span> <span class='ocrx_word' id='word_1_136' title='bbox 789 2003 941 2063; x_wconf 89' lang='lat' dir='ltr'><strong>excellenti</strong></span> <span class='ocrx_word' id='word_1_137' title='bbox 960 2006 1144 2065; x_wconf 87' lang='lat' dir='ltr'><strong>observantia</strong></span> 
     </span>
     <span class='ocr_line' id='line_1_17' title="bbox 92 2099 1144 2181; baseline 0 -17"><span class='ocrx_word' id='word_1_138' title='bbox 92 2102 166 2181; x_wconf 86' lang='lat' dir='ltr'><strong>legis</strong></span> <span class='ocrx_word' id='word_1_139' title='bbox 179 2103 252 2175; x_wconf 90' lang='lat' dir='ltr'><strong>Dei;</strong></span> <span class='ocrx_word' id='word_1_140' title='bbox 275 2114 303 2162; x_wconf 92' lang='lat' dir='ltr'><strong>et</strong></span> <span class='ocrx_word' id='word_1_141' title='bbox 317 2120 355 2160; x_wconf 92' lang='lat' dir='ltr'><strong>eo</strong></span> <span class='ocrx_word' id='word_1_142' title='bbox 370 2103 436 2178; x_wconf 90' lang='lat' dir='ltr'><strong>ipso</strong></span> <span class='ocrx_word' id='word_1_143' title='bbox 449 2118 512 2160; x_wconf 92' lang='lat' dir='ltr'><strong>non</strong></span> <span class='ocrx_word' id='word_1_144' title='bbox 526 2100 677 2160; x_wconf 88' lang='lat' dir='ltr'><strong>contendit</strong></span> <span class='ocrx_word' id='word_1_145' title='bbox 693 2099 798 2161; x_wconf 89' lang='lat' dir='ltr'><strong>Christi</strong></span> <span class='ocrx_word' id='word_1_146' title='bbox 813 2102 935 2161; x_wconf 89' lang='lat' dir='ltr'><strong>vicarius</strong></span> <span class='ocrx_word' id='word_1_147' title='bbox 954 2104 1031 2163; x_wconf 90' lang='lat' dir='ltr'><strong>circa</strong></span> <span class='ocrx_word' id='word_1_148' title='bbox 1044 2103 1144 2181; x_wconf 86' lang='lat' dir='ltr'><strong>hujus·</strong></span> 
     </span>
     <span class='ocr_line' id='line_1_18' title="bbox 93 2199 1145 2277; baseline 0.001 -16"><span class='ocrx_word' id='word_1_149' title='bbox 93 2201 176 2261; x_wconf 90' lang='lat' dir='ltr'><strong>modi</strong></span> <span class='ocrx_word' id='word_1_150' title='bbox 199 2200 377 2277; x_wconf 88' lang='lat' dir='ltr'><strong>praelatiam.</strong></span> <span class='ocrx_word' id='word_1_151' title='bbox 420 2199 480 2258; x_wconf 88' lang='lat' dir='ltr'><strong>Sed</strong></span> <span class='ocrx_word' id='word_1_152' title='bbox 501 2217 568 2258; x_wconf 91' lang='lat' dir='ltr'><strong>cum</strong></span> <span class='ocrx_word' id='word_1_153' title='bbox 592 2199 680 2258; x_wconf 92' lang='lat' dir='ltr'><strong>tutior</strong></span> <span class='ocrx_word' id='word_1_154' title='bbox 703 2209 732 2258; x_wconf 97' lang='lat' dir='ltr'><strong>et</strong></span> <span class='ocrx_word' id='word_1_155' title='bbox 756 2200 814 2276; x_wconf 86' lang='lat' dir='ltr'><strong>legi</strong></span> <span class='ocrx_word' id='word_1_156' title='bbox 835 2199 942 2260; x_wconf 90' lang='lat' dir='ltr'><strong>Christi</strong></span> <span class='ocrx_word' id='word_1_157' title='bbox 966 2200 1145 2262; x_wconf 83' lang='lat' dir='ltr'><strong>conformior</strong></span> 
     </span>
     <span class='ocr_line' id='line_1_19' title="bbox 93 2293 1146 2375; baseline 0.002 -16"><span class='ocrx_word' id='word_1_158' title='bbox 93 2299 169 2360; x_wconf 80' lang='lat' dir='ltr'><strong>foret</strong></span> <span class='ocrx_word' id='word_1_159' title='bbox 179 2298 309 2370; x_wconf 89' lang='lat' dir='ltr'><strong>ecclesia,</strong></span> <span class='ocrx_word' id='word_1_160' title='bbox 322 2297 419 2374; x_wconf 90' lang='lat' dir='ltr'><strong>sopito</strong></span> <span class='ocrx_word' id='word_1_161' title='bbox 430 2297 479 2356; x_wconf 89' lang='lat' dir='ltr'><strong>tali</strong></span> <span class='ocrx_word' id='word_1_162' title='bbox 490 2297 610 2356; x_wconf 91' lang='lat' dir='ltr'><strong>nomine</strong></span> <span class='ocrx_word' id='word_1_163' title='bbox 624 2293 735 2373; x_wconf 81' lang='lat' dir='ltr'><strong>papae⁶</strong></span> <span class='ocrx_word' id='word_1_164' title='bbox 749 2314 808 2375; x_wconf 91' lang='lat' dir='ltr'><strong>quo</strong></span> <span class='ocrx_word' id='word_1_165' title='bbox 819 2297 872 2356; x_wconf 86' lang='lat' dir='ltr'><strong>ad¹</strong></span> <span class='ocrx_word' id='word_1_166' title='bbox 882 2299 1034 2373; x_wconf 86' lang='lat' dir='ltr'><strong>mundum,</strong></span> <span class='ocrx_word' id='word_1_167' title='bbox 1046 2301 1146 2361; x_wconf 87' lang='lat' dir='ltr'><strong>fideles</strong></span> 
     </span>
     <span class='ocr_line' id='line_1_20' title="bbox 94 2393 1145 2471; baseline 0.004 -17"><span class='ocrx_word' id='word_1_168' title='bbox 94 2395 267 2455; x_wconf 87' lang='lat' dir='ltr'><strong>electionem</strong></span> <span class='ocrx_word' id='word_1_169' title='bbox 300 2404 328 2454; x_wconf 92' lang='lat' dir='ltr'><strong>et</strong></span> <span class='ocrx_word' id='word_1_170' title='bbox 356 2394 588 2453; x_wconf 88' lang='lat' dir='ltr'><strong>nominationem</strong></span> <span class='ocrx_word' id='word_1_171' title='bbox 615 2393 702 2452; x_wconf 88' lang='lat' dir='ltr'><strong>talem</strong></span> <span class='ocrx_word' id='word_1_172' title='bbox 730 2394 901 2471; x_wconf 81' lang='lat' dir='ltr'><strong>aufugerent</strong></span> <span class='ocrx_word' id='word_1_173' title='bbox 932 2407 965 2455; x_wconf 91' lang='lat' dir='ltr'><strong>ut</strong></span> <span class='ocrx_word' id='word_1_174' title='bbox 991 2415 1145 2458; x_wconf 89' lang='lat' dir='ltr'><strong>venenum.</strong></span> 
     </span>
     <span class='ocr_line' id='line_1_21' title="bbox 94 2491 1145 2573; baseline 0.002 -20"><span class='ocrx_word' id='word_1_175' title='bbox 94 2492 184 2553; x_wconf 91' lang='lat' dir='ltr'><strong>Unde</strong></span> <span class='ocrx_word' id='word_1_176' title='bbox 194 2493 277 2571; x_wconf 90' lang='lat' dir='ltr'><strong>qnod</strong></span> <span class='ocrx_word' id='word_1_177' title='bbox 287 2493 400 2564; x_wconf 91' lang='lat' dir='ltr'><strong>dicitur,</strong></span> <span class='ocrx_word' id='word_1_178' title='bbox 409 2491 557 2569; x_wconf 89' lang='lat' dir='ltr'><strong>quendam</strong></span> <span class='ocrx_word' id='word_1_179' title='bbox 568 2491 698 2551; x_wconf 89' lang='lat' dir='ltr'><strong>Fratrem</strong></span> <span class='ocrx_word' id='word_1_180' title='bbox 708 2493 853 2551; x_wconf 91' lang='lat' dir='ltr'><strong>minorem</strong></span> <span class='ocrx_word' id='word_1_181' title='bbox 864 2493 1145 2573; x_wconf 90' lang='lat' dir='ltr'><strong>electuminpapam</strong></span> 
     </span>
     <span class='ocr_line' id='line_1_22' title="bbox 95 2587 1145 2668; baseline 0.004 -19"><span class='ocrx_word' id='word_1_182' title='bbox 95 2599 220 2650; x_wconf 86' lang='lat' dir='ltr'><strong>statuere</strong></span> <span class='ocrx_word' id='word_1_183' title='bbox 247 2599 277 2649; x_wconf 94' lang='lat' dir='ltr'><strong>et</strong></span> <span class='ocrx_word' id='word_1_184' title='bbox 303 2587 411 2648; x_wconf 89' lang='lat' dir='ltr'><strong>habere</strong></span> <span class='ocrx_word' id='word_1_185' title='bbox 439 2606 494 2666; x_wconf 92' lang='lat' dir='ltr'><strong>pro</strong></span> <span class='ocrx_word' id='word_1_186' title='bbox 521 2588 588 2667; x_wconf 90' lang='lat' dir='ltr'><strong>lege</strong></span> <span class='ocrx_word' id='word_1_187' title='bbox 614 2599 755 2667; x_wconf 89' lang='lat' dir='ltr'><strong>tanquam</strong></span> <span class='ocrx_word' id='word_1_188' title='bbox 777 2590 944 2668; x_wconf 90' lang='lat' dir='ltr'><strong>evangelica</strong></span> <span class='ocrx_word' id='word_1_189' title='bbox 966 2593 1145 2666; x_wconf 86' lang='lat' dir='ltr'><strong>confirmata,</strong></span> 
     </span>
     <span class='ocr_line' id='line_1_23' title="bbox 95 2687 1146 2766; baseline 0.005 -19"><span class='ocrx_word' id='word_1_190' title='bbox 95 2688 178 2766; x_wconf 90' lang='lat' dir='ltr'><strong>quod</strong></span> <span class='ocrx_word' id='word_1_191' title='bbox 191 2688 286 2747; x_wconf 90' lang='lat' dir='ltr'><strong>nullus</strong></span> <span class='ocrx_word' id='word_1_192' title='bbox 300 2687 338 2748; x_wconf 94' lang='lat' dir='ltr'><strong>de</strong></span> <span class='ocrx_word' id='word_1_193' title='bbox 352 2698 449 2747; x_wconf 91' lang='lat' dir='ltr'><strong>cetero</strong></span> <span class='ocrx_word' id='word_1_194' title='bbox 463 2687 586 2765; x_wconf 84' lang='lat' dir='ltr'><strong>eligatur</strong></span> <span class='ocrx_word' id='word_1_195' title='bbox 599 2688 630 2746; x_wconf 93' lang='lat' dir='ltr'><strong>in</strong></span> <span class='ocrx_word' id='word_1_196' title='bbox 641 2705 759 2764; x_wconf 89' lang='lat' dir='ltr'><strong>papam,</strong></span> <span class='ocrx_word' id='word_1_197' title='bbox 768 2689 824 2748; x_wconf 91' lang='lat' dir='ltr'><strong>nisi</strong></span> <span class='ocrx_word' id='word_1_198' title='bbox 834 2688 917 2749; x_wconf 88' lang='lat' dir='ltr'><strong>luerit</strong></span> <span class='ocrx_word' id='word_1_199' title='bbox 928 2689 1028 2750; x_wconf 87' lang='lat' dir='ltr'><strong>Frater</strong></span> <span class='ocrx_word' id='word_1_200' title='bbox 1042 2693 1146 2764; x_wconf 92' lang='lat' dir='ltr'><strong>minor,</strong></span> 
     </span>
     <span class='ocr_line' id='line_1_24' title="bbox 96 2786 1147 2868; baseline 0.005 -20"><span class='ocrx_word' id='word_1_201' title='bbox 96 2786 273 2848; x_wconf 85' lang='lat' dir='ltr'><strong>ostenditur¹</strong></span> <span class='ocrx_word' id='word_1_202' title='bbox 288 2787 402 2848; x_wconf 87' lang='lat' dir='ltr'><strong>cautela</strong></span> <span class='ocrx_word' id='word_1_203' title='bbox 420 2787 581 2848; x_wconf 83' lang='lat' dir='ltr'><strong>antichristi</strong></span> <span class='ocrx_word' id='word_1_204' title='bbox 599 2787 760 2847; x_wconf 91' lang='lat' dir='ltr'><strong>insolubilis</strong></span> <span class='ocrx_word' id='word_1_205' title='bbox 773 2807 825 2866; x_wconf 91' lang='lat' dir='ltr'><strong>per</strong></span> <span class='ocrx_word' id='word_1_206' title='bbox 843 2789 949 2867; x_wconf 83' lang='lat' dir='ltr'><strong>quam¹</strong></span> <span class='ocrx_word' id='word_1_207' title='bbox 963 2793 1072 2868; x_wconf 85' lang='lat' dir='ltr'><strong>posteri</strong></span> <span class='ocrx_word' id='word_1_208' title='bbox 1086 2793 1147 2853; x_wconf 88' lang='lat' dir='ltr'><strong>dia·</strong></span> 
     </span>
     <span class='ocr_line' id='line_1_25' title="bbox 98 2885 384 2946; baseline 0 0"><span class='ocrx_word' id='word_1_209' title='bbox 98 2885 194 2946; x_wconf 92' lang='lat' dir='ltr'><strong>bolice</strong></span> <span class='ocrx_word' id='word_1_210' title='bbox 208 2886 384 2946; x_wconf 86' lang='lat' dir='ltr'><strong>intricentur.</strong></span> 
     </span>
    </p>
   </div>
   <div class='ocr_carea' id='block_1_3' title="bbox 137 2983 1211 3063">
    <p class='ocr_par' dir='ltr' id='par_1_3' title="bbox 137 2983 1211 3063">
     <span class='ocr_line' id='line_1_26' title="bbox 137 2983 1211 3063; baseline 0.007 -21"><span class='ocrx_word' id='word_1_211' title='bbox 137 2983 177 3044; x_wconf 88' lang='lat' dir='ltr'><strong>Et</strong></span> <span class='ocrx_word' id='word_1_212' title='bbox 198 2985 222 3044; x_wconf 88' lang='lat' dir='ltr'><strong>si</strong></span> <span class='ocrx_word' id='word_1_213' title='bbox 244 2985 309 3061; x_wconf 86' lang='lat' dir='ltr'><strong>quis</strong></span> <span class='ocrx_word' id='word_1_214' title='bbox 323 2995 515 3043; x_wconf 88' lang='lat' dir='ltr'><strong>remurmuret</strong></span> <span class='ocrx_word' id='word_1_215' title='bbox 527 2993 630 3043; x_wconf 87' lang='lat' dir='ltr'><strong>contra</strong></span> <span class='ocrx_word' id='word_1_216' title='bbox 647 2985 825 3061; x_wconf 87' lang='lat' dir='ltr'><strong>praedictam</strong></span> <span class='ocrx_word' id='word_1_217' title='bbox 843 2988 1057 3063; x_wconf 81' lang='lat' dir='ltr'><strong>expositionem</strong></span> <span class='ocrx_word' id='word_1_218' title='bbox 1079 2990 1146 3050; x_wconf 91' lang='lat' dir='ltr'><strong>dicti</strong></span> <span class='ocrx_word' id='word_1_219' title='bbox 1199 3033 1211 3056; x_wconf 61' lang='lat'>1</span> 
     </span>
    </p>
   </div>
   <div class='ocr_carea' id='block_1_4' title="bbox 1212 476 1274 541">
    <p class='ocr_par' dir='ltr' id='par_1_4' title="bbox 1212 476 1274 541">
     <span class='ocr_line' id='line_1_27' title="bbox 1212 476 1274 541; baseline 0.065 -4"><span class='ocrx_word' id='word_1_220' title='bbox 1212 476 1274 541; x_wconf 84' lang='lat'><strong>451</strong></span> 
     </span>
    </p>
   </div>
   <div class='ocr_carea' id='block_1_5' title="bbox 97 3069 1286 3159">
    <p class='ocr_par' dir='ltr' id='par_1_5' title="bbox 97 3069 1286 3159">
     <span class='ocr_line' id='line_1_28' title="bbox 97 3069 1286 3159; baseline 0.003 -17"><span class='ocrx_word' id='word_1_221' title='bbox 97 3080 265 3159; x_wconf 84' lang='lat' dir='ltr'><strong>evangelii¹⁰</strong></span> <span class='ocrx_word' id='word_1_222' title='bbox 286 3081 428 3141; x_wconf 86' lang='lat' dir='ltr'><strong>Matthaei</strong></span> <span class='ocrx_word' id='word_1_223' title='bbox 442 3083 529 3140; x_wconf 83' lang='lat' dir='ltr'><strong>xxiv⁰</strong></span> <span class='ocrx_word' id='word_1_224' title='bbox 545 3099 634 3158; x_wconf 91' lang='lat' dir='ltr'><strong>supra</strong></span> <span class='ocrx_word' id='word_1_225' title='bbox 654 3082 742 3153; x_wconf 91' lang='lat' dir='ltr'><strong>dicto,</strong></span> <span class='ocrx_word' id='word_1_226' title='bbox 762 3083 923 3159; x_wconf 87' lang='lat' dir='ltr'><strong>specialiter</strong></span> <span class='ocrx_word' id='word_1_227' title='bbox 942 3086 1036 3145; x_wconf 88' lang='lat' dir='ltr'><strong>cum¹¹</strong></span> <span class='ocrx_word' id='word_1_228' title='bbox 1055 3090 1148 3148; x_wconf 90' lang='lat' dir='ltr'><strong>sancti</strong></span> <span class='ocrx_word' id='word_1_229' title='bbox 1214 3074 1253 3140; x_wconf 78' lang='lat' dir='ltr'><strong>en¹¹</strong></span> <span class='ocrx_word' id='word_1_230' title='bbox 1279 3069 1286 3096; x_wconf 66' lang='lat'>⁸</span> 
     </span>
    </p>
   </div>
   <div class='ocr_carea' id='block_1_6' title="bbox 98 3179 1152 3753">
    <p class='ocr_par' dir='ltr' id='par_1_6' title="bbox 98 3179 1152 3753">
     <span class='ocr_line' id='line_1_29' title="bbox 100 3179 1150 3257; baseline 0.005 -17"><span class='ocrx_word' id='word_1_231' title='bbox 100 3179 239 3240; x_wconf 93' lang='lat' dir='ltr'><strong>doctores</strong></span> <span class='ocrx_word' id='word_1_232' title='bbox 259 3180 409 3257; x_wconf 86' lang='lat' dir='ltr'><strong>evangelia</strong></span> <span class='ocrx_word' id='word_1_233' title='bbox 427 3179 521 3238; x_wconf 90' lang='lat' dir='ltr'><strong>taliter</strong></span> <span class='ocrx_word' id='word_1_234' title='bbox 538 3198 600 3238; x_wconf 91' lang='lat' dir='ltr'><strong>non</strong></span> <span class='ocrx_word' id='word_1_235' title='bbox 614 3190 774 3256; x_wconf 80' lang='lat' dir='ltr'><strong>exponunt,</strong></span> <span class='ocrx_word' id='word_1_236' title='bbox 788 3181 916 3242; x_wconf 86' lang='lat' dir='ltr'><strong>inveniat</strong></span> <span class='ocrx_word' id='word_1_237' title='bbox 935 3184 976 3242; x_wconf 93' lang='lat' dir='ltr'><strong>sic</strong></span> <span class='ocrx_word' id='word_1_238' title='bbox 989 3202 1150 3245; x_wconf 91' lang='lat' dir='ltr'><strong>remurmu-</strong></span> 
     </span>
     <span class='ocr_line' id='line_1_30' title="bbox 98 3276 1150 3356; baseline 0.007 -20"><span class='ocrx_word' id='word_1_239' title='bbox 98 3295 168 3338; x_wconf 89' lang='lat' dir='ltr'><strong>rans</strong></span> <span class='ocrx_word' id='word_1_240' title='bbox 181 3279 399 3355; x_wconf 89' lang='lat' dir='ltr'><strong>expositionem</strong></span> <span class='ocrx_word' id='word_1_241' title='bbox 416 3276 530 3336; x_wconf 88' lang='lat' dir='ltr'><strong>aliam¹¹</strong></span> <span class='ocrx_word' id='word_1_242' title='bbox 543 3276 702 3348; x_wconf 88' lang='lat' dir='ltr'><strong>meliorem,</strong></span> <span class='ocrx_word' id='word_1_243' title='bbox 716 3277 761 3336; x_wconf 88' lang='lat' dir='ltr'><strong>vel</strong></span> <span class='ocrx_word' id='word_1_244' title='bbox 780 3277 866 3337; x_wconf 87' lang='lat' dir='ltr'><strong>istam</strong></span> <span class='ocrx_word' id='word_1_245' title='bbox 884 3280 1037 3356; x_wconf 90' lang='lat' dir='ltr'><strong>improbet.</strong></span> <span class='ocrx_word' id='word_1_246' title='bbox 1080 3282 1150 3343; x_wconf 92' lang='lat' dir='ltr'><strong>Cer·</strong></span> 
     </span>
     <span class='ocr_line' id='line_1_31' title="bbox 98 3373 1150 3453; baseline 0.007 -19"><span class='ocrx_word' id='word_1_247' title='bbox 98 3376 290 3452; x_wconf 90' lang='lat' dir='ltr'><strong>tumquidem</strong></span> <span class='ocrx_word' id='word_1_248' title='bbox 299 3385 344 3435; x_wconf 92' lang='lat' dir='ltr'><strong>est</strong></span> <span class='ocrx_word' id='word_1_249' title='bbox 353 3393 390 3434; x_wconf 91' lang='lat' dir='ltr'><strong>ex</strong></span> <span class='ocrx_word' id='word_1_250' title='bbox 400 3373 493 3445; x_wconf 85' lang='lat' dir='ltr'><strong>fide¹¹,</strong></span> <span class='ocrx_word' id='word_1_251' title='bbox 502 3374 583 3452; x_wconf 91' lang='lat' dir='ltr'><strong>quod</strong></span> <span class='ocrx_word' id='word_1_252' title='bbox 592 3373 724 3435; x_wconf 87' lang='lat' dir='ltr'><strong>Christus</strong></span> <span class='ocrx_word' id='word_1_253' title='bbox 735 3374 772 3434; x_wconf 90' lang='lat' dir='ltr'><strong>ad</strong></span> <span class='ocrx_word' id='word_1_254' title='bbox 782 3394 923 3453; x_wconf 85' lang='lat' dir='ltr'><strong>magnam</strong></span> <span class='ocrx_word' id='word_1_255' title='bbox 932 3378 1150 3441; x_wconf 88' lang='lat' dir='ltr'><strong>instructionem</strong></span> 
     </span>
     <span class='ocr_line' id='line_1_32' title="bbox 98 3471 1151 3549; baseline 0.007 -16"><span class='ocrx_word' id='word_1_256' title='bbox 98 3473 242 3533; x_wconf 89' lang='lat' dir='ltr'><strong>ecclesiae</strong></span> <span class='ocrx_word' id='word_1_257' title='bbox 263 3474 317 3531; x_wconf 90' lang='lat' dir='ltr'><strong>ista</strong></span> <span class='ocrx_word' id='word_1_258' title='bbox 336 3472 424 3544; x_wconf 81' lang='lat' dir='ltr'><strong>dixit3</strong></span> <span class='ocrx_word' id='word_1_259' title='bbox 454 3471 521 3531; x_wconf 92' lang='lat' dir='ltr'><strong>ideo</strong></span> <span class='ocrx_word' id='word_1_260' title='bbox 540 3473 684 3549; x_wconf 85' lang='lat' dir='ltr'><strong>expositio</strong></span> <span class='ocrx_word' id='word_1_261' title='bbox 703 3483 748 3532; x_wconf 91' lang='lat' dir='ltr'><strong>est</strong></span> <span class='ocrx_word' id='word_1_262' title='bbox 766 3474 902 3534; x_wconf 89' lang='lat' dir='ltr'><strong>notanda.</strong></span> <span class='ocrx_word' id='word_1_263' title='bbox 944 3475 1035 3548; x_wconf 92' lang='lat' dir='ltr'><strong>Quod</strong></span> <span class='ocrx_word' id='word_1_264' title='bbox 1054 3491 1151 3540; x_wconf 89' lang='lat' dir='ltr'><strong>autem</strong></span> 
     </span>
     <span class='ocr_line' id='line_1_33' title="bbox 99 3568 1152 3653; baseline 0.009 -25"><span class='ocrx_word' id='word_1_265' title='bbox 99 3569 210 3648; x_wconf 88' lang='lat' dir='ltr'><strong>placuit</strong></span> <span class='ocrx_word' id='word_1_266' title='bbox 229 3568 348 3629; x_wconf 88' lang='lat' dir='ltr'><strong>Christo</strong></span> <span class='ocrx_word' id='word_1_267' title='bbox 368 3568 503 3628; x_wconf 88' lang='lat' dir='ltr'><strong>distillare</strong></span> <span class='ocrx_word' id='word_1_268' title='bbox 522 3571 645 3646; x_wconf 78' lang='lat' dir='ltr'><strong>gratiam</strong></span> <span class='ocrx_word' id='word_1_269' title='bbox 663 3572 854 3647; x_wconf 89' lang='lat' dir='ltr'><strong>expositionis</strong></span> <span class='ocrx_word' id='word_1_270' title='bbox 872 3591 975 3633; x_wconf 85' lang='lat' dir='ltr'><strong>sensus</strong></span> <span class='ocrx_word' id='word_1_271' title='bbox 994 3576 1152 3653; x_wconf 88' lang='lat' dir='ltr'><strong>scripturae</strong></span> 
     </span>
     <span class='ocr_line' id='line_1_34' title="bbox 99 3666 1151 3753; baseline 0.01 -27"><span class='ocrx_word' id='word_1_272' title='bbox 99 3687 155 3746; x_wconf 92' lang='lat' dir='ltr'><strong>per</strong></span> <span class='ocrx_word' id='word_1_273' title='bbox 168 3678 297 3739; x_wconf 88' lang='lat' dir='ltr'><strong>eventus,</strong></span> <span class='ocrx_word' id='word_1_274' title='bbox 312 3685 388 3745; x_wconf 91' lang='lat' dir='ltr'><strong>quos</strong></span> <span class='ocrx_word' id='word_1_275' title='bbox 401 3666 471 3727; x_wconf 85' lang='lat' dir='ltr'><strong>iacit</strong></span> <span class='ocrx_word' id='word_1_276' title='bbox 497 3669 528 3727; x_wconf 93' lang='lat' dir='ltr'><strong>in</strong></span> <span class='ocrx_word' id='word_1_277' title='bbox 546 3668 671 3729; x_wconf 89' lang='lat' dir='ltr'><strong>ecclesia</strong></span> <span class='ocrx_word' id='word_1_278' title='bbox 688 3669 863 3744; x_wconf 84' lang='lat' dir='ltr'><strong>militante¹⁴,</strong></span> <span class='ocrx_word' id='word_1_279' title='bbox 877 3672 1029 3734; x_wconf 89' lang='lat' dir='ltr'><strong>laudemus</strong></span> <span class='ocrx_word' id='word_1_280' title='bbox 1046 3677 1151 3753; x_wconf 91' lang='lat' dir='ltr'><strong>ipsum,</strong></span> 
     </span>
    </p>
   </div>
   <div class='ocr_carea' id='block_1_7' title="bbox 100 3797 1153 4321">
    <p class='ocr_par' dir='ltr' id='par_1_7' title="bbox 100 3797 1153 4321">
     <span class='ocr_line' id='line_1_35' title="bbox 100 3797 1152 3934; baseline 0.011 -22"><span class='ocrx_word' id='word_1_281' title='bbox 100 3797 1152 3934; x_wconf 50' lang='lat' dir='ltr'><strong>tim„naara]enatasset·</strong></span> 
     </span>
     <span class='ocr_line' id='line_1_36' title="bbox 100 3910 1152 3994; baseline 0.01 -17"><span class='ocrx_word' id='word_1_282' title='bbox 100 3928 211 3978; x_wconf 86' lang='lat' dir='ltr'><strong>¹sedem</strong></span> <span class='ocrx_word' id='word_1_283' title='bbox 232 3929 410 3994; x_wconf 81' lang='lat' dir='ltr'><strong>Avinonicam]</strong></span> <span class='ocrx_word' id='word_1_284' title='bbox 434 3931 517 3980; x_wconf 86' lang='lat' dir='ltr'><strong>sedem</strong></span> <span class='ocrx_word' id='word_1_285' title='bbox 539 3930 715 3986; x_wconf 81' lang='lat' dir='ltr'><strong>Abinonicam.</strong></span> <span class='ocrx_word' id='word_1_286' title='bbox 739 3933 784 3988; x_wconf 89' lang='lat' dir='ltr'><strong>C.;</strong></span> <span class='ocrx_word' id='word_1_287' title='bbox 813 3934 896 3985; x_wconf 87' lang='lat' dir='ltr'><strong>sedere</strong></span> <span class='ocrx_word' id='word_1_288' title='bbox 919 3936 1090 3993; x_wconf 81' lang='lat' dir='ltr'><strong>Avinonicam.</strong></span> <span class='ocrx_word' id='word_1_289' title='bbox 1103 3910 1152 3994; x_wconf 50' lang='lat' dir='ltr'><strong>&#39;ai</strong></span> 
     </span>
     <span class='ocr_line' id='line_1_37' title="bbox 102 3994 1152 4074; baseline 0.01 -31"><span class='ocrx_word' id='word_1_290' title='bbox 102 3994 285 4058; x_wconf 73' lang='lat' dir='ltr'><strong>Auynonicam</strong></span> <span class='ocrx_word' id='word_1_291' title='bbox 298 3996 330 4043; x_wconf 82' lang='grc' dir='ltr'><strong>Α.</strong></span> <span class='ocrx_word' id='word_1_292' title='bbox 415 3994 426 4024; x_wconf 80' lang='lat'><em>⁰</em></span> <span class='ocrx_word' id='word_1_293' title='bbox 442 3996 543 4045; x_wconf 91' lang='lat' dir='ltr'><strong>nomine</strong></span> <span class='ocrx_word' id='word_1_294' title='bbox 552 3996 644 4073; x_wconf 83' lang='lat' dir='ltr'><strong>papae]</strong></span> <span class='ocrx_word' id='word_1_295' title='bbox 656 4013 735 4074; x_wconf 73' lang='lat' dir='ltr'><strong>papae</strong></span> <span class='ocrx_word' id='word_1_296' title='bbox 746 4000 853 4056; x_wconf 84' lang='lat' dir='ltr'><strong>nomine,</strong></span> <span class='ocrx_word' id='word_1_297' title='bbox 865 4001 945 4050; x_wconf 78' lang='lat' dir='ltr'><strong>ab.C.</strong></span> <span class='ocrx_word' id='word_1_298' title='bbox 1021 4001 1031 4029; x_wconf 83' lang='lat'>¹</span> <span class='ocrx_word' id='word_1_299' title='bbox 1047 4004 1152 4068; x_wconf 85' lang='lat' dir='ltr'><strong>quoad]</strong></span> 
     </span>
     <span class='ocr_line' id='line_1_38' title="bbox 103 4060 1153 4138; baseline 0.008 -30"><span class='ocrx_word' id='word_1_300' title='bbox 103 4060 231 4136; x_wconf 83' lang='lat' dir='ltr'><strong>quomodo</strong></span> <span class='ocrx_word' id='word_1_301' title='bbox 237 4060 281 4137; x_wconf 72' lang='lat' dir='ltr'><strong>¹ad,</strong></span> <span class='ocrx_word' id='word_1_302' title='bbox 296 4061 327 4110; x_wconf 89' lang='lat' dir='ltr'><strong>C.</strong></span> <span class='ocrx_word' id='word_1_303' title='bbox 349 4126 354 4137; x_wconf 37' lang='grc' dir='ltr'>ι</span> <span class='ocrx_word' id='word_1_304' title='bbox 383 4126 389 4137; x_wconf 90' lang='lat'>.</span> <span class='ocrx_word' id='word_1_305' title='bbox 449 4062 459 4090; x_wconf 88' lang='lat'>¹</span> <span class='ocrx_word' id='word_1_306' title='bbox 476 4061 623 4138; x_wconf 67' lang='lat' dir='ltr'><strong>ostendunt]</strong></span> <span class='ocrx_word' id='word_1_307' title='bbox 636 4063 740 4118; x_wconf 78' lang='lat' dir='ltr'><strong>ostendi.</strong></span> <span class='ocrx_word' id='word_1_308' title='bbox 753 4065 782 4113; x_wconf 94' lang='lat' dir='ltr'><strong>C.</strong></span> <span class='ocrx_word' id='word_1_309' title='bbox 904 4066 915 4094; x_wconf 83' lang='lat'>¹</span> <span class='ocrx_word' id='word_1_310' title='bbox 931 4066 1018 4132; x_wconf 82' lang='lat' dir='ltr'><strong>qnam]</strong></span> <span class='ocrx_word' id='word_1_311' title='bbox 1030 4082 1110 4132; x_wconf 87' lang='lat' dir='ltr'><strong>quern.</strong></span> <span class='ocrx_word' id='word_1_312' title='bbox 1123 4071 1153 4120; x_wconf 90' lang='lat' dir='ltr'><strong>C.</strong></span> 
     </span>
     <span class='ocr_line' id='line_1_39' title="bbox 103 4124 1152 4220; baseline 0.01 -46"><span class='ocrx_word' id='word_1_313' title='bbox 103 4124 124 4155; x_wconf 82' lang='lat'><strong>¹⁰</strong></span> <span class='ocrx_word' id='word_1_314' title='bbox 139 4133 323 4220; x_wconf 68' lang='lat' dir='ltr'><strong>expositionem¹</strong></span> <span class='ocrx_word' id='word_1_315' title='bbox 330 4126 390 4175; x_wconf 84' lang='lat' dir='ltr'><strong>drctt</strong></span> <span class='ocrx_word' id='word_1_316' title='bbox 401 4126 534 4204; x_wconf 70' lang='lat' dir='ltr'><strong>eyangeln]</strong></span> <span class='ocrx_word' id='word_1_317' title='bbox 547 4126 606 4202; x_wconf 78' lang='lat' dir='ltr'><strong>dicti</strong></span> <span class='ocrx_word' id='word_1_318' title='bbox 617 4127 737 4203; x_wconf 76' lang='lat' dir='ltr'><strong>evangelii</strong></span> <span class='ocrx_word' id='word_1_319' title='bbox 748 4129 935 4207; x_wconf 69' lang='lat' dir='ltr'><strong>expositionem.</strong></span> <span class='ocrx_word' id='word_1_320' title='bbox 947 4132 977 4181; x_wconf 88' lang='lat' dir='ltr'><strong>C.</strong></span> <span class='ocrx_word' id='word_1_321' title='bbox 1050 4133 1067 4164; x_wconf 87' lang='lat'><strong>¹¹</strong></span> <span class='ocrx_word' id='word_1_322' title='bbox 1084 4135 1152 4197; x_wconf 79' lang='lat' dir='ltr'><strong>cum]</strong></span> 
     </span>
     <span class='ocr_line' id='line_1_40' title="bbox 103 4190 1153 4321; baseline 0.011 -84"><span class='ocrx_word' id='word_1_323' title='bbox 103 4197 198 4304; x_wconf 48' lang='lat' dir='ltr'><strong>toffieg’.</strong></span> <span class='ocrx_word' id='word_1_324' title='bbox 207 4192 238 4241; x_wconf 88' lang='lat' dir='ltr'><strong>C.</strong></span> <span class='ocrx_word' id='word_1_325' title='bbox 297 4256 315 4286; x_wconf 56' lang='lat' dir='ltr'>n</span> <span class='ocrx_word' id='word_1_326' title='bbox 331 4207 382 4306; x_wconf 57' lang='lat'>{¹3¹-</span> <span class='ocrx_word' id='word_1_327' title='bbox 386 4190 615 4321; x_wconf 37' lang='lat' dir='ltr'><strong>tasgttrffffi&#39;agam]</strong></span> <span class='ocrx_word' id='word_1_328' title='bbox 627 4192 701 4242; x_wconf 82' lang='lat' dir='ltr'><strong>altam</strong></span> <span class='ocrx_word' id='word_1_329' title='bbox 712 4202 899 4258; x_wconf 73' lang='lat' dir='ltr'><strong>expositionem,</strong></span> <span class='ocrx_word' id='word_1_330' title='bbox 911 4197 941 4246; x_wconf 89' lang='lat' dir='ltr'><strong>C.</strong></span> <span class='ocrx_word' id='word_1_331' title='bbox 1019 4198 1037 4228; x_wconf 92' lang='lat'><strong>¹¹</strong></span> <span class='ocrx_word' id='word_1_332' title='bbox 1053 4193 1153 4263; x_wconf 70' lang='lat' dir='ltr'><strong>enfide]</strong></span> 
     </span>
    </p>
   </div>
   <div class='ocr_carea' id='block_1_8' title="bbox 587 4359 760 4419">
    <p class='ocr_par' dir='ltr' id='par_1_8' title="bbox 587 4359 760 4419">
     <span class='ocr_line' id='line_1_41' title="bbox 587 4359 760 4419; baseline 0.012 -20"><span class='ocrx_word' id='word_1_333' title='bbox 587 4359 672 4419; x_wconf 83' lang='lat' dir='ltr'><strong>oga</strong></span> <span class='ocrx_word' id='word_1_334' title='bbox 758 4406 760 4410; x_wconf 61' lang='grc'><em>,</em></span> 
     </span>
    </p>
   </div>
   <div class='ocr_carea' id='block_1_9' title="bbox 0 0 1460 4836">
    <p class='ocr_par' dir='ltr' id='par_1_9' title="bbox 0 0 1460 4836">
     <span class='ocr_line' id='line_1_42' title="bbox 0 0 1460 4836; baseline 0 0"><span class='ocrx_word' id='word_1_335' title='bbox 0 0 1460 4836; x_wconf 95' lang='lat' dir='ltr'><strong> </strong></span> 
     </span>
    </p>
   </div>
  </div>
 </body>
</html>
