2864 4836
533 420 792 504 sonante
831 422 1071 487 rerem
1252 440 1314 480 m

265 584 586 648 merciumDeuaodit.
627 584 705 647 Item
721 602 761 645 ex
778 600 841 663 quo
858 582 971 647 iratres
991 596 1184 665 supponunt
1199 581 1314 645 ΜΗ

263 702 454 764 cognoscem,
467 683 549 762 quod
565 683 688 745 ῐιιιιιιιιιι
704 682 868 744 affecmon
885 670 1057 745 eoam
1077 692 1202 745 tantum
1214 676 1315 743 rdetrri

264 780 1316 861 amptiustrauisancto,sieutvdeteorumtioenqmmmrp

263 882 405 942 subtiliter
430 880 778 941 exarataliterisanteis
802 889 833 941 et
859 878 916 939 iilis
945 878 1059 941 sericis
1084 889 1316 959 pemati

263 974 1317 1056 superestistiuscaumnisintpopuiusissumsperfiaudesmbdth

263 1076 821 1137 addandumiratnbusdesuisbonia
836 1074 1058 1153 temporalibus
1077 1078 1239 1139 excitetur.
1272 1070 1317 1133 Sei
1356 1094 1358 1123 τ

263 1176 329 1251 quia
341 1174 467 1235 dubitet¹
480 1175 553 1253 quin
565 1176 620 1235 ista
632 1176 669 1236 sit
682 1174 851 1235 ἀιιιιιιιιιάιι
861 1182 893 1234 et
904 1172 1018 1233 nociva
1031 1172 1230 1253 hypocrisis?
1258 1172 1319 1235 uu

262 1273 426 1333 cavendum
439 1284 485 1333 eat
498 1273 633 1333 iratribus
646 1290 685 1333 ne
697 1271 769 1332 dent
782 1271 971 1333 occasionem
991 1272 1144 1335 fidelibus
1160 1274 1203 1335 ud
1214 1268 1318 1351 persii·

261 1369 372 1430 endum
396 1389 464 1432 suas
488 1371 618 1433 indamus
640 1372 686 1432 vel
712 1368 957 1431 introducendum
983 1370 1110 1449 afiqtms
1138 1368 1319 1433 infnnrhbb

262 1470 412 1541 novitates,
427 1488 495 1530 eum
508 1470 616 1531 debent
629 1471 704 1531 scire
717 1468 800 1549 quod
813 1466 947 1529 Christum
959 1467 1057 1529 voluit
1070 1470 1238 1531 ecclesium
1248 1482 1317 1529 m

262 1585 327 1627 esse
347 1568 492 1641 iiberam‘,
507 1580 537 1629 et
555 1588 624 1630 cum
643 1568 746 1629 batres
765 1566 875 1629 iaciunt
893 1566 926 1627 in
943 1566 1003 1627 isto
1024 1569 1222 1645 oppositum,
1239 1564 1318 1627 nari·

262 1664 369 1725 festum
389 1677 443 1737 est,
464 1667 546 1745 quo'd
566 1667 599 1727 in
618 1666 693 1727 isto'
709 1664 865 1727 ecclesiam
882 1662 992 1725 Christi
1012 1664 1150 1727 subdote
1169 1664 1318 1727 idibem

262 1764 339 1824 Item
359 1764 473 1825 videtur
492 1764 687 1843 multipliciter
706 1763 789 1843 quod
808 1762 912 1823 tratres
930 1760 1046 1823 eadunt
1066 1762 1101 1823 in
1121 1762 1273 1825 baeresim
1287 1776 1318 1821 et

260 1862 369 1935 radice,
390 1862 528 1924 simarlant
550 1864 631 1924 enim
654 1880 792 1943 expresse
816 1860 848 1921 in
866 1860 930 1920 istis
946 1858 1050 1933 literis,
1071 1860 1164 1939 qnod
1184 1875 1319 1941 pennu

261 1960 367 2037 qmbus
379 1961 450 2023 istas
466 1961 642 2033 concedunt,
655 1960 870 2039 participabunt
886 1966 955 2037 post
972 1966 1108 2019 mortem
1125 1960 1195 2021 suis
1211 1958 1318 2021 nutu

261 2056 322 2119 Sed
340 2059 392 2119 ubi
412 2070 457 2120 est
477 2061 572 2139 major
584 2060 768 2139 praesumta⁴
783 2055 971 2135 blasphemia,
985 2072 1059 2117 cnm
1073 2072 1134 2119 nec
1153 2056 1216 2137 ipsi
1232 2059 1319 2121 reiut

260 2174 317 2216 nec
331 2156 466 2219 homines
479 2176 548 2218 cum
559 2158 665 2235 qubus
674 2166 848 2228 mereantur,
858 2154 884 2215 si
893 2152 933 2213 iili
945 2162 980 2212 ut
991 2154 1136 2232 praesciti
1149 2156 1185 2215 in
1195 2154 1319 2217 Tuan

260 2252 495 2316 damnabuntur?
536 2255 623 2329 Quae
646 2256 733 2333 igitur
753 2272 843 2315 caeca
862 2252 988 2324 adada,
1009 2252 1319 2315 concessionem&

260 2362 320 2412 tam
333 2352 466 2429 ignotam
480 2354 647 2415 assereret·
661 2352 785 2415 Videtur
797 2362 896 2413 autem
908 2348 990 2429 quod
1007 2350 1064 2411 ιι*
1077 2352 1186 2413 innata
1199 2368 1318 2414 eume

259 2448 359 2511 tudine
373 2452 534 2512 mentiendi
547 2470 610 2512 non
627 2463 730 2512 euram
748 2460 852 2511 sonna
868 2459 1020 2509 aeternnm
1032 2446 1164 2511 Chrisfi'
1177 2448 1318 2529 judam

259 2566 388 2609 asserere
409 2569 441 2609 se
462 2550 557 2610 facere
578 2551 661 2628 quod
682 2568 743 2609 non
758 2560 891 2628 possunt
932 2547 1009 2608 Item
1030 2564 1126 2608 nemo
1146 2548 1241 2610 debet
1258 2564 1318 2609 me

259 2648 389 2706 medium
409 2667 461 2725 per
481 2649 710 2708 subtractionem
729 2648 774 2707 sui
793 2647 937 2726 adjutorii,
950 2655 983 2705 ut
1000 2644 1075 2706 alius
1089 2647 1130 2706 eit
1143 2646 1316 2719 damnatum

258 2745 312 2805 sed
333 2756 365 2805 ut
386 2745 487 2807 fratres
507 2746 656 2825 implicant
676 2747 707 2806 in
727 2747 782 2806 ista
802 2745 931 2817 materia,
945 2754 990 2804 est
1007 2744 1039 2803 in
1052 2754 1203 2821 potestate
1217 2764 1316 2807 eorum

258 2860 442 2919 praeservare
457 2856 517 2903 tam
531 2864 563 2904 se
584 2863 674 2922 quam
695 2844 768 2904 alios
789 2862 826 2903 ne
847 2843 1040 2916 damnentur3
1068 2860 1145 2919 ergo
1166 2846 1316 2923 supposita

259 2940 446 3002 damnatione
460 2943 576 3003 alterius
595 2961 632 3002 ex
652 2943 846 3002 subtractione
867 2942 912 3002 sui
930 2940 1066 3018 adjutorii
1079 2952 1152 3001 sunt
1171 2942 1315 3020 culpandi

259 3037 290 3098 Si
313 3040 393 3098 enim
414 3041 581 3101 concedunt
602 3040 691 3113 alteri,
713 3041 795 3118 quod
815 3049 884 3118 post
903 3048 1029 3099 mortem
1048 3040 1239 3118 participabit
1258 3042 1314 3101 mit

257 3139 373 3210 meritis,
399 3151 470 3199 tunc
497 3139 650 3200 manifeste
682 3140 833 3217 implicant
861 3135 975 3217 ipsnm’
998 3146 1068 3215 post
1095 3148 1227 3199 mortem
1253 3138 1315 3203 iore

257 3234 379 3312 dignum
400 3237 464 3298 talis
485 3239 626 3316 participii
647 3248 675 3299 et
694 3240 775 3316 ipsos
795 3238 826 3296 in
845 3237 891 3296 via
909 3234 1121 3296 beatitudinem
1141 3236 1312 3314 promereri,

257 3335 324 3410 quia
348 3336 373 3394 si
391 3346 513 3413 utraque
532 3355 599 3414 pars
620 3339 657 3396 sit
677 3337 820 3414 praescita
836 3334 1002 3394 membrum
1019 3332 1140 3407 diaboli,
1159 3346 1232 3395 tunc
1251 3334 1313 3395 talis

257 3434 411 3492 concessio
426 3435 542 3493 excedit
554 3435 718 3513 potentiam
732 3432 862 3494 horum’.

147 3548 153 3577 ι
192 3566 197 3585 .
297 3527 372 3587 Item
387 3528 490 3589 iratres
504 3531 648 3592 servando
663 3531 787 3591 modum
800 3530 1060 3608 hypocritammse
1073 3529 1159 3607 ipsos
1173 3529 1310 3591 damnant

256 3626 352 3701 patule
377 3628 408 3685 in
431 3627 490 3687 hoc
511 3628 598 3689 sacto.
642 3628 722 3689 Nam
743 3628 905 3689 secundum
927 3628 1092 3689 doctrinam
1112 3629 1309 3707 evangelicam

256 3722 397 3784 Matthaei
407 3726 443 3784 vi.
455 3726 526 3786 tales
537 3727 731 3787 eleemosinae
743 3727 852 3787 debent
862 3736 971 3785 secrete
982 3725 1054 3796 fieri,
1064 3743 1103 3784 ne
1114 3743 1185 3803 pars
1200 3725 1309 3786 sinistra

286 3887 423 3953 ¹dubitet]
436 3888 541 3948 dubitat,
553 3890 582 3942 C.
594 3891 633 3941 ed.
645 3907 683 3956 ρι.
831 3887 1307 3955 'libenm11ibemmbistieedpe

254 3950 264 3980 ⁸
280 3952 341 4017 isto]
353 3954 404 4010 illo.
417 3953 455 4004 ed.
485 3971 504 4004 r.
603 3955 613 3985 ⁴
628 3955 781 4021 praesumta]
793 3952 966 4020 praesumtive.
979 3954 1039 4005 B.C.
1050 3954 1091 4005 ed.
1103 3971 1143 4020 pr.
1225 3957 1237 3985 ⁸
1251 3971 1307 4005 oon·

254 4018 401 4084 cessionem]
413 4034 445 4069 co
471 4021 599 4077 essionem.
613 4023 640 4071 B.
652 4022 691 4072 ed.
704 4037 741 4086 pr.
890 4019 901 4050 ⁸
916 4018 960 4083 ex]
971 4035 1022 4069 om
1034 4020 1097 4070 ΑΒ.
1108 4021 1205 4087 primae
1215 4034 1307 4073 mus·

253 4080 291 4130 ed.
303 4098 340 4147 pr.
471 4085 481 4114 ⁷
497 4086 602 4150 Christi]
614 4103 663 4136 om.
675 4087 714 4137 ed.
725 4102 762 4152 pr.
899 4086 910 4114 ⁸
926 4084 1020 4151 ipsum]
1031 4093 1058 4135 nt
1070 4086 1162 4151 ipsum,
1174 4088 1207 4137 Α.
1218 4086 1308 4152 prirnae

253 4162 348 4260 enaumis,
360 4148 420 4200 ΒΕ.
432 4152 658 4209 secundaemanus
670 4153 709 4203 ed.
718 4168 755 4218 pr.
879 4150 1306 4216 'homm1borumiratrom.c.1).

235 4258 239 4274 ι
287 4249 292 4259 “
303 4227 339 4276 pr'
