2864 4836
137 477 236 520 canna.
501 455 845 519 TRIALOGUS.

139 625 188 674 est
202 617 381 691 poenitentia
395 627 554 694 aggregata
567 636 604 676 ex
618 617 731 678 duabus
749 619 893 695 prioribus
912 629 942 679 et
960 619 1193 696 promulgatione

141 724 256 772 secreta
282 715 391 790 private
419 715 496 774 facta
523 718 709 793 presbytero;
744 727 774 777 et
801 717 839 776 ad
866 719 951 777 istam
984 719 1194 793 poenitentiam

140 810 245 870 nimis¹
270 812 445 872 attendimus
467 823 586 889 propter
606 814 727 873 lucrum.
769 814 875 873 Utrum
900 826 997 874 autem
1018 816 1072 874 ista
1092 817 1194 892 poeni-
1227 887 1264 912 m

140 910 233 968 tentia
246 911 329 969 tertia
350 911 386 969 sit
406 909 443 969 de
464 912 634 970 necessitate
656 912 762 984 salutis,
777 913 821 970 vel
842 930 901 989 qua
921 913 1091 971 auctoritate
1105 913 1193 971 intro·

141 1005 231 1067 ducta
251 1007 351 1078 fuerat,
373 1019 418 1066 est
437 1008 583 1068 dissensio
603 1009 682 1086 apud
702 1010 818 1069 multos.
861 1009 920 1068 Sed
941 1018 1057 1085 oportet
1077 1010 1195 1069 credere
1229 1009 1284 1075 lli,

133 1102 270 1183 Johanm'
280 1105 311 1162 de
324 1105 385 1163 Deo
399 1106 429 1164 in
443 1106 499 1166 hac
516 1118 607 1183 parte,
622 1109 672 1184 qui
687 1108 716 1165 in
730 1108 829 1183 glossa
843 1108 990 1167 ordinaria
1003 1107 1195 1166 Decretonrm

142 1201 214 1262 dicit
240 1212 310 1278 post
337 1203 442 1262 multas
470 1206 626 1281 opiniones
650 1223 723 1281 quas
748 1207 893 1281 reprobat,
918 1205 999 1281 quod
1022 1203 1196 1263 Innocentzics

141 1302 243 1360 tertius
256 1299 333 1359 hanc
346 1301 463 1372 invenit,
475 1312 504 1360 et
516 1320 569 1378 pro
581 1303 644 1379 ejus
655 1302 876 1361 confirmatione
887 1301 963 1360 hanc
978 1301 1075 1377 legem
1089 1303 1194 1371 statuit,

143 1397 269 1457 ‘Omnis
289 1399 437 1475 utriusque
458 1398 565 1470 sexus,’
588 1418 663 1476 quae
684 1401 714 1456 in
735 1400 838 1476 quinto
859 1398 1057 1457 Decretalium
1078 1416 1196 1474 expres·

142 1493 246 1555 sanu'.
288 1493 363 1552 Mihi
383 1506 481 1554 autem
501 1495 620 1568 videtur,
640 1507 672 1555 ut
693 1497 844 1574 explanavi
865 1496 1006 1566 diffusius
1021 1496 1102 1572 quod
1123 1495 1198 1554 foret

142 1591 285 1652 ecclesiae
309 1592 413 1662 utilius,
438 1604 469 1651 ut
493 1594 531 1653 de
556 1596 649 1671 prima
674 1595 853 1671 poenitentia
873 1603 902 1652 et
925 1593 1054 1652 secunda
1074 1592 1199 1651 ecclesia

143 1689 360 1770 contentetur&
393 1691 445 1749 sed
473 1690 538 1749 licet
566 1692 649 1750 tertia
682 1692 779 1750 multis
812 1700 918 1749 noceat
945 1700 975 1749 et
1002 1690 1094 1748 multa
1120 1689 1198 1748 mala

142 1785 258 1862 utrique
279 1788 353 1863 parti
374 1788 508 1863 ingerat⁴,
530 1799 729 1848 verumtamen
750 1789 818 1846 facit
839 1787 977 1845 ecclesiae
999 1787 1090 1845 multa
1110 1788 1197 1845 bona

143 1883 220 1944 Ideo
234 1902 302 1942 cum
309 1891 402 1960 posset
413 1887 489 1944 bene
504 1886 573 1955 fieri,
589 1886 699 1944 videtur
713 1884 783 1943 mihi
798 1884 878 1961 quod
893 1886 928 1943 sit
946 1903 982 1942 ex
998 1885 1198 1959 suppositione

143 1984 310 2042 necessaria
323 1991 353 2041 et
367 1984 408 2042 sic
425 1994 469 2044 est
489 1985 656 2061 simpliciter
670 1982 858 2053 necessarial,
873 1984 942 2058 quia
962 1982 1105 2057 aliquibus
1124 1999 1199 2058 quos

143 2078 228 2139 Deus
249 2080 286 2139 ad
307 2080 363 2139 hoc
385 2083 572 2158 praeordinat
593 2082 685 2141 taliter
700 2081 838 2150 confiteri,
854 2098 922 2138 cum
942 2079 1025 2138 multi
1039 2098 1076 2139 ex
1097 2081 1198 2138 embe-

143 2177 257 2238 scentia
280 2176 364 2238 Deo⁰
387 2179 557 2238 confitendo
585 2190 738 2255 peecatum
766 2178 966 2247 commissum,
992 2187 1022 2236 et
1050 2196 1086 2236 ex
1115 2194 1198 2236 com·

143 2275 290 2352 pletione⁷
303 2277 499 2352 poenitentiae
521 2278 674 2353 injunctae,
691 2295 757 2335 cum
779 2277 882 2334 timore
904 2275 973 2334 alias
995 2276 1089 2335 taliter
1106 2274 1197 2333 confi-

143 2373 234 2444 tendi,
245 2392 263 2432 a
276 2383 399 2449 peccato
413 2375 517 2432 iterum
527 2373 737 2432 committendo
750 2373 943 2432 communiter
953 2391 984 2431 se
996 2383 1197 2448 praeservant3

144 2472 274 2532 sednon
288 2473 386 2532 credat
403 2472 514 2549 aliquis,
529 2473 600 2550 quin
619 2473 681 2530 sine
701 2471 749 2531 tali
769 2471 953 2531 confessione
973 2472 1123 2529 auricrdari
1143 2481 1197 2530 stat

145 2569 297 2629 hominem
312 2589 378 2629 vere
393 2571 503 2630 conteri
517 2581 545 2629 et
561 2570 671 2639 salvari,
686 2586 754 2627 cum
769 2568 870 2627 Petrus
887 2569 1011 2645 injunxit
1030 2569 1196 2644 generalem

144 2669 365 2744 poenitentiam,
387 2679 418 2727 ut
439 2678 519 2744 patet
538 2666 604 2726 Act.
626 2666 679 2738 ii.⁸,
701 2678 729 2724 et
751 2666 880 2737 suffecit5
911 2667 971 2724 imo
992 2667 1071 2725 aliter
1092 2684 1197 2725 omnes

145 2765 255 2822 mortui
280 2783 297 2823 a
321 2776 454 2842 tempore
484 2766 663 2824 ascensionis
691 2764 798 2823 Christi
825 2782 918 2840 usque
947 2765 985 2822 ad
1009 2762 1198 2822 Innocentiam

146 2865 256 2920 arnum
281 2861 377 2922 forent
404 2864 541 2934 damnati,
567 2863 647 2940 quod
669 2862 751 2921 neias
776 2873 818 2921 est
841 2863 967 2932 credere,
993 2880 1061 2920 cum
1089 2879 1198 2938 suppo·

146 2961 253 3031 nimus,
269 2961 349 3037 quod
363 2962 418 3020 sub
433 2962 486 3021 ista
505 2961 570 3038 lege
585 2961 682 3038 papali
702 2971 731 3019 et
751 2961 814 3036 ejus
834 2961 977 3020 servantia
999 2961 1095 3037 plures
1116 2959 1198 3018 dam·

147 3068 254 3117 nantur
264 3076 353 3134 quam
368 3059 497 3119 damnati
509 3059 620 3119 fuerant
631 3061 695 3118 sine
709 3059 764 3117 illa.
800 3058 935 3117 Similiter
946 3076 1034 3116 nemo
1045 3059 1198 3117 absolvens

147 3158 342 3217 communiter
365 3158 419 3216 scit
442 3158 629 3233 gravedinem
657 3158 768 3233 peccati
797 3155 931 3226 confessi,
957 3156 1030 3214 sicut
1055 3156 1147 3214 nescit
1175 3157 1199 3214 si

147 3254 292 3315 confitens
316 3254 352 3313 sit
379 3256 529 3324 contritus,
554 3265 583 3313 et
608 3256 681 3312 bene
707 3254 760 3313 scit
784 3254 864 3329 quod
893 3253 974 3311 aliter
1001 3270 1062 3310 non
1090 3253 1200 3311 deletur

148 3363 321 3430 peccatum;
343 3352 495 3428 quomodo
509 3370 580 3427 ergo
595 3350 764 3409 mentiendo
778 3368 865 3425 super
879 3348 1027 3409 Christum
1041 3358 1101 3408 tam
1121 3349 1200 3408 iron-

148 3460 214 3510 tose
236 3449 405 3519 absolveret,
427 3459 456 3508 et
481 3450 698 3526 poenitentiam,
723 3448 805 3524 cujus
827 3447 1048 3523 proportionem
1073 3448 1112 3506 ad
1132 3466 1200 3524 pec-

149 3559 248 3610 catum
260 3549 384 3625 ignorat,
395 3548 579 3624 injungeret?
615 3545 751 3604 Similiter
765 3544 903 3603 nonlicet
916 3545 1200 3604 onerareecclesiam

149 3664 219 3706 cum
243 3646 326 3704 novis
351 3645 552 3705 traditionibus
576 3654 605 3703 et
631 3643 792 3719 specialiter
819 3643 970 3718 suspectio,
995 3661 1062 3701 cum
1091 3644 1202 3719 priores

150 3743 316 3804 sufficiant’.
360 3742 420 3803 Sed
433 3743 513 3820 leges
532 3744 570 3802 de
588 3741 820 3802 confessionibus
840 3741 870 3798 in
890 3741 1029 3816 scriptura
1047 3758 1201 3817 expressae

185 3957 194 3988 ¹
211 3957 296 4022 ulmus]
304 3973 392 4021 magis
402 3956 495 4007 n.13..c
504 3956 543 4007 ed
553 3971 589 4020 pr.
642 3955 699 4005 ’.ci
707 3955 882 4012 Decretalium,
891 3955 934 4003 lib
940 3954 970 4003 V.
978 3954 1015 4003 tit.
1025 3954 1121 4003 xxxviii.
1130 3969 1152 4003 c.
1165 3968 1201 4003 ιι.

151 4024 161 4053 ¹
178 4023 346 4087 contentetur
358 4028 548 4079 contentaretur,
560 4021 594 4070 D.
692 4021 723 4049 ⁴
717 4036 741 4069 ιιι
759 4029 810 4070 erat
834 4021 931 4084 ingerit,
943 4018 981 4069 ed.
993 4035 1030 4083 pr.
1135 4019 1203 4070 ⁵ne·

152 4023 624 4151 cessananecessarium‚B.Ced..pr
722 4085 968 4148 ‘eode,.ed.pr
1068 4082 1203 4133 'exeom-

152 4153 262 4218 pletione
286 4153 432 4229 expletione,
444 4153 476 4202 Α
478 4152 506 4201 Β
519 4153 612 4216 primae
623 4166 718 4206 manus,
730 4152 768 4200 ed.
780 4166 817 4215 pr
931 4101 957 4178 Ρ*
974 4150 1032 4200 Act
1044 4148 1068 4199 ii.
1071 4148 1082 4215 ]
1095 4151 1152 4200 Act
1162 4150 1203 4205 iii,

153 4217 251 4274 A.;.cl
264 4218 348 4267 Act.u
333 4233 357 4267 u.
369 4218 410 4278 38.
509 4218 519 4246 ⁹
536 4216 668 4280 sufficiant]
680 4215 809 4272 sufficiunt,
821 4215 860 4264 ed.
872 4231 909 4280 pr.
