2864 4836
549 430 808 508 JOANNIS
850 433 1074 496 WIGLIF
1261 458 1337 496 mn.

263 591 361 668 iquod
389 593 443 652 iste
471 595 557 670 panis
581 596 683 654 virtute
708 596 864 655 verborum
891 597 1225 659 sacramentariorum
1247 612 1337 659 oum·

280 692 409 749 eratione
428 692 587 751 sacerdotis
606 693 692 770 primi
705 694 845 753 veraciter
864 711 971 770 corpus
985 693 1111 767 Christi,
1126 708 1162 756 et
1176 714 1242 757 non
1254 694 1336 775 potin

281 787 385 848 desinit
408 808 473 849 esse
495 791 588 867 panis,
609 808 699 868 quarn
723 791 904 850 humanitas¹
929 810 966 850 ex
990 791 1062 864 hoc,
1085 795 1176 870 quod
1203 794 1239 853 iit
1256 792 1335 861 Deus,

280 885 384 945 desinit
398 905 462 946 esse
477 887 583 960 homo;
614 907 683 948 cum
702 889 821 948 natura¹
838 890 924 967 panis
941 906 1004 949 non
1023 908 1063 949 ex
1085 891 1161 952 binc
1181 890 1335 960 destruitur,

280 984 382 1043 sedin
408 986 571 1062 digniorem
595 989 787 1046 substantiam
811 987 960 1048 exaltatur.
1007 986 1173 1066 Numquid
1199 990 1334 1051 creditum

280 1083 361 1156 quod
375 1081 506 1158 Baptista
521 1102 558 1143 ex
571 1084 629 1144 hoc
645 1086 727 1161 quod
746 1085 798 1145 fuit
817 1085 911 1146 factus
930 1085 1034 1146 Helias
1052 1087 1164 1147 virtute
1186 1090 1334 1148 verborum

280 1179 386 1239 Christi
408 1181 511 1241 Matth.
527 1185 574 1253 xi,
596 1183 680 1242 desiit
703 1201 768 1244 esse
789 1183 941 1261 Johannes
961 1183 1006 1243 vel
1027 1184 1141 1262 aliquid
1165 1186 1254 1263 quod
1273 1184 1334 1244 mb

279 1279 445 1338 stantialiter
465 1291 531 1339 ante
556 1280 658 1340 fuerit?
702 1281 900 1341 conformiter
924 1299 985 1340 non
1008 1293 1137 1359 oportet,
1163 1284 1333 1361 quodlicet

280 1378 364 1452 panis
391 1378 510 1453 incipiat
536 1397 601 1437 esse
629 1397 737 1456 corpus
762 1378 869 1439 Christi
896 1380 998 1439 virtute
1022 1382 1185 1441 verborum
1211 1399 1334 1452 suorum,

279 1475 392 1533 desinat
413 1493 477 1534 esse
498 1477 591 1552 panis,
605 1494 674 1535 cum
687 1479 772 1553 panis
792 1477 845 1536 fuit
866 1477 1101 1550 substantialiter,
1116 1497 1155 1538 ex
1177 1479 1240 1540 hoc
1258 1477 1332 1556 quod

278 1573 379 1649 incipit
392 1592 456 1632 esse
472 1576 716 1635 sacramentaliter
727 1593 835 1652 corpus
847 1573 962 1634 Christi.
999 1575 1096 1635 Sicut⁸
1110 1578 1194 1636 enim
1207 1576 1334 1637 Christus

280 1671 349 1730 dicit
374 1671 448 1731 ‘hoc
462 1681 507 1731 est
525 1691 632 1748 corpus
650 1673 766 1743 meum,’
782 1674 884 1732 virtute
898 1690 1024 1750 quorum
1042 1673 1204 1733 verborum
1223 1680 1333 1752 oportet

280 1768 348 1827 illud
375 1770 546 1842 concedere,
564 1772 621 1830 sic⁴
641 1772 672 1830 in
693 1770 846 1847 evangelio
867 1769 972 1830 Matth.
991 1769 1029 1828 xi.
1048 1769 1085 1828 de
1100 1769 1240 1848 Baptista
1259 1789 1334 1831 asse·

279 1869 364 1927 ritur:
395 1870 436 1927 ‘si
458 1870 543 1927 vultis
565 1871 646 1940 scire,
669 1870 733 1946 ipse
754 1879 798 1928 est
818 1867 939 1940 Helias,'
960 1877 990 1926 et
1010 1877 1131 1944 propter
1151 1868 1333 1929 laborem'nr

280 1967 445 2042 aequivocis
460 1966 592 2026 Christus
607 1985 668 2026 non
688 1967 860 2026 contradicit
874 1965 1022 2042 Baptistae
1040 1965 1190 2043 Johannis
1203 1967 1235 2039 i,
1250 1965 1334 2028 dum'

280 2065 397 2122 asserit:
420 2069 498 2122 ‘non
514 2082 579 2122 sum
594 2063 697 2124 Helias
705 2065 723 2137 ;'
744 2083 821 2123 unus
836 2065 915 2123 enim
929 2063 1060 2140 intelligit
1074 2065 1159 2140 quod
1172 2077 1218 2124 est
1234 2064 1332 2125 Helias

280 2161 441 2237 figuraliter,
463 2172 493 2219 et
513 2163 585 2220 alius
605 2162 686 2239 quod
707 2181 769 2222 non
790 2173 833 2221 est
848 2161 951 2221 Helias
970 2161 1182 2239 personaliter3
1211 2173 1243 2222 et
1263 2180 1332 2223 oon·

279 2258 408 2318 formiter
435 2278 496 2317 non
524 2261 741 2332 contradicunt;
776 2259 828 2319 sed
855 2261 1048 2336 aequivocam
1075 2260 1126 2336 qui
1155 2260 1332 2329 concedunt,

279 2357 359 2432 quod
385 2357 442 2416 hoc
466 2369 681 2416 sacramentum
706 2377 768 2418 non
789 2368 833 2417 est
854 2358 969 2434 (supple
992 2357 1202 2433 ‘naturaliter’l
1226 2376 1333 2438 corpus

281 2455 395 2527 Christi,
409 2467 438 2514 et
452 2455 530 2515 idem
544 2466 759 2515 sacramentum
779 2466 822 2515 est
837 2455 992 2531 figuraliter
1011 2473 1118 2532 corpus
1134 2455 1253 2517 Christi
1295 2456 1333 2516 Et

279 2565 421 2630 quantum
442 2555 480 2613 ad
499 2554 567 2612 illud
589 2555 747 2614 assertum⁶
762 2555 800 2612 ab
818 2552 969 2612 haereticis
988 2554 1136 2625 induratis,
1151 2556 1236 2632 quod
1256 2574 1331 2614 nun·

279 2671 368 2728 quam
383 2652 569 2723 celebrarent,
585 2653 609 2710 si
624 2652 680 2710 hoc
696 2652 846 2710 crederent
860 2670 924 2710 esse
939 2669 1047 2723 vemm‚
1062 2670 1161 2711 revera
1179 2653 1333 2730 prodesset

280 2750 417 2809 ecclesiae
439 2761 468 2808 et
483 2752 597 2809 cederet
619 2751 656 2809 ad
672 2751 815 2809 honorem
830 2750 895 2821 Dei,
911 2751 991 2828 quod
1006 2751 1077 2810 tales
1090 2764 1244 2828 apostatae
1259 2772 1332 2812 nun·

280 2865 367 2923 quarn
390 2867 475 2905 suurn
500 2849 636 2908 accidens
660 2860 873 2919 consecrarent,
895 2850 964 2925 quia
986 2867 1038 2924 per
1058 2848 1116 2908 hoc
1138 2850 1333 2927 multipliciter

280 2946 483 3021 blasphemant
501 2948 530 3004 in
550 2947 656 3016 Deum,
673 2958 701 3004 et
720 2948 870 3023 implicant
883 2946 981 3005 Deum
995 2965 1060 3006 esse
1079 2958 1232 3008 auctorem
1251 2968 1332 3008 men·

280 3045 369 3114 dacii;
392 3057 505 3121 ponunt
519 3048 607 3116 enirn,
622 3045 701 3122 quod
715 3045 867 3116 mundum,
882 3064 971 3123 quem
986 3045 1067 3104 Deus
1088 3048 1220 3118 creavit',
1236 3050 1332 3108 statim

280 3145 437 3215 destruunt,
459 3146 527 3222 quia
551 3146 701 3203 materiam
727 3146 859 3220 primam,
882 3163 971 3221 quarn
992 3145 1073 3205 Deus
1098 3146 1243 3206 ordinavit
1267 3166 1331 3207 esse

279 3255 459 3320 perpetuam,
484 3243 651 3314 destruunt;
683 3254 712 3301 et
737 3243 807 3300 nihil
832 3245 971 3301 innovant
993 3243 1061 3302 huic
1082 3245 1196 3303 mundo
1217 3257 1332 3322 praeter

280 3342 345 3411 hoc,
371 3341 451 3417 quod
476 3342 652 3399 mentiuntur
677 3359 708 3398 se
734 3340 829 3399 lacere
857 3341 986 3400 inaudita
1009 3340 1229 3413 miracula⁸,·in
1258 3362 1332 3421 quae

280 3440 398 3498 indubie
413 3440 494 3497 Deus
509 3457 570 3497 non
584 3449 689 3514 potest,
704 3449 732 3497 et
747 3440 797 3506 sic,
812 3448 844 3497 ut
858 3439 980 3515 fingunt,
995 3438 1104 3497 iaciunt
1120 3457 1232 3499 novum
1247 3460 1332 3500 mun·

281 3538 358 3596 dum.
397 3537 477 3608 Quid
491 3555 561 3613 ergo
576 3536 716 3608 obesset⁹,
728 3537 809 3612 quod
824 3537 894 3596 tales
909 3536 1043 3596 haeretici
1058 3537 1165 3597 idiotae
1180 3557 1332 3617 nunquam

281 3635 465 3706 celebrarent,
488 3654 556 3693 cum
578 3637 650 3694 sicut
675 3636 810 3710 ignorant
831 3653 934 3694 vocem
960 3636 1108 3711 propriam
1134 3637 1176 3695 sic
1196 3637 1334 3713 ignorant

280 3732 469 3809 quidditatem
484 3734 657 3792 sacramenti
671 3733 752 3808 quod
767 3733 876 3791 faciunt
890 3743 918 3791 et
933 3733 1075 3793 adorant?

323 3831 381 3890 Sed
402 3841 543 3907 quantum
565 3831 602 3889 ad
616 3832 764 3889 veritatem
785 3831 861 3901 fidei,
876 3831 956 3905 quod
976 3831 1032 3889 hoc
1054 3841 1269 3890 sacramentum
1289 3842 1333 3890 est

314 3982 321 4010 ¹
339 3978 490 4042 humanitas]
503 3978 644 4027 humanitas
655 3977 756 4031 Christi.
769 3978 862 4029 ΑΒΕ.
1037 3976 1047 4005 ¹
1063 3978 1163 4042 natura]
1176 3978 1288 4034 materia,
1300 3979 1332 4026 Α.

280 4045 290 4073 ³
306 4046 381 4109 sicut]
394 4045 437 4096 sic,
449 4044 486 4093 ed.
498 4061 535 4108 pr.
683 4044 692 4071 ⁴
709 4042 756 4107 sic]
769 4044 839 4100 sicut,
851 4044 910 4092 BC.
923 4042 960 4093 ed.
972 4058 1010 4107 pr.
1165 4043 1176 4073 ⁸
1191 4042 1263 4107 dum]
1276 4058 1333 4092 cum

281 4110 568 4239 {setthim
593 4174 623 4223 ed
650 4108 703 4240 μ’
719 4109 852 4173 mmm]
865 4108 1334 4238 “ihiltfnllwli

175 4242 186 4261 ²
280 4241 291 4268 ’
308 4239 418 4304 obesset]
431 4240 510 4294 obest.
524 4241 566 4295 B.;
579 4240 683 4297 abesset,
695 4239 733 4289 ed.
746 4255 783 4304 pr.

1181 4320 1292 4363 wtcut·
