2864 4836
603 400 859 482 loannis
885 403 1096 466 Wrcnrn
1303 427 1381 464 mr.

328 565 423 625 tiones
444 582 462 624 a
484 565 596 624 cunctis
616 564 784 624 hominibus
804 565 1034 643 relinquendam.
1083 565 1122 626 Et
1142 585 1179 628 ex
1201 568 1259 626 isto
1281 583 1381 626 errore

328 663 470 740 pullulant
488 662 536 722 alii
554 662 668 722 infiniti.
711 661 776 722 Nec
800 663 931 723 moveat¹
956 674 1007 724 tua
1030 665 1142 742 argutia
1167 666 1209 725 ‘si
1232 663 1380 741 singulum

328 762 583 839 incomplexorum
607 761 753 837 significat
776 761 896 838 aliquod
920 762 1023 821 decem
1046 781 1197 840 generum,
1221 780 1294 840 ergo
1319 779 1380 820 non

331 870 400 919 sunt
419 859 529 937 ydeae!
573 858 652 918 Nam
668 878 757 918 omne
771 859 990 937 incomplexum
1008 870 1068 920 tam
1082 860 1272 939 kategorema
1290 876 1380 938 quam

330 956 574 1035 synkategorema
594 957 729 1034 primarie
750 958 795 1016 vel
816 957 986 1018 secundarie
1010 959 1154 1036 significat
1177 959 1381 1029 substantiam,

330 1056 391 1114 imo
406 1055 533 1114 divinam
547 1056 714 1126 essentiam,
728 1065 757 1114 et
772 1055 829 1115 sic¹
842 1057 963 1115 nomina
976 1055 1117 1134 ydearum
1135 1057 1301 1135 significant
1320 1067 1381 1115 tam

331 1153 507 1212 substautias
530 1171 620 1229 quam
645 1152 773 1211 divinam
797 1155 963 1214 essentiam.
1006 1153 1065 1214 Sed
1090 1164 1220 1216 nonest
1244 1156 1335 1225 color,
1356 1154 1381 1212 si

332 1269 444 1311 nomen
467 1250 560 1328 ydeae
584 1251 730 1328 signifieat
755 1252 947 1311 substantiam
970 1252 1016 1312 vel
1040 1252 1133 1312 aliud'
1160 1252 1382 1330 assignandum,

332 1367 403 1427 ergo
417 1360 461 1409 est
475 1349 632 1409 formaliter
645 1347 714 1408 illud
729 1349 948 1427 significatum⁴,
962 1351 1031 1428 quia
1044 1351 1086 1410 sic
1103 1349 1185 1410 Deus
1201 1359 1279 1410 esset
1291 1367 1382 1427 quae·

331 1449 400 1507 libet
414 1458 554 1520 creatura,
568 1457 597 1507 et
611 1465 701 1506 omne
715 1448 893 1508 nominabile
908 1448 984 1508 foret
997 1446 1072 1526 ydea
1089 1457 1214 1520 aeterna,
1230 1448 1304 1507 sicut
1319 1447 1381 1525 qui-

332 1546 401 1606 dam
425 1557 554 1606 errantes
577 1545 744 1605 concedunt
751 1564 760 1619 ;
795 1546 872 1622 ydea
895 1565 968 1624 ergo
995 1556 1040 1606 est
1067 1547 1256 1606 essentialiter
1280 1556 1384 1606 natura

332 1644 436 1718 divina,
451 1654 480 1704 et
499 1643 657 1704 formaliter
671 1644 752 1714 ratio,
767 1643 929 1704 secundum
948 1663 1039 1722 quam
1052 1643 1134 1705 Deus
1151 1645 1284 1722 intelligit
1302 1661 1384 1704 crea·

332 1746 419 1803 turas.
461 1742 500 1802 Et
517 1743 559 1802 sic
578 1741 767 1818 intelligendo
786 1743 927 1801 terminos
948 1741 1055 1801 mod0⁸
1068 1760 1129 1820 quo
1146 1743 1288 1819 scriptura
1301 1759 1384 1803 sacra

332 1852 361 1901 et
375 1841 543 1919 philosophi
557 1840 710 1918 rectiloqui
725 1849 934 1916 concepenmt,
945 1857 1008 1899 non
1022 1837 1177 1900 subversa⁶
1186 1840 1384 1918 philosophia,

334 1939 387 1999 sed
400 1948 572 2016 praeparata
585 1938 678 1998 esset⁷
691 1938 737 1996 via
752 1937 790 1996 ad
806 1937 1024 2014 philosophiam
1043 1939 1129 1998 nobis
1143 1939 1256 1999 miseris
1269 1956 1385 2016 cogno·

334 2036 483 2096 scendam.
539 2034 604 2095 Nec
632 2035 794 2094 Arciloteles
825 2035 907 2095 scivit
934 2036 1019 2095 istam
1052 2037 1226 2097 sententiam
1253 2036 1386 2096 Platonis

334 2135 490 2205 destruere,
512 2133 566 2192 sed
586 2131 806 2209 aequivocando
831 2151 866 2192 ac
889 2133 1056 2210 ignorando
1077 2134 1227 2194 virtutem⁸
1253 2135 1299 2194 sui
1323 2153 1385 2195 ser·

334 2232 432 2291 monis
455 2230 562 2290 multos
584 2230 719 2290 homines
745 2231 826 2290 duxit
850 2232 881 2289 in
906 2231 1030 2291 devium.
1073 2231 1132 2292 Sed
1153 2232 1334 2311 Augustam
1356 2243 1386 2293 et

335 2329 419 2389 multi
438 2328 485 2388 alii
504 2345 631 2388 errorem
645 2329 806 2387 Aristotelis
824 2329 1003 2389 detexemnt.
1048 2329 1088 2390 Et
1105 2340 1193 2408 patet,
1208 2332 1290 2408 quod
1304 2350 1386 2392 assu-

335 2428 391 2487 mis
410 2426 516 2486 falsum
535 2436 564 2487 et
582 2425 761 2486 infundabile
781 2426 818 2486 de
836 2426 996 2486 Ariitotelr's
1014 2430 1160 2489 sententia
1178 2439 1266 2507 atque
1280 2429 1386 2489 verbis.

335 2523 423 2584 Unde
437 2522 541 2602 aliqui’
560 2523 643 2583 deliri
660 2525 752 2583 nostri
770 2524 910 2602 temporis
929 2525 968 2584 ad
986 2535 1099 2586 tantum
1116 2526 1191 2604 lapsi
1205 2537 1273 2587 sunt
1286 2528 1318 2587 in
1331 2529 1388 2587 ista

335 2623 464 2694 materia,
484 2622 565 2699 quod
585 2621 760 2693 concedunt,
780 2623 861 2700 quod
883 2623 1029 2700 quaelibet
1049 2636 1187 2697 creatura,
1208 2626 1270 2685 imo
1292 2627 1387 2704 quod-

336 2722 405 2781 libet
426 2720 613 2790 nominabile,
634 2729 679 2778 est
701 2719 785 2797 ydea,
806 2730 838 2778 ut
857 2719 948 2780 homo
967 2721 1129 2781 secundum
1153 2722 1307 2797 rationem,
1328 2742 1387 2802 qua

281 2876 285 2883 ,
339 2819 506 2894 intelligitur
530 2836 549 2876 a
573 2827 602 2876 te
627 2818 670 2875 vel
692 2817 758 2888 alio,
779 2827 823 2877 est
851 2819 935 2895 ydea,
957 2821 1049 2879 etsie
1069 2830 1213 2894 aeternus,
1235 2823 1388 2900 ingenera-

339 2916 437 2987 bilis¹⁰,
453 2915 693 2992 incorruptibilis,
714 2934 770 2975 nec
784 2916 882 2975 solum
896 2916 962 2987 hoc,
980 2917 1033 2976 sed
1047 2917 1122 2977 lilius
1142 2927 1217 2991 tuus,
1233 2931 1262 2979 et
1274 2922 1389 2981 infinita

337 3013 475 3084 similia¹¹,
491 3032 566 3090 quae
581 3032 647 3072 vere
667 3015 804 3089 ponimus
825 3032 881 3074 nos
900 3032 962 3073 non
982 3015 1104 3075 existere
1123 3018 1263 3091 absolute,
1285 3038 1388 3081 ueces-

337 3113 413 3172 sario
428 3122 495 3172 sunt
507 3110 609 3189 ydeae,
624 3122 653 3170 ct
667 3112 708 3170 sic
715 3111 736 3144 ¹²
750 3120 782 3169 tu
797 3110 890 3172 habes
909 3113 1038 3174 infinitos
1057 3114 1141 3187 lilios,
1160 3126 1189 3177 et
1207 3117 1248 3176 ita
1266 3118 1305 3178 de
1326 3121 1388 3182 aliis

338 3210 445 3270 frivolis
459 3211 518 3268 risu
533 3210 637 3286 dignis.

378 3308 514 3368 Pseustri.
557 3307 640 3366 Licet
653 3308 733 3384 parvi
744 3308 856 3384 pendas
867 3307 946 3367 illam
960 3309 1095 3386 logicam,
1110 3320 1209 3370 tamen
1222 3312 1307 3373 multi
1321 3316 1389 3374 sub·

337 3407 401 3467 tiles
423 3406 512 3483 logici
535 3406 626 3465 nostri
651 3406 791 3482 temporis
816 3406 891 3465 hanc
917 3406 1080 3479 admittunt,
1103 3419 1132 3468 et
1153 3427 1242 3486 grave
1267 3413 1390 3485 videtur,

340 3504 421 3582 quod
434 3504 517 3563 Deus
531 3503 619 3562 non¹³
629 3503 768 3579 intelligat
783 3503 873 3562 tilium
887 3514 977 3577 tuum,
988 3516 1121 3565 montem
1132 3525 1262 3581 aureum,
1273 3510 1391 3572 inintel-

338 3599 481 3680 ligibilc²⁴,
496 3619 564 3661 cum
578 3602 620 3661 eis
635 3602 784 3673 similibus,
796 3603 852 3663 nisi
863 3602 945 3663 Deus
956 3603 1061 3665 habeat
1073 3604 1172 3682 ydeas,
1185 3625 1240 3684 per
1247 3626 1324 3688 quas
1337 3611 1392 3672 ista

372 3805 507 3870 ¹moveat]
520 3812 610 3882 movet.
623 3806 652 3856 C.
664 3806 701 3856 ed.
711 3811 750 3881 pr.
827 3805 980 3871 ’sic]tunc,
992 3808 1121 3875 C.ed.pr.
1170 3811 1392 3932 'wlff'

339 3873 377 3922 ed.
386 3888 422 3937 pr.
488 3870 689 3935 ‘significatum
698 3877 829 3935 signatum,
837 3872 875 3921 ed.
883 3888 919 3936 pr.
976 3874 1291 3940 'modoquo]quotnodo,
1362 3884 1391 3933 C.

339 3939 377 3988 ed.
389 3954 426 4004 pr.
492 3936 942 4013 ‘subversa]subversatus,A.B.C.;
963 3940 1221 4021 subvertitumdpr..
1258 3946 1392 4025 .'⁶Y“¹]

340 4011 384 4059 est,
396 4003 490 4053 A.B.C.
574 4001 1081 4097 immutem]ventatem,21⁰lBCed.pr5
1117 4071 1123 4082 .
1162 4007 1392 4088 ⁰anmequ

340 4067 768 4198 stultissimis.
781 4070 1393 4212 inne¹th²fttb¹¹¹³lbfflt3lltdtss:

342 4199 359 4229 ¹³
375 4198 438 4262 non]
451 4213 500 4247 orn.
513 4198 545 4247 D.
558 4199 596 4248 ed.
608 4214 645 4263 pr.
743 4197 761 4228 ¹⁴
777 4198 969 4264 inintelligibile]
981 4199 1143 4265 intelligibile,
1154 4205 1192 4256 cd.
1202 4220 1241 4270 pr.
