2864 4836
552 411 808 492 Jorrvrvrs
850 415 1095 479 vvrcrrr’
1262 435 1313 474 mr

277 582 357 649 patet
370 573 434 632 luce
449 573 559 644 clarius,
576 574 656 651 quod
675 572 786 633 domini
800 578 997 651 temporales
1019 580 1055 638 in
1076 579 1312 641 omnibusistiset

277 689 309 729 se
330 671 458 729 indicant
478 672 610 742 irretitos,
631 682 660 731 et
681 672 843 748 specialiter
863 673 897 731 in
922 675 1058 737 duobus
1081 680 1203 750 ultimis,
1221 696 1253 737 eo
1266 670 1314 751 qd

277 769 437 827 vecorditer
464 769 635 828 subtrahunt
663 770 837 846 adjutorium
866 781 898 830 et
935 777 1227 851 reprehensionem,
1248 774 1315 851 qffl

277 867 432 925 rectificata
446 866 519 926 foret
538 869 592 926 ista
607 867 713 927 Christi
732 878 760 926 et
778 867 924 927 ecclesiae
940 888 1022 931 suae
1039 874 1165 950 injuria,
1180 892 1243 934 cum
1253 882 1316 930 tatu

277 964 390 1022 illomm
411 966 446 1022 sit
460 983 496 1022 ex
516 983 605 1024 causa
623 965 772 1041 multiplici
789 964 866 1023 hanc
882 965 1000 1027 ChrIsti
1022 971 1173 1047 injuriam
1186 970 1318 1032 emesae:

276 1063 372 1137 primo
393 1063 461 1137 quia
481 1063 520 1119 illi
541 1074 608 1122 sunt
629 1064 678 1140 qui
699 1063 729 1121 in
750 1063 968 1123 commissione
995 1067 1084 1128 illius
1107 1071 1231 1148 injuriae
1247 1080 1319 1145 pet*

276 1159 401 1230 verunt¹,
416 1160 484 1218 ideo
499 1160 613 1218 illorum
630 1170 674 1220 est
693 1159 857 1219 satisfacere
876 1178 933 1236 pro
955 1176 1119 1239 peccato;
1142 1162 1320 1240 secundoqfl

275 1256 358 1315 Deus
379 1257 416 1316 ad
437 1258 598 1334 regendum
619 1276 702 1317 suam
723 1257 875 1316 ecclesiam
896 1260 940 1318 eis
969 1262 1070 1322 talem
1094 1265 1239 1326 contulit¹
1255 1274 1321 1341 put*

276 1365 374 1425 tatem,
388 1364 419 1414 ut
434 1365 513 1432 patet
528 1354 616 1415 Rom,
632 1357 698 1426 xiii,
713 1355 779 1414 ideo
799 1374 836 1414 ne
855 1356 988 1415 otientur
1006 1360 1058 1417 in⁸
1073 1373 1229 1438 potestate
1241 1354 1323 1421 isarel

275 1471 311 1511 ea
330 1453 508 1529 culpabiliter
526 1455 688 1525 abutantur,
703 1454 867 1513 exercenda
887 1455 986 1514 estin
1007 1467 1100 1519 tanta
1120 1461 1233 1522 Christi
1249 1456 1324 1537 irJrr'r

276 1569 358 1608 more
373 1569 444 1623 suo;
466 1550 598 1610 Christus
611 1553 691 1610 enim
706 1553 736 1609 in
749 1551 937 1627 reprobando
954 1555 1145 1618 sacerdotes
1161 1560 1259 1636 templi
1275 1570 1325 1616 un

276 1648 327 1706 fuit
339 1646 442 1725 saepe⁴
452 1650 507 1708 ista
517 1650 597 1725 regia
608 1659 759 1727 potestate,
770 1666 837 1708 cum
852 1650 883 1707 in
893 1666 1029 1725 persona
1041 1671 1100 1712 sua
1116 1656 1209 1733 ejecit
1222 1664 1327 1716 emutat

276 1757 304 1804 et
318 1746 477 1805 vendentes
491 1747 528 1805 de
543 1748 660 1823 templo,
676 1757 707 1805 ut
728 1755 807 1823 patet
824 1745 968 1823 Johannis
983 1747 1014 1807 ii.
1061 1751 1104 1810 Et
1121 1772 1219 1831 saepe
1236 1751 1328 1831 praed·

276 1845 387 1904 cando⁵
408 1863 442 1903 ac
464 1846 649 1922 reprobando
671 1843 803 1904 Christus
823 1843 973 1903 verbaliter
993 1848 1150 1924 corripuit
1172 1852 1330 1915 sacerdota

277 1953 308 2001 ut
335 1953 414 2019 patet
442 1943 473 1999 in
501 1960 554 2001 sua
582 1945 717 2018 captione
741 1953 770 2001 et
798 1942 945 2018 passione,
971 1959 1007 2000 ac
1034 1958 1109 2019 post
1138 1951 1330 2008 ascensionem

277 2058 355 2099 anno
371 2059 419 2111 42,
435 2041 464 2098 in
485 2041 572 2099 servis
592 2041 651 2098 suis
666 2040 737 2099 Tito
751 2048 780 2098 et
794 2038 979 2116 Vespasiano
993 2044 1178 2106 sacerdotes
1194 2065 1265 2106 suos
1282 2046 1331 2104 dre

276 2139 421 2213 corripuit,
436 2138 509 2196 sicut
529 2136 626 2195 Lucae
641 2138 698 2196 xix.
715 2137 913 2215 prophetavit:
939 2136 1028 2212 ‘quia
1047 2140 1073 2197 si
1094 2145 1295 2218 cognovisses
1309 2150 1332 2200 et

277 2235 315 2292 tu’
331 2245 385 2293 etc.
427 2234 466 2292 Et
484 2235 570 2293 istam
590 2235 762 2293 sententiam
782 2233 900 2310 pulchre
920 2233 1049 2292 declarat
1070 2237 1183 2299 beams
1203 2240 1332 2307 latrem,

276 2344 307 2391 ut
329 2342 411 2390 notat
432 2332 590 2390 Decretum
605 2333 683 2390 xxiii,
703 2341 814 2409 quaest.
830 2346 857 2404 5,
874 2331 1000 2408 capitulo
1017 2330 1198 2412 ‘Principes
1219 2336 1332 2399 seculi⁸.'

278 2430 308 2489 Si
321 2431 400 2488 enim
413 2430 528 2488 tenent⁷
541 2430 711 2507 temporalia
725 2446 778 2488 sua
791 2448 809 2488 a
820 2428 935 2488 Christo
950 2439 981 2487 ut
995 2446 1067 2504 rege
1082 2434 1212 2508 regum⁸
1222 2445 1334 2512 propter

278 2529 390 2585 servitia
404 2528 471 2585 inde
492 2528 597 2597 debita,
613 2528 701 2602 quod,
719 2544 802 2602 rogo,
817 2527 961 2585 servitium
980 2524 1054 2584 foret
1075 2529 1121 2585 eis
1143 2532 1332 2605 pertinentius

277 2643 365 2700 quam
387 2625 561 2683 vindicando
584 2624 689 2684 Christi
714 2624 848 2700 injuriam
873 2634 903 2682 et
925 2624 1145 2684 ordinationem
1168 2646 1259 2687 suam
1279 2640 1332 2687 tam

277 2724 476 2781 rationabilem
491 2723 697 2781 defendendo?
726 2721 803 2781 Cum
817 2722 895 2780 enim
910 2721 987 2779 idem
998 2722 1033 2779 sit
1045 2720 1201 2783 Christum
1218 2727 1330 2802 diligere

276 2832 305 2878 et
325 2821 421 2896 legem
442 2821 486 2878 vel
507 2839 659 2879 sermones
681 2837 750 2878 suos
771 2837 892 2889 servare,
914 2828 945 2876 ut
966 2829 1045 2894 patet
1065 2817 1136 2895 Joh.
1156 2823 1226 2893 xiv,
1249 2836 1331 2900 patet,

276 2920 356 2992 quod
385 2920 408 2976 si
434 2919 544 2976 domini
574 2917 749 2992 temporales
777 2917 900 2992 diligunt
925 2914 1072 2974 Christum
1101 2935 1194 2994 super
1225 2923 1330 2987 omnia,

276 3017 489 3074 ordinationem
511 3034 594 3074 suam
616 3014 818 3091 praecipuam⁰
839 3014 946 3072 debent
967 3015 1139 3090 potestative
1166 3016 1330 3077 defendere.

276 3113 351 3185 Quis
365 3131 438 3189 rogo
452 3113 619 3188 temporalis
634 3113 770 3171 dominus
788 3114 818 3169 in
832 3113 1025 3171 reversatione
1046 3112 1244 3174 ordinationis
1264 3134 1329 3174 suae

275 3213 447 3286 praecipuae
469 3229 528 3268 non
551 3209 765 3267 offenderetur?
799 3209 838 3266 Et
860 3209 1022 3285 specialiter
1046 3210 1070 3267 si
1093 3210 1150 3268 ista
1175 3216 1328 3272 reversatio

275 3327 415 3384 sponsam
440 3326 522 3366 suam
548 3307 633 3365 violat
659 3317 686 3365 et
708 3307 826 3382 dissipat
853 3325 974 3383 regnum
999 3323 1093 3375 suum,
1120 3309 1216 3368 multo
1237 3311 1328 3386 magis

274 3417 317 3463 est
342 3405 399 3464 hoc
422 3424 520 3464 verum
543 3406 580 3463 de
605 3406 699 3480 prima
720 3405 836 3481 justitia,
860 3403 931 3481 Jesu
955 3402 1108 3463 Christo¹⁰.
1152 3403 1326 3466 Recolerent

275 3521 346 3577 ergo
372 3504 482 3561 domini
511 3502 696 3578 temporales,
721 3501 873 3578 quomodo
897 3500 1028 3560 Christus
1053 3501 1082 3559 in
1106 3507 1326 3563 conversatione

308 3714 316 3742 ¹
333 3713 506 3778 peccaverunt]
520 3720 689 3778 peccaverant,
701 3713 739 3762 ed.
751 3730 789 3778 pr.
891 3713 901 3742 ¹
917 3713 1034 3778 contulit]
1047 3715 1177 3770 concessit.
1191 3716 1221 3765 B.
1235 3717 1325 3781 primae

274 3795 368 3827 manus.
478 3779 709 3842 ³in]om.A.B.C.
819 3778 1099 3843 ‘saepe]om.A.B.C.
1207 3781 1325 3845 ‘praedi-

274 3844 365 3906 cando]
384 3844 508 3907 patiendo,
521 3845 552 3892 A.
565 3844 692 3899 secundae,
706 3843 733 3892 B.
751 3843 845 3906 primae
860 3859 955 3898 manus.
969 3844 1001 3892 D.
1013 3845 1051 3893 ed.
1068 3860 1121 3908 pr.;
1147 3847 1286 3909 probando,
1296 3847 1323 3894 C.

293 3911 368 3957 rimae
379 3925 473 3957 manus.
606 3909 616 3937 ⁶
632 3909 663 3956 ci.
676 3909 774 3957 Decreti
787 3910 844 3957 Part
857 3909 890 3957 11.
903 3925 968 3958 caus.
980 3909 1045 3957 xxiii.
1057 3918 1151 3973 quaest.
1165 3923 1188 3972 5,
1199 3912 1230 3960 C.
1243 3928 1288 3963 sn.
1297 3925 1325 3959 ex

274 3925 337 4022 iibro
350 3975 397 4022 111.
431 3973 611 4022 Sententiarum
623 3973 712 4022 isidori
726 3973 888 4037 Hispalensis.
981 3973 990 4002 ²
1008 3974 1105 4039 tenent]
1118 3975 1219 4032 habent.
1233 3976 1323 4024 A.B.C.

274 4040 314 4087 ⁶a
332 4039 432 4088 Christo
449 4047 476 4087 ut
492 4054 549 4101 rege
566 4038 664 4102 regum]
685 4054 735 4087 om.
754 4038 863 4095 A.B.C.;
889 4039 1022 4089 aClrristo
1041 4055 1099 4103 rege
1120 4055 1214 4105 regum,
1231 4041 1271 4091 ed.
1289 4056 1323 4104 pr.

257 4134 260 4165 ,
275 4105 284 4130 ⁰
300 4104 468 4167 praecipuam]
481 4104 638 4167 praecipuam
649 4103 794 4160 ordinando,
808 4104 834 4152 B.
847 4104 941 4168 primae
952 4119 1047 4161 manus,
1057 4105 1097 4154 ed.
1110 4120 1146 4169 pr.
1234 4108 1253 4137 ¹⁰
1269 4107 1323 4171 Jesu

258 4170 260 4225 Ι
274 4168 387 4231 Christo]
400 4170 458 4232 Jesu
470 4169 569 4224 Christi,
581 4168 619 4217 ed.
632 4184 669 4232 pr.
