2864 4836
69 447 165 485 ειη
440 425 781 488 TRIALOGUS.
1216 443 1278 509 219

71 586 220 664 objecisti,
242 586 302 647 dixi
322 597 463 664 tanquam
483 587 645 664 probabilia
664 587 796 647 diffusius
818 587 1028 664 pertractanda.
1072 585 1132 645 Sed
1233 601 1295 676 ⁸2:513

72 683 172 762 placet
185 684 268 761 quod
281 685 434 744 materiam
447 684 484 744 de
499 685 633 762 originali
651 695 774 762 peccato
797 703 865 744 curn
883 687 1040 762 scripturae
1055 686 1132 744 testi·
1166 653 1260 720 ΜΝ

72 781 181 842 monio
204 782 372 854 introducis,
397 783 465 859 quia
488 785 519 842 in
544 784 599 843 ista
623 784 744 843 materia
763 781 902 860 Pelagius
925 793 954 842 et
979 783 1059 840 multi
1085 781 1132 840 alii

71 878 214 953 baeretici
233 879 391 941 deviarunt.
433 879 472 939 Et
490 880 602 940 videtur
615 881 720 956 primo,
735 880 816 957 quod
834 880 966 940 diffinitio
985 879 1133 956 originalis
1167 888 1298 972 gum

73 979 193 1057 peccati
206 979 237 1037 in
256 980 399 1056 principio
419 978 506 1038 debet
524 977 589 1037 dici.
631 978 671 1036 Et
685 978 796 1037 videtur
814 977 996 1036 Anchelmum
1016 987 1132 1037 senten·
1167 970 1250 1014 Μὴ·

74 1074 174 1147 naret
188 1075 269 1153 quod
283 1076 455 1152 descriptiva
469 1087 623 1152 peccatum
637 1075 776 1153 originale
792 1076 828 1134 sit
845 1076 972 1134 carentia
986 1074 1133 1150 originalis

45 1173 203 1251 .jnetifiae
225 1173 357 1234 debitae¹
377 1175 482 1245 inesse,
506 1174 588 1251 quod
607 1174 720 1232 videtur
745 1172 858 1232 difficile
883 1183 1002 1248 propter
1026 1172 1133 1231 multa:

75 1272 176 1349 primo
198 1272 269 1349 quia
289 1271 400 1348 justum
421 1280 465 1330 est
489 1279 519 1328 et
543 1270 580 1329 de
601 1271 784 1330 ordinatione
806 1270 911 1339 dimna,
933 1270 1014 1346 quod
1038 1269 1134 1327 inians

76 1369 264 1431 descendens
288 1368 325 1428 de
349 1377 468 1444 parente
493 1368 708 1445 praevaricante
734 1378 829 1427 careat
856 1367 989 1444 originali
1015 1367 1132 1443 justitia,

77 1484 235 1545 qrrousqne
255 1465 340 1525 fuerit
359 1465 535 1542 baptisatus;
565 1466 717 1542 quomodo
738 1483 810 1542 ergo
831 1476 875 1524 est
896 1474 955 1523 tam
974 1465 1052 1539 justa
1069 1482 1133 1523 sen-

77 1566 173 1627 tentia
191 1574 347 1641 peccatum
371 1563 532 1640 originale?
574 1562 709 1622 Similiter
733 1561 824 1621 homo
845 1564 898 1621 rite
924 1563 1084 1638 baptisatus
1106 1571 1134 1618 et

78 1659 246 1723 reincidens
271 1661 303 1720 in
331 1659 452 1719 mortale
480 1660 649 1736 peccatum³
676 1660 764 1718 habet
797 1660 954 1718 carentiam
987 1658 1135 1734 originalis

74 1759 215 1838 iustitim,
232 1768 263 1818 et
284 1758 326 1817 sic
347 1766 501 1834 peccatum
520 1757 663 1832 originale
684 1756 807 1822 rediens,
827 1768 855 1815 et
874 1774 927 1831 per
947 1773 1134 1831 consequens

78 1866 231 1936 oporteret
254 1873 460 1934 quemcunque
484 1866 657 1932 peccantem
680 1853 838 1912 mortaliter
861 1855 965 1911 iterum
989 1853 1134 1929 baptisari,

77 1955 324 2032 cumbaptismus
333 1953 409 2012 valet
419 1953 574 2030 praecipue
585 1952 624 2012 ad
635 1963 787 2030 peccatum
797 1950 952 2028 originale⁴
963 1950 1134 2024 delendum3

78 2052 137 2114 aed
149 2051 222 2129 quid
234 2051 330 2127 magis
344 2049 540 2110 haereticum?
581 2049 619 2109 Et
634 2050 821 2109 confirmatur
837 2068 873 2108 ex
889 2048 955 2119 hoc,
970 2048 1050 2125 quod
1072 2050 1136 2124 qui·

80 2168 199 2227 cunque
219 2159 305 2208 natus
325 2157 369 2207 est
389 2147 512 2207 habere⁶
526 2147 698 2224 originalem
717 2148 857 2224 justitiam
872 2158 900 2206 et
914 2147 1080 2223 simpliciter
1094 2157 1137 2205 est

80 2249 215 2325 injustus,
231 2256 310 2306 earet
328 2245 461 2321 originali
478 2246 605 2322 justitia3
631 2245 759 2305 similiter
773 2246 870 2304 omnis
884 2245 1038 2304 damnatus
1059 2256 1137 2304 caret

80 2344 216 2422 originali
235 2344 354 2420 justitia,
374 2343 449 2402 sicut
467 2343 553 2419 primi
572 2354 715 2419 parentes,
737 2342 856 2420 quando
870 2354 1078 2420 peecavenmt;
1109 2353 1138 2401 et

80 2439 199 2504 tamen⁶
219 2460 281 2501 non
301 2441 410 2499 habent
430 2458 535 2499 omnes
556 2440 696 2516 originale
717 2450 871 2516 peccatum
893 2451 1043 2517 perpetuo,
1066 2459 1137 2516 ergo

82 2540 240 2617 descriptio
254 2540 351 2597 minus
364 2539 452 2596 bona.
494 2537 568 2596 Ideo
583 2539 681 2597 recolo
695 2555 743 2596 me
758 2537 828 2597 alias
842 2537 957 2607 dixisse,
973 2538 1053 2614 quod
1067 2556 1136 2614 pec·

86 2648 186 2698 catum
200 2635 341 2713 originale
355 2647 399 2695 est
418 2635 565 2712 originalis
585 2634 714 2695 defectus
728 2635 855 2694 hominis
869 2653 887 2694 a
904 2636 998 2712 primo
1017 2645 1136 2711 parente

83 2734 291 2796 descendentis
312 2751 372 2810 quo
392 2734 429 2792 ad
447 2734 585 2811 justitiam
604 2751 693 2809 quam
713 2750 749 2791 ex
769 2733 833 2809 lege
848 2733 903 2791 Dei
923 2732 1011 2791 debet
1030 2734 1136 2791 habere

82 2833 116 2892 in
130 2833 273 2910 principio
288 2833 332 2891 sui
349 2849 429 2903 esse3
455 2840 484 2890 et
503 2831 544 2889 sic
559 2848 620 2889 non
638 2841 683 2890 est
701 2841 855 2906 peceatum
874 2831 1023 2907 originale,
1039 2831 1092 2889 nisi
1107 2832 1137 2888 in

84 2949 140 2991 sua
153 2931 266 3006 origine
280 2930 316 2989 sit
330 2939 519 2988 contractum.
562 2928 600 2986 Et
614 2946 666 3003 per
684 2927 741 2986 hoc
761 2928 898 2986 tolluntur
911 2929 1053 3005 objectm,
1067 2945 1137 2984 nam

84 3029 134 3088 lex
148 3027 205 3086 Dei
219 3028 382 3097 necessitat,
397 3025 477 3103 quod
492 3026 566 3084 sicut
579 3025 671 3083 homo
686 3025 773 3084 debet
786 3025 913 3102 gaudere
934 3044 997 3084 esse
1017 3024 1137 3084 naturali

85 3136 117 3186 et
129 3126 238 3202 justitia
251 3125 384 3202 originali
402 3124 589 3183 occasionata
604 3142 621 3181 a
634 3124 694 3182 suis
712 3124 888 3199 parentibus,
903 3124 944 3182 sie
963 3122 1050 3180 debet
1069 3124 1138 3199 ipsis

86 3224 277 3301 peccantibus
299 3222 469 3299 participare
496 3220 633 3291 defectui,
659 3239 727 3279 cum
751 3221 832 3278 radix
856 3221 953 3279 vitiata
975 3220 1139 3279 necessario

87 3320 178 3379 inficit
192 3320 339 3379 residuum
360 3319 471 3394 stipitis,
486 3337 553 3377 curn
576 3317 646 3375 nihil
665 3317 729 3375 dat⁸
743 3316 823 3393 quod
843 3335 903 3375 non
922 3315 1026 3387 habet;
1055 3327 1084 3374 et
1098 3317 1140 3375 sic

87 3428 242 3496 peccatum
256 3416 396 3494 originale
410 3416 476 3474 licet
487 3416 564 3492 juste
578 3414 725 3490 infligitur,
740 3414 837 3489 ipsum
856 3424 954 3471 tamen
975 3413 1141 3488 simpliciter

87 3525 134 3575 est
161 3516 316 3592 injustum;
353 3532 451 3590 poena
478 3514 556 3572 enim
585 3521 630 3570 est
655 3511 741 3586 justa,
768 3511 819 3568 ubi
849 3520 1003 3586 peecatum
1031 3511 1141 3586 ipsam⁹

88 3630 214 3672 causans
233 3630 295 3671 non
316 3622 414 3689 potest
433 3611 526 3671 taliter
547 3627 611 3669 esse
633 3608 753 3685 justum.
794 3606 834 3665 Et
854 3608 891 3666 ad
913 3608 1052 3667 tantum¹⁰
1072 3609 1142 3668 illud

124 3810 132 3839 ¹
149 3807 313 3859 Anslrelmum
324 3806 482 3871 sententiare]
495 3805 624 3856 Anshelmi
637 3805 757 3854 sententia
768 3813 814 3859 est.
827 3805 856 3854 B.
1004 3804 1015 3833 ²
1029 3804 1140 3869 debitae]

89 3872 180 3929 debite.
192 3873 231 3923 ed.
260 3890 279 3922 r.
377 3873 386 3901 ³
403 3871 544 3949 peccatum]
556 3887 607 3921 orn.
619 3870 647 3919 B.
658 3871 761 3946 primae,
773 3871 803 3920 C.
814 3870 935 3920 secundae
946 3884 1041 3925 manus,
1052 3871 1091 3919 ed.
1103 3885 1140 3934 pr.

89 3938 99 3967 ⁶
115 3937 235 4002 originale
259 3939 333 3988 verba
345 3937 616 4001 ‘rediens-peecatum
628 3935 757 3999 onginale'
770 3936 796 3983 in
808 3935 901 3984 Codice
917 3935 948 3982 A.
963 3935 1140 3983 desiderantur.

89 4003 100 4032 ⁸
115 4010 188 4052 natus
199 4011 236 4052 est
244 4003 344 4065 babere]
356 4003 371 4051 i.
378 4017 399 4051 e.
411 4002 442 4050 ad
452 4000 573 4064 justitiam
586 4000 730 4063 originalem
741 4008 814 4049 natus
825 4007 870 4048 est.
1017 4000 1027 4027 ⁶
1044 3999 1140 4112 tamen]

89 4083 155 4124 eum,
167 4067 206 4117 ed.
217 4084 254 4132 pr.
352 4067 361 4095 ⁷
377 4065 733 4131 defectu]deteetus.n.13.c,;
753 4065 786 4115 de
796 4064 884 4119 fructu,
893 4062 931 4111 ed.
944 4078 980 4127 pr.
1054 4064 1063 4091 ⁸
1079 4063 1131 4112 nilri

89 4132 145 4196 dat]
157 4147 209 4182 non
220 4133 321 4189 divim,
331 4132 371 4181 ed.
382 4148 433 4196 pr.;
451 4146 503 4180 non
513 4131 619 4184 dirimat.
632 4130 665 4178 D.
825 4129 836 4157 ⁹
853 4126 944 4192 ipsam]
957 4128 1044 4192 ipsum,
1053 4129 1091 4178 ed.
1103 4145 1139 4194 pr.

49 4218 53 4223 ·
90 4199 109 4228 ¹⁰
126 4197 234 4261 tanturn]
247 4197 349 4253 dictum,
361 4197 453 4246 A.B.C.
466 4196 504 4246 ed.
516 4211 553 4260 pr.
