2864 4836
140 439 235 485 enare
502 417 841 480 TRIALOGUS.

182 576 306 637 Videtur
318 588 417 637 tamen
432 577 512 650 mihi,
526 579 606 657 quod
621 582 725 641 caritas
739 592 834 657 potest
849 580 969 658 intelligi
988 582 1192 652 communiter,

140 675 216 752 qua¹
232 676 432 736 intellectualis
453 686 583 737 creatura
604 679 707 737 dicitur
726 697 794 738 cara
807 678 899 749 Deo',
919 690 948 738 et
969 680 1011 738 sic
1034 698 1096 738 non
1110 679 1195 738 video

140 773 223 850 quod
237 773 301 832 talis
315 775 418 834 caritas
437 776 625 834 contrariatur
644 776 768 836 invidiae
788 777 949 853 specialiter
968 787 996 836 et
1010 776 1126 848 directe,
1142 777 1196 836 sed

140 872 241 948 potius
254 872 322 930 vitio
337 873 368 930 in
382 874 540 932 communi.
585 872 721 933 Secundo
735 874 827 932 modo
841 874 962 950 intelligi
979 884 1075 950 potest
1090 875 1194 933 caritas

140 958 327 1045 appropriate
341 978 370 1028 et
384 970 554 1046 specialiter,
570 971 733 1029 secundum
747 971 828 1048 quod
847 971 1017 1030 denominat
1032 982 1194 1030 creaturam

139 1067 314 1126 rationalem
328 1086 427 1126 carum
441 1066 549 1127 habere
563 1068 704 1145 quidquid
720 1069 801 1128 Deus
820 1069 935 1127 ordinat
949 1071 979 1127 in
999 1071 1096 1147 aliqua
1115 1087 1194 1128 crea·

139 1152 232 1236 tura;v
254 1173 284 1222 et
308 1165 349 1223 sic
373 1175 470 1240 potest
495 1166 560 1238 dici,
585 1167 666 1242 quod
691 1168 795 1226 caritas
819 1177 847 1225 et
871 1167 977 1226 invidia
998 1178 1066 1226 sunt
1087 1168 1195 1227 directe

139 1261 307 1322 contrahat
349 1261 396 1321 De
415 1263 531 1322 caritate
550 1274 646 1323 autem
661 1265 770 1324 dictum
784 1275 828 1323 est
842 1265 891 1322 tibi
911 1267 1051 1342 superius,
1067 1265 1117 1323 ubi
1137 1274 1196 1323 tres

138 1360 259 1419 virtutes
273 1358 453 1435 theologicae
468 1373 535 1420 sunt
549 1362 718 1438 descriptae.
760 1361 921 1438 Apostolus
933 1363 1020 1422 etiam
1032 1381 1045 1419 r
1058 1361 1126 1421 Cor.
1136 1360 1195 1419 xiii.

138 1458 225 1535 ponit
239 1457 362 1516 breviter
375 1454 418 1516 et⁴
432 1458 551 1535 pulchre
566 1460 748 1519 conditiones
763 1460 890 1519 sedecim
911 1461 1044 1519 caritatis.
1086 1458 1146 1518 Sed
1164 1468 1196 1516 ut

139 1555 268 1613 habeam
281 1558 368 1614 verba
382 1555 479 1614 brevia
494 1566 523 1614 et
535 1556 702 1628 hortatoria,
718 1558 885 1618 studeamus
900 1557 980 1635 quod
1000 1568 1091 1616 totam
1106 1558 1195 1615 vitam

139 1662 274 1712 nostram
288 1652 438 1723 ducamus,
453 1663 482 1712 et
495 1655 595 1713 omnia
609 1672 699 1731 opera
713 1666 814 1715 nostra
828 1656 866 1715 ad
879 1656 1025 1716 honorem
1036 1654 1092 1713 Dei
1108 1654 1195 1712 lacia-

140 1766 218 1821 mus,
233 1758 262 1808 et
275 1761 344 1809 tunc
364 1751 482 1810 indubie
501 1751 623 1810 facimus
643 1753 672 1810 in
692 1753 810 1811 caritate
829 1755 930 1812 omnia
948 1753 1025 1811 lacta
1043 1762 1151 1821 nostra,
1166 1761 1196 1809 et

139 1849 293 1927 plenitudo
308 1849 380 1926 legis
394 1860 438 1909 est
451 1851 515 1910 talis
530 1851 652 1911 dilectio.
695 1850 733 1909 Et
746 1862 778 1910 ut
792 1853 887 1911 dicam
902 1850 1108 1928 particularius,
1122 1866 1195 1926 quo·

141 1947 236 2007 modo
260 1947 402 2007 debemus
427 1948 522 2008 facere
546 1949 585 2008 ad
612 1949 757 2008 honorem
781 1949 838 2008 Dei
865 1949 1005 2027 quidquid
1033 1947 1195 2015 fecerimus,

139 2045 292 2104 videamus
306 2045 401 2121 legem
415 2045 471 2104 Dei
485 2055 514 2105 et
527 2047 689 2123 specialiter
703 2047 877 2124 decalogum
896 2066 931 2107 ae
945 2046 1145 2122 evangelium
1167 2055 1197 2103 et

139 2144 329 2202 observemus
342 2142 420 2202 illam
435 2144 465 2201 in
479 2144 536 2203 vita
549 2154 609 2203 tam
624 2163 721 2221 opere,
737 2163 826 2222 quam
841 2163 985 2216 sermone,
1001 2143 1195 2204 defendamus

139 2240 220 2299 illam
235 2251 337 2300 contra
350 2241 515 2300 antechristi
530 2242 687 2319 discipulos
705 2242 867 2303 hortatione
888 2243 978 2315 suavi,
993 2243 1124 2302 oratione
1143 2241 1197 2300 hu·

139 2338 202 2398 mili
217 2347 246 2397 et
259 2340 429 2415 operatione
443 2339 579 2398 laudabili
593 2358 686 2415 usque
701 2341 739 2399 ad
753 2352 886 2400 mortem.
929 2339 994 2400 Nec
1015 2341 1109 2411 video,
1124 2357 1197 2417 quo·

144 2437 237 2496 modo
257 2438 400 2512 majorem
415 2437 562 2496 caritatem
582 2439 687 2514 poterit
706 2440 771 2515 quis
785 2438 900 2497 habere.
943 2437 1007 2497 Nec
1022 2438 1107 2496 video
1127 2437 1198 2513 quin

142 2534 262 2612 quilibet
283 2533 464 2595 Christianus
486 2545 598 2594 tenetur
620 2536 658 2594 ad
683 2535 771 2594 istum
794 2535 917 2611 gradum
942 2535 1075 2605 caritatis,
1097 2533 1198 2593 saltem

141 2632 282 2709 implicite
303 2630 340 2690 ad
362 2651 480 2691 sensum
502 2634 636 2709 aliquem,
652 2652 682 2692 se
702 2634 827 2710 pararel.
870 2632 929 2692 Sed
944 2644 975 2691 ut
989 2632 1058 2690 dicit
1072 2649 1198 2707 evange-

140 2723 222 2800 lium,
244 2729 410 2806 refrigescet
434 2732 537 2789 caritas
562 2730 729 2802 multorum,
752 2731 833 2807 quod
858 2733 888 2789 in
910 2730 1013 2789 diebus
1034 2729 1197 2787 novissimis

141 2828 213 2887 satis
234 2827 330 2898 claret,
345 2810 412 2887 cum
433 2828 514 2886 multi
536 2839 604 2887 sunt
624 2829 719 2905 legem
734 2828 807 2887 Dei⁸
829 2829 1045 2906 impugnantes,
1061 2837 1089 2886 et
1111 2828 1197 2903 pauci

141 2926 237 3002 ipsam
251 2926 347 2984 debite
365 2925 564 2996 defendentes
580 2926 631 2985 sed
651 2927 757 3002 scripta
777 2928 892 3003 papalia
912 2945 946 2985 ac
965 2927 1121 3002 religiones
1141 2925 1197 3000 pri·

140 3034 222 3082 vatas
237 3024 325 3100 longe
339 3024 463 3100 amplius
478 3024 683 3100 ponderantes.
718 3024 755 3083 Et
770 3043 838 3082 cum
848 3025 879 3082 in
889 3024 994 3082 eadem
1006 3024 1195 3082 damnatione

140 3122 200 3181 sint
224 3139 329 3180 omnes
353 3121 403 3198 qui
428 3121 482 3179 illis
506 3121 603 3197 aliquo
629 3140 681 3180 sex
706 3123 862 3180 modorum
888 3120 1096 3191 consentiunt⁷,
1117 3130 1196 3196 patet

140 3220 224 3297 quod
237 3220 323 3296 pauci
338 3231 404 3279 sunt
418 3221 448 3277 in
463 3228 538 3278 statu
553 3218 649 3295 aliquo
664 3219 801 3290 viatoris⁸,
817 3221 886 3296 quin
901 3228 1020 3297 propter
1039 3218 1196 3278 carentiam

141 3318 225 3377 istius
246 3318 380 3388 caritatis,
401 3317 455 3376 nisi
477 3318 654 3393 resipiscant,
677 3317 798 3376 finaliter
821 3327 888 3375 suut
910 3315 1077 3376 damnandi.
1120 3314 1197 3374 Cum
1267 3314 1271 3322 '

142 3427 241 3475 autem
255 3416 360 3474 caritas
374 3415 411 3474 sit
424 3417 537 3490 patiens
552 3425 579 3473 et
598 3416 727 3490 benigna
747 3413 909 3473 secundum
929 3408 1122 3489 apostolum⁰,
1138 3413 1197 3471 dis-

143 3531 291 3590 ponamus
316 3531 370 3572 nos
396 3513 435 3571 ad
458 3513 628 3588 patientiam
653 3530 746 3588 usque
772 3513 809 3569 ad
834 3521 968 3581 mortem,
993 3520 1022 3570 et
1051 3529 1198 3570 servemus

143 3611 283 3671 continue
297 3612 507 3686 benignitatem
522 3611 656 3679 caritatis,
672 3610 696 3668 si
710 3609 782 3667 forte
797 3609 879 3667 Deus
894 3609 953 3667 vult
972 3609 1199 3685 peccatoribus¹⁰

177 3738 263 3803 ¹qua]
276 3739 340 3802 quia.
353 3739 392 3788 ed.
403 3754 440 3803 pr.
539 3737 634 3802 ¹Deo]
647 3738 704 3793 Dei,
716 3738 755 3787 ed.
767 3753 804 3802 pr.
910 3737 1058 3787 'contraria
1083 3736 1199 3802 opposita

141 3805 275 3861 contraria,
288 3804 382 3854 A.B.C.
394 3805 432 3853 ed.
444 3819 481 3868 pr.
581 3803 643 3866 ἀεὶ]
656 3819 705 3852 om.
717 3803 756 3852 ed.
768 3806 823 3868 pr.'
904 3803 1054 3868 ⁵separare
1078 3817 1198 3866 separare,

142 3871 182 3919 ed.
195 3886 232 3934 pr.
376 3871 386 3899 ⁸
402 3870 482 3933 legem
494 3868 554 3932 Dei]
567 3867 634 3932 leges
645 3869 756 3923 Domini.
768 3869 807 3918 ed.
819 3885 871 3933 pr.;
889 3885 945 3918 cum
958 3869 986 3917 B.
998 3868 1092 3932 primae
1103 3882 1198 3916 munus.

141 3934 152 3965 ⁷
169 3935 217 3985 Sex
229 3934 397 3984 consentiendi
408 3934 497 3983 modos
508 3933 648 3983 scholastici
660 3934 699 3982 his
710 3935 819 3984 versibus
831 3934 966 3998 exprimere
978 3933 1108 3982 solebant:

342 3999 473 4049 Consentit
490 4014 602 4063 operans.
619 3998 758 4053 defendens.
776 3999 905 4048 consilium
922 3999 991 4053 dans,
1032 4032 1038 4044 .

342 4064 382 4114 Ac
398 4064 557 4120 aromotisans,
574 4078 625 4112 non
640 4063 735 4126 juvans,
752 4079 798 4113 nec
815 4064 1001 4128 reprehendens.

143 4130 153 4161 ⁸
170 4129 284 4194 viatoris]
296 4129 426 4185 viatorum,
438 4129 476 4178 ed.
489 4145 525 4193 pr.
600 4130 610 4157 ⁹
626 4128 779 4193 apostolum]
792 4129 933 4194 apostolum
947 4142 957 4176 ι
973 4130 1031 4178 Cor.
1043 4127 1092 4176 xiii.
1104 4126 1198 4178 A.B.C.

143 4195 183 4246 ed.
196 4211 233 4260 pr.
334 4196 351 4226 ¹⁰
368 4194 550 4259 peccatoribus]
563 4195 694 4260 peccatori,
706 4194 744 4244 ed.
757 4209 793 4257 pr.
