2864 4836
95 471 181 508 cana
221 447 707 512 SUPPLEMENTUM
735 451 1033 514 TRIALOGI.

98 600 218 670 fratrum
233 612 345 672 videtur
358 614 439 689 ipsos
459 623 581 673 cunctos
603 613 738 674 fundatos
752 615 782 672 in
801 624 883 690 patre
903 616 1047 676 mendacii
1068 627 1096 676 et
1113 617 1151 676 ad

96 708 298 769 seducendum
319 711 473 770 ecclesiam
492 731 509 770 a
530 712 647 771 diabolo
668 713 820 784 introduci,
839 731 907 772 cum
929 724 1039 773 certum
1059 715 1104 785 sit,
1127 717 1151 774 si

97 816 198 866 carent
217 807 387 868 fundatione
407 827 525 869 suorum
544 810 679 868 ordinum
699 810 730 868 in
749 812 897 887 scriptura,
911 821 981 870 ωηο
1000 822 1068 871 sunt
1082 813 1150 871 dae-

1121 556 1126 564 η
1232 465 1295 532 437

1186 826 1265 860 Ordines
1274 835 1323 859 men·

1185 870 1285 904 ditantium
1293 869 1331 902 fun·

97 906 230 964 monium
254 907 446 966 meridianum
467 908 572 984 juvans
597 907 745 967 diabolum
770 909 808 968 ad
836 908 913 969 hunc
942 909 1039 970 finem.
1092 910 1151 970 Sed
1199 953 1225 985 <a
1248 959 1341 986 „mm

97 1012 178 1080 patet
199 1005 337 1064 scrutanti
358 1007 616 1083 scripturas,·quod
637 1018 736 1065 carent
756 1006 928 1067 fundatione
949 1008 1094 1084 probabili
1114 1029 1150 1067 ex

97 1102 248 1179 scriptura,
263 1102 330 1162 ideo
349 1104 454 1181 singuli
473 1114 540 1163 sunt
559 1105 630 1163 tales
648 1104 748 1180 quales
767 1107 804 1164 ab
824 1107 889 1183 ipso
909 1105 1066 1183 episcopol
1084 1118 1151 1166 sunt

98 1198 244 1276 descripti.
296 1200 328 1260 Si
355 1202 434 1260 enirn
462 1212 529 1261 sunt
557 1203 619 1260 sine
646 1201 846 1273 fundamento,
876 1214 945 1263 tunc
973 1214 1040 1263 sunt
1069 1206 1150 1280 quasi

97 1297 205 1357 diaboli
226 1300 395 1376 navigantes
415 1299 446 1357 in
467 1316 559 1358 vacuo
582 1300 703 1358 infinito.
746 1299 806 1359 Sed
828 1300 1050 1360 fundamentum
1073 1302 1151 1361 aliud

96 1412 187 1456 nemo
200 1408 295 1473 potest
314 1415 423 1474 ponere
442 1407 555 1474 praeter
569 1397 732 1456 Dominum
746 1397 847 1475 Jesum
863 1398 1034 1457 Christum².
1077 1399 1150 1457 Ideo

96 1511 165 1553 cum
179 1495 209 1553 in
223 1496 288 1571 lege
302 1514 355 1555 sua
370 1497 406 1554 sit
420 1497 517 1555 omnis
530 1497 641 1566 veritas,
655 1506 687 1555 ut
701 1495 881 1573 Augustinus
895 1515 983 1572 saepe
997 1498 1107 1566 asserit,
1121 1507 1150 1555 et

95 1594 126 1652 in
151 1592 216 1668 lege
242 1592 363 1651 Domini
388 1610 450 1651 non
473 1603 551 1669 patet
576 1592 695 1652 fratrum
720 1592 859 1662 fundatio,
885 1593 1072 1652 manifestum
1096 1603 1148 1662 est,

95 1690 178 1767 quod
199 1692 336 1768 navigant
357 1692 420 1749 sine
441 1691 534 1749 stabili
556 1690 756 1749 fundamento.
798 1691 835 1749 In
856 1693 939 1768 cujus
959 1691 1150 1750 evidentiam³

95 1798 198 1866 petunt
222 1789 474 1848 confirmationem
503 1790 656 1849 instantius
683 1807 700 1846 a
725 1788 863 1847 Romano
891 1790 1036 1865 pontifice.
1089 1788 1150 1848 Sed

95 1887 236 1946 audenter
263 1904 371 1958 assero,
396 1886 484 1962 quod,
510 1888 534 1945 si
563 1904 624 1944 non
648 1886 755 1945 habent
783 1887 1035 1945 confirmationem
1064 1888 1150 1946 aliam

95 1995 209 2062 praeter
229 1984 315 2056 illam,
330 1995 399 2044 tunc
418 1996 556 2061 tanquam
578 1985 627 2043 filii
648 1985 756 2043 diaboli
779 1984 808 2042 in
829 1984 984 2043 mendacio
1006 1994 1073 2043 sunt
1087 1983 1149 2041 fun-

95 2082 171 2156 dati3
202 2095 230 2142 et
251 2085 274 2142 si
296 2084 405 2144 habent
430 2083 630 2142 fundationem
655 2084 750 2154 aliam,
773 2083 917 2159 superflue
938 2083 1071 2140 laborant
1095 2100 1150 2158 pro

95 2179 266 2239 fundatione
293 2180 340 2238 illa
368 2180 398 2237 in
427 2180 555 2255 praelato
580 2178 725 2238 Caesareo
753 2179 940 2256 adquirenda,
966 2180 1027 2239 imo
1052 2189 1149 2238 tarnen

95 2278 220 2339 frustrati
239 2279 277 2337 ab
295 2278 345 2337 illo
365 2278 447 2337 titulo
467 2277 644 2336 fundationis
663 2279 774 2353 papalis
798 2277 893 2336 forent
912 2297 929 2336 a
946 2289 1007 2337 tota
1028 2278 1150 2336 ecclesia

95 2377 249 2454 reprobati.
296 2375 485 2434 Manifestum
510 2384 561 2445 est,
587 2375 667 2452 quod
690 2387 831 2451 tanquam
858 2375 988 2434 Curiatiae
1011 2375 1150 2434 deberent

96 2486 237 2552 tanquam
251 2477 316 2552 vagi
331 2485 360 2532 et
373 2474 488 2551 profugi
503 2470 642 2532 exulare⁴.
683 2473 814 2550 Baptista
828 2475 907 2531 enim
925 2475 1117 2548 interrogatus
1132 2491 1149 2531 a

97 2574 296 2633 sacerdotibus
317 2583 346 2631 et
367 2571 474 2630 Levitis
493 2591 510 2630 a
528 2571 688 2630 Pharisaeis
708 2573 812 2642 missis,
832 2571 869 2629 de
890 2571 1026 2646 qualitate
1048 2589 1100 2629 sua
1120 2581 1149 2628 et

96 2671 266 2731 fundatione
281 2670 325 2729 sui
339 2669 435 2740 officii,
450 2669 608 2744 respondet
617 2669 763 2728 humiliter
771 2688 779 2739 ;
800 2680 829 2728 et
843 2670 990 2746 tripliciter
1004 2671 1149 2745 negative,

95 2768 149 2828 sed
176 2766 364 2845 postmodum
393 2765 560 2825 affirmative
588 2766 733 2825 fundavit⁵
761 2785 845 2825 suum
874 2767 1001 2825 officium
1029 2767 1059 2823 in
1085 2766 1148 2841 lege

95 2867 217 2926 Domini
237 2864 351 2942 Jesaiae
366 2864 435 2923 nl.⁶:
464 2869 539 2940 ‘ego
561 2883 618 2924 vox
640 2864 790 2924 clamantis
811 2867 842 2924 in
864 2863 997 2934 deserto,’
1017 2874 1049 2921 ut
1069 2874 1148 2939 patet

95 2966 239 3046 Johannis
252 2965 364 3041 primo;
385 2965 454 3040 quia
468 2964 492 3021 si
506 2963 675 3022 fundatione
695 2963 866 3022 omnimode
886 2964 1031 3032 caruisset,
1047 2973 1148 3020 coetus

96 3064 280 3124 Pharisaicus
293 3083 362 3124 eum
377 3064 581 3125 rationabiliter
594 3066 785 3140 reprobasset.
828 3063 915 3121 Unde
929 3064 1075 3121 Eremitae
1093 3064 1147 3121 nisi

94 3164 234 3224 haberent
258 3181 343 3223 suam
367 3162 568 3222 fundationem
593 3181 611 3221 a
635 3162 767 3220 Domino
794 3172 824 3219 et
849 3179 867 3218 a
890 3160 1028 3236 Baptista,
1054 3159 1148 3218 forent

92 3261 298 3321 rationabiliter
308 3261 516 3338 proscribendi.
551 3260 638 3319 Unde
651 3260 725 3318 ratio
739 3278 861 3318 movens
875 3269 903 3317 et
917 3259 1027 3317 ducens
1041 3258 1148 3316 multos

93 3361 125 3419 in
145 3360 201 3419 ista
219 3359 340 3418 materia
360 3369 414 3418 stat
434 3359 464 3416 in
486 3359 558 3416 isto:
587 3356 720 3416 Christus
740 3356 917 3417 omnisciens
931 3366 960 3414 et
974 3355 1146 3426 omnivolus,

92 3468 207 3518 tantum
235 3457 358 3533 diligens
386 3474 525 3533 sponsam
553 3473 646 3526 suam,
674 3454 766 3512 noluit
793 3454 889 3530 ipsam
916 3452 1051 3511 ordinare
1079 3470 1146 3510 curn

93 3555 238 3632 aliquibus
252 3555 411 3623 ordinibus,
427 3554 483 3611 nisi
496 3570 621 3629 quorum
641 3552 753 3627 species
772 3552 835 3627 ipse
855 3550 960 3608 docere
979 3550 1100 3608 voluerit
1117 3552 1147 3608 in

94 3654 253 3730 scriptura3
281 3652 335 3711 sed
354 3651 539 3727 inscriptura
558 3668 619 3709 non
639 3650 724 3709 docet
744 3649 871 3725 aliquam
891 3650 1019 3726 speciem
1037 3650 1147 3708 ordinis

92 3754 131 3812 de
146 3751 274 3828 capitulo
293 3748 451 3808 antichristi
460 3768 467 3819 ;
493 3749 580 3824 igitur
594 3765 655 3806 non
675 3757 719 3806 est
733 3747 770 3805 de
785 3765 838 3806 suo
859 3746 1050 3822 beneplacita
1066 3747 1147 3823 quod

92 3852 151 3911 sint
164 3849 245 3909 tales.
281 3847 449 3925 Capitulum
464 3855 561 3904 autem
576 3845 733 3905 antichristi
748 3845 809 3903 istis
823 3846 976 3921 speciebus
990 3844 1146 3904 duodecim

89 3951 271 4011 continetur:
302 3965 380 4024 papa
403 3945 447 4005 etl
471 3944 641 4015 cardinaleS,
665 3944 844 4020 patriarchae
872 3954 900 4003 et
927 3944 1145 4021 archiepiscopi,

124 4089 204 4152 isco.
218 4100 390 4152 linconiensi.
508 4097 564 4147 πη.
580 4112 589 4146 ι
605 4098 718 4150 cotun.
731 4099 764 4148 tu,
779 4112 816 4147 11.
958 4098 1145 4163 ’mearam

91 4167 222 4222 evidentia,
234 4168 283 4216 ab.
416 4165 423 4192 ⁴
440 4163 471 4213 cf.
484 4163 547 4213 Gen.
560 4165 591 4212 iv.
608 4179 643 4213 ra.
797 4164 807 4192 ⁵
824 4163 947 4228 fundavit]
959 4165 1054 4221 fundat,
1066 4166 1145 4216 a.b.C.

90 4237 100 4264 ⁸
118 4233 162 4298 nl]
175 4248 225 4282 orn.
237 4233 284 4282 ab.
409 4230 445 4294 et]
458 4245 507 4279 om.
520 4230 601 4279 a.b.C.

1185 911 1273 945 (lamento
1280 910 1299 944 ln

1185 953 1198 985 S
1227 958 1246 993 pt

1185 992 1247 1055 pqsito
1253 978 1321 1027 carent
