2864 4836
135 436 233 481 canna
496 413 839 476 TRIALOGUS.

135 573 314 645 concedere,
324 574 367 633 sic
380 573 462 652 quod
471 573 554 635 Deo¹
562 576 703 636 existente
713 576 881 654 inculpabili
895 578 1018 636 omnino
1031 585 1093 635 tota
1107 577 1194 652 culpa

133 669 371 750 Jaoeat’inipso
381 671 511 744 diabolo;
532 673 664 750 peccavit
673 675 752 732 enim
763 675 881 734 contra⁸
892 674 1029 750 Spiritum
1041 674 1190 745 Sanctum,

136 767 224 847 quod
236 779 356 829 vocatur
368 780 521 847 peccatum
535 769 628 831 finalis
642 772 875 848 impoeniteniae.
917 771 991 831 ldeo
1005 772 1079 831 sicut
1093 771 1191 830 Adam

137 868 274 946 peccent
291 878 394 928 contra
411 869 584 946 sapientiam
597 868 655 929 Dei
672 871 770 946 patris,
789 887 879 947 quam
898 872 1026 947 oportuit
1040 881 1195 947 propterea

138 966 296 1037 incarnari,
320 965 363 1026 sic
387 977 508 1044 propter
534 967 722 1027 salvationem
747 968 854 1028 diaboli
883 969 1059 1045 oportuisset
1082 969 1196 1026 tertiam

139 1080 300 1142 personam
313 1065 456 1124 incarnari
464 1084 473 1138 ;
494 1065 575 1142 quod
589 1083 657 1125 cum
671 1083 735 1124 esse
755 1084 817 1124 non
836 1067 937 1142 potuit,
952 1075 1032 1142 patet
1045 1065 1126 1141 quod
1140 1082 1196 1124 nec

139 1160 253 1221 deletio
270 1162 385 1238 peccati
402 1163 494 1239 ipsius
512 1163 628 1223 diaboli
669 1163 879 1222 Verumtamen
893 1174 953 1222 tam
972 1163 1098 1239 gratiose
1112 1163 1196 1238 puni-

139 1270 198 1330 tur,
212 1259 294 1336 quod
307 1269 402 1320 stante
416 1277 470 1320 sua
483 1261 718 1338 praesumptione
732 1263 865 1337 superba,
877 1262 973 1320 minus
987 1272 1085 1319 movet
1099 1277 1197 1336 poena

139 1366 175 1415 ut
190 1366 357 1416 conteratan
369 1375 459 1433 quam
478 1358 562 1418 dolor
581 1376 684 1418 sensus
703 1360 769 1430 sui⁴,
785 1359 834 1435 qui
848 1360 890 1418 sic
910 1376 971 1416 non
984 1357 1037 1417 tuit
1051 1359 1081 1415 in
1095 1367 1198 1415 natura

139 1452 276 1526 diabout
290 1456 364 1515 sicut
377 1455 430 1515 fuit
448 1457 478 1514 in
497 1467 600 1515 natura
618 1456 745 1515 hominis
764 1456 917 1532 corporali.
959 1455 1033 1514 Ideo
1055 1472 1123 1513 cum
1142 1472 1197 1512 nec

140 1570 181 1613 ex
195 1553 385 1629 proportione
399 1554 578 1632 aequalitatis
592 1573 647 1613 nec
662 1572 699 1613 ex
713 1554 903 1632 proportione
917 1554 1039 1613 minoris
1060 1553 1197 1629 inaequa-

140 1648 233 1711 litans
256 1649 289 1710 fit
312 1652 398 1723 actio,
421 1662 509 1728 patet,
534 1652 614 1733 quod
641 1671 739 1729 poena
767 1652 875 1711 diaboli
900 1669 961 1710 non
989 1659 1086 1728 potest
1115 1666 1199 1708 suam

141 1747 322 1807 obninatam
342 1751 508 1826 superbiam
532 1768 711 1827 expurgare;
743 1758 860 1826 oportet
880 1766 951 1825 ergo
976 1747 1058 1824 quod
1082 1756 1199 1804 maneat

142 1854 289 1921 perpetuo
316 1845 476 1906 induratus.
517 1847 648 1906 Etcum
672 1846 744 1904 nibil
768 1855 811 1905 est
836 1844 873 1904 ad
898 1845 1087 1904 salvationem
1115 1860 1199 1901 suam

141 1941 229 2019 quod
241 1940 327 2020 Jesus
342 1941 474 2003 Christus
492 1945 585 2003 taliter
603 1943 749 2014 satisfecit,
763 1961 800 2002 eo
819 1942 900 2020 quod
913 1953 958 2001 est
976 1941 1061 2000 alieni
1073 1942 1198 2016 generis,

143 2048 236 2118 patet,
260 2041 342 2117 quod
365 2059 426 2100 non
450 2052 608 2118 antequam
630 2041 753 2120 Spiritus
775 2041 899 2100 Sanctus
920 2041 1086 2099 incarnatus
1105 2038 1199 2110 suerit,

141 2136 229 2213 quod
241 2154 306 2197 esse
320 2156 382 2197 non
395 2149 499 2216 potest,
519 2140 648 2198 daemon
666 2140 829 2199 salvabitur.
872 2138 946 2197 Ideo
960 2138 1060 2197 dicunt
1079 2136 1199 2213 quidam

144 2234 297 2306 subtiliter,
317 2235 398 2311 quod
423 2236 496 2314 sicut
518 2236 651 2296 diabolus
673 2239 804 2313 peccavit
824 2239 854 2296 in
875 2237 952 2296 clara
973 2235 1093 2296 scientia
1113 2244 1143 2293 et
1163 2252 1200 2293 ex

144 2349 221 2409 pura
248 2333 365 2404 malitia,
392 2334 434 2393 sic
461 2351 550 2393 nemo
578 2335 762 2393 damnabitur
789 2335 833 2394 vel
861 2335 995 2410 peccabit
1022 2333 1139 2409 proprie
1169 2333 1199 2390 in

146 2430 290 2507 Spiritum
305 2430 453 2502 Sanctum,
468 2432 523 2491 nisi
536 2431 668 2491 habuerit
683 2433 791 2491 claram
806 2433 956 2490 scientiam
969 2431 1119 2506 paululum
1133 2439 1200 2489 ante

145 2537 283 2598 mortem,
298 2539 326 2586 et
347 2529 481 2605 desperet
502 2531 532 2586 in
546 2530 593 2586 illa
615 2531 735 2588 scientia
756 2548 792 2588 ex
808 2547 861 2588 sua
881 2529 969 2605 pura⁸
984 2528 1102 2598 malitia,
1116 2537 1146 2585 et
1160 2528 1201 2584 sic

145 2623 371 2701 quodammodo
384 2626 433 2684 fiat
447 2626 603 2685 dnbolmt

190 2721 343 2794 Quantum
357 2723 395 2782 ad
408 2726 518 2782 tertiam
533 2724 728 2784 difficultatem
743 2734 831 2794 tuam,
847 2741 936 2799 quam
954 2720 1063 2798 ponis⁸,
1079 2722 1201 2792 Pseusti‚

146 2830 229 2897 patet
253 2820 333 2896 quod
357 2822 523 2898 quicunque
546 2822 587 2880 sic
608 2823 717 2893 asserit,
740 2823 867 2880 somniat
888 2822 960 2879 sicut
982 2821 1101 2891 stultus3
1134 2820 1201 2878 ideo
1236 2749 1303 2895 ⁰¹³0}
1316 2831 1361 2894 ⁰0,

145 2928 218 2995 post
231 2935 377 2989 somnum,
392 2936 481 2995 quem
502 2920 557 2977 sibi
577 2920 766 2994 imposueras,
780 2920 877 2978 innuis
896 2919 976 2995 quod
997 2919 1145 2977 somnium
1166 2918 1202 2975 sit
1236 2911 1273 2935 ¹¹⁰⁰
1314 2911 1336 2935 ‘⁸

146 3025 289 3075 secutum.
341 3015 464 3076 Constat
491 3016 618 3092 quidem,
646 3017 726 3093 quod
754 3015 925 3077 occasione⁹
949 3013 1089 3091 peccati¹⁰
1117 3015 1202 3090 primi

146 3113 275 3172 hominis
295 3113 384 3191 longe
404 3114 501 3190 plures
521 3114 657 3173 homines
677 3116 858 3180 creabuntur,
882 3131 970 3190 quam
992 3121 1085 3171 stante
1107 3129 1144 3168 es
1159 3111 1202 3167 in-

144 3221 231 3287 tegro
256 3221 331 3270 statu
355 3213 540 3271 innocentiae
568 3213 688 3271 fuissent
712 3214 808 3282 creati,
834 3209 977 3288 propter¹¹
1003 3218 1046 3267 tot
1069 3207 1203 3266 homines

146 3318 221 3384 quot
234 3325 271 3366 ex
286 3319 409 3386 peccato
423 3309 517 3369 finalis
531 3310 769 3386 impoenitentiae
783 3308 1000 3367 damnabuntur
1008 3325 1016 3377 ;
1042 3322 1104 3363 non
1123 3304 1203 3361 enim

150 3406 244 3477 decet,
259 3407 340 3482 quod
353 3407 449 3483 posita
463 3415 543 3465 tanta
558 3406 753 3466 satisfactione
768 3422 822 3482 pro
841 3413 963 3480 peccato
978 3402 1105 3460 hominis
1120 3400 1203 3458 dimi-

150 3513 278 3562 nuantur
293 3502 357 3562 de¹²
371 3503 574 3563 salvandorum
588 3520 720 3572 numero,
735 3503 785 3578 qui
799 3511 913 3561 servato
928 3509 1003 3558 statu
1016 3498 1202 3557 innocentiae

149 3619 189 3660 ex
203 3601 316 3677 integro
331 3601 515 3660 salvarentur.
558 3600 597 3660 Et
610 3601 651 3659 sic
666 3598 794 3658 Pseustis
808 3615 869 3656 non
883 3596 1033 3673 hucusque
1048 3595 1205 3654 ascendit¹⁸

185 3729 193 3758 ¹
198 3728 281 3805 Deo]
292 3728 331 3785 de
342 3729 381 3779 ed
393 3746 429 3794 pr.
528 3728 643 3792 ’jaceat]
654 3727 727 3791 jacet.
740 3727 848 3783 A...;Bc
864 3726 947 3790 jacint,
957 3726 996 3775 ed.
1009 3742 1045 3790 p.r

150 3795 216 3844 cavit
238 3809 304 3844 emm
329 3795 427 3859 contra]
452 3795 583 3844 Peccatum
610 3804 693 3843 autem
715 3792 809 3843 diaboli
836 3801 873 3842 est
886 3799 1029 3867 peccatum
1053 3790 1086 3846 in.
1108 3725 1203 3838 Age.

150 3859 226 3923 ‘sui]
239 3875 289 3907 om.
302 3859 364 3908 ANB
489 3861 556 3922 ὅ(ιιιι
550 3857 739 3921 'sic-diaboli]
751 3873 801 3908 orn.
814 3858 842 3906 B.
854 3857 948 3922 primae
960 3871 1054 3910 manus,
1066 3854 1099 3902 D.
1111 3853 1151 3903 ed
1163 3869 1202 3918 p.r

149 3923 250 3989 ¹pum]
263 3926 370 3988 propria,
382 3923 454 3980 a..‚B
466 3925 602 3988 Cpnmae
612 3939 706 3972 manus
779 3922 931 3985 'diabolus]
943 3920 1057 3968 diabolus
1068 3919 1202 3974 induratus

151 3988 246 4039 A...CB
260 3990 380 4038 secundae
396 4004 492 4045 manus,
503 3990 542 4038 ed.
560 4005 596 4054 pr.
786 3986 1023 4051 ¹'ponis]1mponis‚
1036 3984 1095 4032 B..C
1107 3983 1146 4032 ed.
1163 3998 1200 4046 pr.

149 4054 320 4119 'oceaeiond
333 4055 522 4109 occasionost
621 4054 640 4084 ¹⁰
655 4053 762 4117 ρεοοιιί]
775 4068 824 4101 om.
837 4051 865 4098 B.
877 4051 916 4100 ed
928 4065 965 4113 p.r
1054 4050 1070 4078 ¹¹
1088 4062 1134 4111 pro
1152 4047 1201 4112 ter]

151 4136 202 4196 per.
213 4120 252 4168 ed
264 4135 301 4184 pr.
406 4119 425 4148 ¹¹
441 4118 520 4183 de]a,
532 4118 594 4168 ANB
733 4118 750 4148 ¹³
765 4115 888 4180 uscmdit]
901 4062 1201 4177 ostendit‚e‹1.pr.‚p.l)13.

151 4185 247 4250 primae
256 4199 352 4241 manus,
364 4184 402 4234 ed.
415 4199 451 4248 pr.
