<?xml version="1.0" encoding="UTF-8"?>
<!DOCTYPE html PUBLIC "-//W3C//DTD XHTML 1.0 Transitional//EN"
    "http://www.w3.org/TR/xhtml1/DTD/xhtml1-transitional.dtd">
<html xmlns="http://www.w3.org/1999/xhtml" xml:lang="en" lang="en">
 <head>
  <title>
</title>
<meta http-equiv="Content-Type" content="text/html;charset=utf-8" />
  <meta name='ocr-system' content='tesseract 3.04.00' />
  <meta name='ocr-capabilities' content='ocr_page ocr_carea ocr_par ocr_line ocrx_word'/>
</head>
<body>
  <div class='ocr_page' id='page_1' title='image "./trialoguscumsup00lechgoog_0346.png"; bbox 0 0 2864 4836; ppageno 0'>
   <div class='ocr_carea' id='block_1_1' title="bbox 142 443 848 520">
    <p class='ocr_par' dir='ltr' id='par_1_1' title="bbox 142 443 848 520">
     <span class='ocr_line' id='line_1_1' title="bbox 142 443 848 520; baseline 0.003 -17"><span class='ocrx_word' id='word_1_1' title='bbox 142 465 242 520; x_wconf 49' lang='lat' dir='ltr'>ena.</span> <span class='ocrx_word' id='word_1_2' title='bbox 508 443 848 506; x_wconf 71' lang='lat' dir='ltr'>rnranosus</span> 
     </span>
    </p>
   </div>
   <div class='ocr_carea' id='block_1_2' title="bbox 95 602 1197 2711">
    <p class='ocr_par' dir='ltr' id='par_1_2' title="bbox 95 602 1197 2711">
     <span class='ocr_line' id='line_1_2' title="bbox 95 602 1195 683; baseline 0.005 -22"><span class='ocrx_word' id='word_1_3' title='bbox 95 628 99 633; x_wconf 92' lang='lat'>·</span> <span class='ocrx_word' id='word_1_4' title='bbox 138 602 310 662; x_wconf 72' lang='lat' dir='ltr'>saeculares</span> <span class='ocrx_word' id='word_1_5' title='bbox 332 603 451 672; x_wconf 91' lang='lat' dir='ltr'>domini,</span> <span class='ocrx_word' id='word_1_6' title='bbox 467 605 619 680; x_wconf 90' lang='lat' dir='ltr'>quomodo</span> <span class='ocrx_word' id='word_1_7' title='bbox 640 607 770 682; x_wconf 90' lang='lat' dir='ltr'><strong>episcopi</strong></span> <span class='ocrx_word' id='word_1_8' title='bbox 792 606 933 666; x_wconf 89' lang='lat' dir='ltr'>habentes</span> <span class='ocrx_word' id='word_1_9' title='bbox 954 625 972 665; x_wconf 92' lang='lat' dir='ltr'>a</span> <span class='ocrx_word' id='word_1_10' title='bbox 991 625 1061 683; x_wconf 81' lang='lat' dir='ltr'>rege</span> <span class='ocrx_word' id='word_1_11' title='bbox 1081 617 1195 668; x_wconf 90' lang='lat' dir='ltr'>terrena</span> 
     </span>
     <span class='ocr_line' id='line_1_3' title="bbox 137 699 1195 781; baseline 0.003 -20"><span class='ocrx_word' id='word_1_12' title='bbox 137 699 275 761; x_wconf 84' lang='lat' dir='ltr'>dominia</span> <span class='ocrx_word' id='word_1_13' title='bbox 289 711 396 759; x_wconf 88' lang='lat' dir='ltr'>etcum</span> <span class='ocrx_word' id='word_1_14' title='bbox 410 700 468 761; x_wconf 95' lang='lat' dir='ltr'>hoc</span> <span class='ocrx_word' id='word_1_15' title='bbox 483 702 645 762; x_wconf 84' lang='lat' dir='ltr'>custodiam</span> <span class='ocrx_word' id='word_1_16' title='bbox 660 704 803 762; x_wconf 87' lang='lat' dir='ltr'>latronum</span> <span class='ocrx_word' id='word_1_17' title='bbox 817 705 981 776; x_wconf 85' lang='lat' dir='ltr'>incarcere,</span> <span class='ocrx_word' id='word_1_18' title='bbox 993 724 1030 764; x_wconf 90' lang='lat' dir='ltr'>ne</span> <span class='ocrx_word' id='word_1_19' title='bbox 1046 705 1195 781; x_wconf 82' lang='lat' dir='ltr'><strong>aufugiant</strong></span> 
     </span>
     <span class='ocr_line' id='line_1_4' title="bbox 138 798 1194 878; baseline 0.004 -21"><span class='ocrx_word' id='word_1_20' title='bbox 138 806 174 857; x_wconf 80' lang='lat' dir='ltr'>et</span> <span class='ocrx_word' id='word_1_21' title='bbox 187 814 311 872; x_wconf 83' lang='lat' dir='ltr'>regnum</span> <span class='ocrx_word' id='word_1_22' title='bbox 329 798 428 857; x_wconf 85' lang='lat' dir='ltr'>furtive</span> <span class='ocrx_word' id='word_1_23' title='bbox 442 800 611 872; x_wconf 84' lang='lat' dir='ltr'>maculent¹,</span> <span class='ocrx_word' id='word_1_24' title='bbox 627 801 697 860; x_wconf 91' lang='lat' dir='ltr'>dum</span> <span class='ocrx_word' id='word_1_25' title='bbox 716 801 788 860; x_wconf 88' lang='lat' dir='ltr'>haec</span> <span class='ocrx_word' id='word_1_26' title='bbox 803 802 923 861; x_wconf 79' lang='lat' dir='ltr'>fecerint</span> <span class='ocrx_word' id='word_1_27' title='bbox 939 804 1071 878; x_wconf 89' lang='lat' dir='ltr'>episcopi</span> <span class='ocrx_word' id='word_1_28' title='bbox 1086 803 1194 861; x_wconf 89' lang='lat' dir='ltr'>debent</span> 
     </span>
     <span class='ocr_line' id='line_1_5' title="bbox 138 895 1194 976; baseline 0.005 -23"><span class='ocrx_word' id='word_1_29' title='bbox 138 911 200 973; x_wconf 84' lang='lat' dir='ltr'>pro</span> <span class='ocrx_word' id='word_1_30' title='bbox 216 895 271 954; x_wconf 90' lang='lat' dir='ltr'>illis</span> <span class='ocrx_word' id='word_1_31' title='bbox 290 896 399 955; x_wconf 88' lang='lat' dir='ltr'>furibus</span> <span class='ocrx_word' id='word_1_32' title='bbox 418 898 613 974; x_wconf 89' lang='lat' dir='ltr'>respondere;</span> <span class='ocrx_word' id='word_1_33' title='bbox 639 910 749 974; x_wconf 87' lang='lat' dir='ltr'>quanto</span> <span class='ocrx_word' id='word_1_34' title='bbox 768 901 870 975; x_wconf 85' lang='lat' dir='ltr'>magis,</span> <span class='ocrx_word' id='word_1_35' title='bbox 886 901 910 958; x_wconf 91' lang='lat' dir='ltr'>si</span> <span class='ocrx_word' id='word_1_36' title='bbox 924 918 1001 976; x_wconf 84' lang='lat' dir='ltr'>papa</span> <span class='ocrx_word' id='word_1_37' title='bbox 1020 900 1152 976; x_wconf 91' lang='lat' dir='ltr'>episcopi</span> <span class='ocrx_word' id='word_1_38' title='bbox 1166 910 1194 958; x_wconf 93' lang='lat' dir='ltr'>et</span> 
     </span>
     <span class='ocr_line' id='line_1_6' title="bbox 138 990 1196 1068; baseline 0.005 -17"><span class='ocrx_word' id='word_1_39' title='bbox 138 990 237 1051; x_wconf 75' lang='lat' dir='ltr'>frivoli</span> <span class='ocrx_word' id='word_1_40' title='bbox 251 993 434 1053; x_wconf 87' lang='lat' dir='ltr'>confessores</span> <span class='ocrx_word' id='word_1_41' title='bbox 445 994 552 1054; x_wconf 89' lang='lat' dir='ltr'>habent</span> <span class='ocrx_word' id='word_1_42' title='bbox 566 994 660 1054; x_wconf 91' lang='lat' dir='ltr'>aDeo</span> <span class='ocrx_word' id='word_1_43' title='bbox 674 997 826 1055; x_wconf 87' lang='lat' dir='ltr'>limitatum</span> <span class='ocrx_word' id='word_1_44' title='bbox 840 1015 995 1068; x_wconf 86' lang='lat' dir='ltr'>carcerem,</span> <span class='ocrx_word' id='word_1_45' title='bbox 1008 1015 1076 1056; x_wconf 91' lang='lat' dir='ltr'>cum</span> <span class='ocrx_word' id='word_1_46' title='bbox 1091 999 1196 1056; x_wconf 88' lang='lat' dir='ltr'>ceteris</span> 
     </span>
     <span class='ocr_line' id='line_1_7' title="bbox 138 1089 1195 1170; baseline 0.002 -20"><span class='ocrx_word' id='word_1_47' title='bbox 138 1089 231 1150; x_wconf 88' lang='lat' dir='ltr'>donis</span> <span class='ocrx_word' id='word_1_48' title='bbox 251 1090 317 1160; x_wconf 91' lang='lat' dir='ltr'>Dei,</span> <span class='ocrx_word' id='word_1_49' title='bbox 341 1092 379 1149; x_wconf 93' lang='lat' dir='ltr'>ad</span> <span class='ocrx_word' id='word_1_50' title='bbox 403 1092 553 1152; x_wconf 84' lang='lat' dir='ltr'>maleficos</span> <span class='ocrx_word' id='word_1_51' title='bbox 578 1093 788 1168; x_wconf 84' lang='lat' dir='ltr'>castigandum,</span> <span class='ocrx_word' id='word_1_52' title='bbox 813 1105 843 1152; x_wconf 89' lang='lat' dir='ltr'>et</span> <span class='ocrx_word' id='word_1_53' title='bbox 867 1113 935 1152; x_wconf 91' lang='lat' dir='ltr'>cum</span> <span class='ocrx_word' id='word_1_54' title='bbox 959 1094 1016 1153; x_wconf 94' lang='lat' dir='ltr'>hoc</span> <span class='ocrx_word' id='word_1_55' title='bbox 1038 1095 1195 1170; x_wconf 92' lang='lat' dir='ltr'>proditorie</span> 
     </span>
     <span class='ocr_line' id='line_1_8' title="bbox 138 1184 1195 1265; baseline 0.004 -19"><span class='ocrx_word' id='word_1_56' title='bbox 138 1184 211 1247; x_wconf 82' lang='lat' dir='ltr'>Deo</span> <span class='ocrx_word' id='word_1_57' title='bbox 224 1197 253 1246; x_wconf 88' lang='lat' dir='ltr'>et</span> <span class='ocrx_word' id='word_1_58' title='bbox 266 1190 364 1265; x_wconf 77' lang='lat' dir='ltr'>regnis</span> <span class='ocrx_word' id='word_1_59' title='bbox 383 1190 513 1248; x_wconf 88' lang='lat' dir='ltr'>animant</span> <span class='ocrx_word' id='word_1_60' title='bbox 526 1191 619 1248; x_wconf 90' lang='lat' dir='ltr'>verbis</span> <span class='ocrx_word' id='word_1_61' title='bbox 641 1192 701 1249; x_wconf 89' lang='lat' dir='ltr'>suis</span> <span class='ocrx_word' id='word_1_62' title='bbox 720 1192 872 1251; x_wconf 81' lang='lat' dir='ltr'>haereticis</span> <span class='ocrx_word' id='word_1_63' title='bbox 886 1193 925 1251; x_wconf 90' lang='lat' dir='ltr'>ad</span> <span class='ocrx_word' id='word_1_64' title='bbox 943 1191 1078 1250; x_wconf 77' lang='lat' dir='ltr'>ulterius²</span> <span class='ocrx_word' id='word_1_65' title='bbox 1093 1202 1195 1250; x_wconf 87' lang='lat' dir='ltr'>contra</span> 
     </span>
     <span class='ocr_line' id='line_1_9' title="bbox 137 1283 1193 1364; baseline 0.003 -20"><span class='ocrx_word' id='word_1_66' title='bbox 137 1283 201 1344; x_wconf 84' lang='lat' dir='ltr'>Det</span> <span class='ocrx_word' id='word_1_67' title='bbox 219 1285 357 1362; x_wconf 87' lang='lat' dir='ltr'>justitiam</span> <span class='ocrx_word' id='word_1_68' title='bbox 378 1305 502 1363; x_wconf 82' lang='lat' dir='ltr'>regnum</span> <span class='ocrx_word' id='word_1_69' title='bbox 523 1289 586 1364; x_wconf 88' lang='lat' dir='ltr'>ejus</span> <span class='ocrx_word' id='word_1_70' title='bbox 607 1298 636 1346; x_wconf 93' lang='lat' dir='ltr'>et</span> <span class='ocrx_word' id='word_1_71' title='bbox 657 1289 800 1364; x_wconf 91' lang='lat' dir='ltr'>populum</span> <span class='ocrx_word' id='word_1_72' title='bbox 821 1289 1035 1348; x_wconf 88' lang='lat' dir='ltr'>maculandum.</span> <span class='ocrx_word' id='word_1_73' title='bbox 1084 1289 1193 1347; x_wconf 87' lang='lat' dir='ltr'>Nonne</span> 
     </span>
     <span class='ocr_line' id='line_1_10' title="bbox 139 1384 1192 1464; baseline -0.001 -19"><span class='ocrx_word' id='word_1_74' title='bbox 139 1384 297 1456; x_wconf 83' lang='lat' dir='ltr'>credimus,</span> <span class='ocrx_word' id='word_1_75' title='bbox 308 1387 389 1461; x_wconf 92' lang='lat' dir='ltr'>quod</span> <span class='ocrx_word' id='word_1_76' title='bbox 403 1386 474 1444; x_wconf 89' lang='lat' dir='ltr'>tales</span> <span class='ocrx_word' id='word_1_77' title='bbox 488 1386 606 1461; x_wconf 88' lang='lat' dir='ltr'>praelati</span> <span class='ocrx_word' id='word_1_78' title='bbox 617 1388 835 1463; x_wconf 91' lang='lat' dir='ltr'>respondebunt</span> <span class='ocrx_word' id='word_1_79' title='bbox 846 1387 913 1446; x_wconf 92' lang='lat' dir='ltr'>Deo</span> <span class='ocrx_word' id='word_1_80' title='bbox 928 1406 982 1464; x_wconf 92' lang='lat' dir='ltr'>pro</span> <span class='ocrx_word' id='word_1_81' title='bbox 997 1388 1058 1447; x_wconf 89' lang='lat' dir='ltr'>istis</span> <span class='ocrx_word' id='word_1_82' title='bbox 1074 1387 1192 1457; x_wconf 80' lang='lat' dir='ltr'>iuribus,</span> 
     </span>
     <span class='ocr_line' id='line_1_11' title="bbox 140 1482 1196 1560; baseline -0.001 -19"><span class='ocrx_word' id='word_1_83' title='bbox 140 1499 220 1558; x_wconf 89' lang='lat' dir='ltr'>quos</span> <span class='ocrx_word' id='word_1_84' title='bbox 240 1492 300 1540; x_wconf 86' lang='lat' dir='ltr'>tam</span> <span class='ocrx_word' id='word_1_85' title='bbox 321 1482 391 1541; x_wconf 82' lang='lat' dir='ltr'>false</span> <span class='ocrx_word' id='word_1_86' title='bbox 412 1492 441 1540; x_wconf 90' lang='lat' dir='ltr'>et</span> <span class='ocrx_word' id='word_1_87' title='bbox 462 1482 634 1559; x_wconf 79' lang='lat' dir='ltr'>proditorie³</span> <span class='ocrx_word' id='word_1_88' title='bbox 647 1484 777 1543; x_wconf 84' lang='lat' dir='ltr'>animant</span> <span class='ocrx_word' id='word_1_89' title='bbox 798 1494 900 1542; x_wconf 90' lang='lat' dir='ltr'>contra</span> <span class='ocrx_word' id='word_1_90' title='bbox 920 1484 1016 1560; x_wconf 82' lang='lat' dir='ltr'>legem</span> <span class='ocrx_word' id='word_1_91' title='bbox 1031 1482 1137 1541; x_wconf 88' lang='lat' dir='ltr'>Christi</span> <span class='ocrx_word' id='word_1_92' title='bbox 1158 1483 1196 1541; x_wconf 84' lang='lat' dir='ltr'>ad</span> 
     </span>
     <span class='ocr_line' id='line_1_12' title="bbox 142 1579 1196 1658; baseline 0 -18"><span class='ocrx_word' id='word_1_93' title='bbox 142 1581 210 1657; x_wconf 86' lang='lat' dir='ltr'>ejus</span> <span class='ocrx_word' id='word_1_94' title='bbox 236 1579 379 1656; x_wconf 90' lang='lat' dir='ltr'>populum</span> <span class='ocrx_word' id='word_1_95' title='bbox 407 1580 614 1639; x_wconf 90' lang='lat' dir='ltr'>maculandum</span> <span class='ocrx_word' id='word_1_96' title='bbox 642 1592 669 1640; x_wconf 88' lang='lat' dir='ltr'>et</span> <span class='ocrx_word' id='word_1_97' title='bbox 696 1582 760 1658; x_wconf 88' lang='lat' dir='ltr'>ejus</span> <span class='ocrx_word' id='word_1_98' title='bbox 784 1600 907 1658; x_wconf 81' lang='lat' dir='ltr'>regnum</span> <span class='ocrx_word' id='word_1_99' title='bbox 934 1599 993 1658; x_wconf 87' lang='lat' dir='ltr'>quo</span> <span class='ocrx_word' id='word_1_100' title='bbox 1024 1581 1061 1639; x_wconf 91' lang='lat' dir='ltr'>ad</span> <span class='ocrx_word' id='word_1_101' title='bbox 1088 1581 1196 1640; x_wconf 80' lang='lat' dir='ltr'>fructus</span> 
     </span>
     <span class='ocr_line' id='line_1_13' title="bbox 143 1677 1197 1738; baseline -0.001 -2"><span class='ocrx_word' id='word_1_102' title='bbox 143 1678 281 1736; x_wconf 87' lang='lat' dir='ltr'>virtutum</span> <span class='ocrx_word' id='word_1_103' title='bbox 302 1677 444 1735; x_wconf 86' lang='lat' dir='ltr'>diabolice</span> <span class='ocrx_word' id='word_1_104' title='bbox 466 1678 693 1736; x_wconf 87' lang='lat' dir='ltr'>destruendum?</span> <span class='ocrx_word' id='word_1_105' title='bbox 733 1678 830 1738; x_wconf 78' lang='lat' dir='ltr'>Radix</span> <span class='ocrx_word' id='word_1_106' title='bbox 850 1689 948 1737; x_wconf 84' lang='lat' dir='ltr'>autem</span> <span class='ocrx_word' id='word_1_107' title='bbox 969 1678 1050 1736; x_wconf 90' lang='lat' dir='ltr'>istius</span> <span class='ocrx_word' id='word_1_108' title='bbox 1072 1677 1197 1735; x_wconf 84' lang='lat' dir='ltr'>malitiae</span> 
     </span>
     <span class='ocr_line' id='line_1_14' title="bbox 144 1773 1196 1852; baseline -0.002 -18"><span class='ocrx_word' id='word_1_109' title='bbox 144 1784 193 1834; x_wconf 86' lang='lat' dir='ltr'>est</span> <span class='ocrx_word' id='word_1_110' title='bbox 206 1775 341 1850; x_wconf 90' lang='lat' dir='ltr'>superbia</span> <span class='ocrx_word' id='word_1_111' title='bbox 354 1774 512 1833; x_wconf 86' lang='lat' dir='ltr'>antichristi</span> <span class='ocrx_word' id='word_1_112' title='bbox 526 1785 555 1834; x_wconf 90' lang='lat' dir='ltr'>et</span> <span class='ocrx_word' id='word_1_113' title='bbox 574 1777 772 1852; x_wconf 88' lang='lat' dir='ltr'>praesumptio</span> <span class='ocrx_word' id='word_1_114' title='bbox 793 1787 894 1835; x_wconf 86' lang='lat' dir='ltr'>contra</span> <span class='ocrx_word' id='word_1_115' title='bbox 908 1776 1076 1852; x_wconf 88' lang='lat' dir='ltr'>pauperiem</span> <span class='ocrx_word' id='word_1_116' title='bbox 1091 1773 1196 1833; x_wconf 89' lang='lat' dir='ltr'>Christi</span> 
     </span>
     <span class='ocr_line' id='line_1_15' title="bbox 140 1870 1197 1949; baseline -0.003 -17"><span class='ocrx_word' id='word_1_117' title='bbox 140 1882 173 1932; x_wconf 90' lang='lat' dir='ltr'>et</span> <span class='ocrx_word' id='word_1_118' title='bbox 197 1870 404 1948; x_wconf 90' lang='lat' dir='ltr'>discipulorum</span> <span class='ocrx_word' id='word_1_119' title='bbox 425 1889 553 1942; x_wconf 89' lang='lat' dir='ltr'>suorum,</span> <span class='ocrx_word' id='word_1_120' title='bbox 576 1875 650 1949; x_wconf 88' lang='lat' dir='ltr'>qua⁴</span> <span class='ocrx_word' id='word_1_121' title='bbox 674 1872 887 1932; x_wconf 90' lang='lat' dir='ltr'>ordinationem</span> <span class='ocrx_word' id='word_1_122' title='bbox 910 1870 1017 1931; x_wconf 90' lang='lat' dir='ltr'>Christi</span> <span class='ocrx_word' id='word_1_123' title='bbox 1040 1873 1197 1930; x_wconf 88' lang='lat' dir='ltr'>occasione</span> 
     </span>
     <span class='ocr_line' id='line_1_16' title="bbox 141 1968 1197 2046; baseline -0.002 -16"><span class='ocrx_word' id='word_1_124' title='bbox 141 1987 249 2030; x_wconf 87' lang='lat' dir='ltr'>caecae</span> <span class='ocrx_word' id='word_1_125' title='bbox 270 1968 462 2028; x_wconf 84' lang='lat' dir='ltr'>ordinationis</span> <span class='ocrx_word' id='word_1_126' title='bbox 483 1968 643 2029; x_wconf 89' lang='lat' dir='ltr'>Caesareae</span> <span class='ocrx_word' id='word_1_127' title='bbox 665 1971 851 2046; x_wconf 89' lang='lat' dir='ltr'>diruperunt;</span> <span class='ocrx_word' id='word_1_128' title='bbox 880 1971 1026 2046; x_wconf 83' lang='lat' dir='ltr'>suggessit</span> <span class='ocrx_word' id='word_1_129' title='bbox 1043 1970 1122 2027; x_wconf 90' lang='lat' dir='ltr'>enim</span> <span class='ocrx_word' id='word_1_130' title='bbox 1143 1970 1197 2028; x_wconf 91' lang='lat' dir='ltr'>illis</span> 
     </span>
     <span class='ocr_line' id='line_1_17' title="bbox 141 2066 1195 2143; baseline -0.001 -16"><span class='ocrx_word' id='word_1_131' title='bbox 141 2066 286 2137; x_wconf 84' lang='lat' dir='ltr'>diabolus,</span> <span class='ocrx_word' id='word_1_132' title='bbox 303 2067 385 2143; x_wconf 89' lang='lat' dir='ltr'>quod</span> <span class='ocrx_word' id='word_1_133' title='bbox 403 2085 471 2125; x_wconf 89' lang='lat' dir='ltr'>cum</span> <span class='ocrx_word' id='word_1_134' title='bbox 490 2069 532 2126; x_wconf 93' lang='lat' dir='ltr'>sic</span> <span class='ocrx_word' id='word_1_135' title='bbox 553 2067 701 2126; x_wconf 88' lang='lat' dir='ltr'>mundane</span> <span class='ocrx_word' id='word_1_136' title='bbox 722 2068 908 2127; x_wconf 89' lang='lat' dir='ltr'>dominantur</span> <span class='ocrx_word' id='word_1_137' title='bbox 926 2068 957 2125; x_wconf 91' lang='lat' dir='ltr'>in</span> <span class='ocrx_word' id='word_1_138' title='bbox 976 2068 1064 2138; x_wconf 87' lang='lat' dir='ltr'>clero,</span> <span class='ocrx_word' id='word_1_139' title='bbox 1079 2077 1195 2143; x_wconf 86' lang='lat' dir='ltr'>oportet</span> 
     </span>
     <span class='ocr_line' id='line_1_18' title="bbox 139 2161 1195 2241; baseline 0 -17"><span class='ocrx_word' id='word_1_140' title='bbox 139 2163 182 2224; x_wconf 84' lang='lat' dir='ltr'>ad</span> <span class='ocrx_word' id='word_1_141' title='bbox 200 2164 398 2224; x_wconf 78' lang='lat' dir='ltr'>fundandum³</span> <span class='ocrx_word' id='word_1_142' title='bbox 412 2182 497 2223; x_wconf 87' lang='lat' dir='ltr'>suum</span> <span class='ocrx_word' id='word_1_143' title='bbox 517 2164 621 2223; x_wconf 81' lang='lat' dir='ltr'>salsum</span> <span class='ocrx_word' id='word_1_144' title='bbox 642 2165 813 2235; x_wconf 90' lang='lat' dir='ltr'>dominium,</span> <span class='ocrx_word' id='word_1_145' title='bbox 833 2165 915 2241; x_wconf 91' lang='lat' dir='ltr'>quod</span> <span class='ocrx_word' id='word_1_146' title='bbox 933 2161 1120 2241; x_wconf 81' lang='lat' dir='ltr'>blaspheme⁶</span> <span class='ocrx_word' id='word_1_147' title='bbox 1141 2166 1195 2224; x_wconf 88' lang='lat' dir='ltr'>fin·</span> 
     </span>
     <span class='ocr_line' id='line_1_19' title="bbox 138 2261 1194 2339; baseline -0.001 -19"><span class='ocrx_word' id='word_1_148' title='bbox 138 2270 214 2339; x_wconf 80' lang='lat' dir='ltr'>gant</span> <span class='ocrx_word' id='word_1_149' title='bbox 233 2263 276 2320; x_wconf 90' lang='lat' dir='ltr'>eis</span> <span class='ocrx_word' id='word_1_150' title='bbox 296 2264 457 2337; x_wconf 91' lang='lat' dir='ltr'>potentiam</span> <span class='ocrx_word' id='word_1_151' title='bbox 478 2262 662 2338; x_wconf 88' lang='lat' dir='ltr'>spiritualem.</span> <span class='ocrx_word' id='word_1_152' title='bbox 706 2261 770 2322; x_wconf 90' lang='lat' dir='ltr'>Nec</span> <span class='ocrx_word' id='word_1_153' title='bbox 795 2273 839 2322; x_wconf 90' lang='lat' dir='ltr'>est</span> <span class='ocrx_word' id='word_1_154' title='bbox 864 2264 914 2338; x_wconf 92' lang='lat' dir='ltr'>qui</span> <span class='ocrx_word' id='word_1_155' title='bbox 939 2264 1091 2339; x_wconf 82' lang='lat' dir='ltr'>impugnet</span> <span class='ocrx_word' id='word_1_156' title='bbox 1115 2261 1194 2320; x_wconf 90' lang='lat' dir='ltr'>illam</span> 
     </span>
     <span class='ocr_line' id='line_1_20' title="bbox 139 2359 1195 2437; baseline 0 -19"><span class='ocrx_word' id='word_1_157' title='bbox 139 2360 313 2437; x_wconf 88' lang='lat' dir='ltr'>potentiam,</span> <span class='ocrx_word' id='word_1_158' title='bbox 338 2377 405 2417; x_wconf 89' lang='lat' dir='ltr'>curn</span> <span class='ocrx_word' id='word_1_159' title='bbox 433 2377 494 2417; x_wconf 93' lang='lat' dir='ltr'>non</span> <span class='ocrx_word' id='word_1_160' title='bbox 519 2359 570 2418; x_wconf 78' lang='lat' dir='ltr'>sit⁷</span> <span class='ocrx_word' id='word_1_161' title='bbox 595 2359 745 2429; x_wconf 89' lang='lat' dir='ltr'>sensibilis,</span> <span class='ocrx_word' id='word_1_162' title='bbox 772 2369 802 2418; x_wconf 93' lang='lat' dir='ltr'>et</span> <span class='ocrx_word' id='word_1_163' title='bbox 825 2360 935 2418; x_wconf 89' lang='lat' dir='ltr'>habent</span> <span class='ocrx_word' id='word_1_164' title='bbox 960 2369 1135 2435; x_wconf 89' lang='lat' dir='ltr'>potestatem</span> <span class='ocrx_word' id='word_1_165' title='bbox 1157 2359 1195 2418; x_wconf 93' lang='lat' dir='ltr'>de</span> 
     </span>
     <span class='ocr_line' id='line_1_21' title="bbox 138 2456 1195 2532; baseline -0.001 -18"><span class='ocrx_word' id='word_1_166' title='bbox 138 2456 258 2531; x_wconf 81' lang='lat' dir='ltr'>regibus</span> <span class='ocrx_word' id='word_1_167' title='bbox 284 2456 321 2515; x_wconf 93' lang='lat' dir='ltr'>ad</span> <span class='ocrx_word' id='word_1_168' title='bbox 345 2474 450 2514; x_wconf 91' lang='lat' dir='ltr'>omnes</span> <span class='ocrx_word' id='word_1_169' title='bbox 472 2475 542 2515; x_wconf 91' lang='lat' dir='ltr'>suos</span> <span class='ocrx_word' id='word_1_170' title='bbox 564 2456 744 2515; x_wconf 88' lang='lat' dir='ltr'>adversarios</span> <span class='ocrx_word' id='word_1_171' title='bbox 766 2466 905 2532; x_wconf 85' lang='lat' dir='ltr'>tanquam</span> <span class='ocrx_word' id='word_1_172' title='bbox 928 2456 1089 2515; x_wconf 87' lang='lat' dir='ltr'>haereticos</span> <span class='ocrx_word' id='word_1_173' title='bbox 1111 2474 1195 2515; x_wconf 91' lang='lat' dir='ltr'>com-</span> 
     </span>
     <span class='ocr_line' id='line_1_22' title="bbox 139 2553 1192 2630; baseline 0 -18"><span class='ocrx_word' id='word_1_174' title='bbox 139 2553 268 2612; x_wconf 81' lang='lat' dir='ltr'>burere⁸.</span> <span class='ocrx_word' id='word_1_175' title='bbox 312 2553 369 2624; x_wconf 91' lang='lat' dir='ltr'>Sic,</span> <span class='ocrx_word' id='word_1_176' title='bbox 390 2555 519 2630; x_wconf 90' lang='lat' dir='ltr'>inquam,</span> <span class='ocrx_word' id='word_1_177' title='bbox 540 2553 592 2612; x_wconf 86' lang='lat' dir='ltr'>fuit</span> <span class='ocrx_word' id='word_1_178' title='bbox 615 2563 768 2630; x_wconf 86' lang='lat' dir='ltr'>praetensa</span> <span class='ocrx_word' id='word_1_179' title='bbox 793 2555 924 2630; x_wconf 90' lang='lat' dir='ltr'>potentia</span> <span class='ocrx_word' id='word_1_180' title='bbox 945 2553 1102 2612; x_wconf 79' lang='lat' dir='ltr'>antichristi</span> <span class='ocrx_word' id='word_1_181' title='bbox 1124 2556 1192 2613; x_wconf 90' lang='lat' dir='ltr'>sub·</span> 
     </span>
     <span class='ocr_line' id='line_1_23' title="bbox 140 2651 397 2711; baseline -0.004 0"><span class='ocrx_word' id='word_1_182' title='bbox 140 2651 210 2711; x_wconf 93' lang='lat' dir='ltr'>dole</span> <span class='ocrx_word' id='word_1_183' title='bbox 224 2652 397 2711; x_wconf 90' lang='lat' dir='ltr'>introducta.</span> 
     </span>
    </p>
   </div>
   <div class='ocr_carea' id='block_1_3' title="bbox 559 2972 772 3032">
    <p class='ocr_par' dir='ltr' id='par_1_3' title="bbox 559 2972 772 3032">
     <span class='ocr_line' id='line_1_24' title="bbox 559 2972 772 3032; baseline -0.005 0"><span class='ocrx_word' id='word_1_184' title='bbox 559 2972 654 3032; x_wconf 77' lang='lat' dir='ltr'>CAP.</span> <span class='ocrx_word' id='word_1_185' title='bbox 676 2973 772 3032; x_wconf 90' lang='lat' dir='ltr'><strong>XXV.</strong></span> 
     </span>
    </p>
   </div>
   <div class='ocr_carea' id='block_1_4' title="bbox 398 3128 933 3188">
    <p class='ocr_par' dir='ltr' id='par_1_4' title="bbox 398 3128 933 3188">
     <span class='ocr_line' id='line_1_25' title="bbox 398 3128 933 3188; baseline 0.004 -2"><span class='ocrx_word' id='word_1_186' title='bbox 398 3128 443 3186; x_wconf 86' lang='lat' dir='ltr'>De</span> <span class='ocrx_word' id='word_1_187' title='bbox 455 3135 625 3187; x_wconf 77' lang='lat' dir='ltr'>sacramento</span> <span class='ocrx_word' id='word_1_188' title='bbox 637 3137 777 3188; x_wconf 81' lang='lat' dir='ltr'>extremar</span> <span class='ocrx_word' id='word_1_189' title='bbox 789 3132 933 3188; x_wconf 65' lang='lat' dir='ltr'>unctiones.</span> 
     </span>
    </p>
   </div>
   <div class='ocr_carea' id='block_1_5' title="bbox 180 3279 1346 3378">
    <p class='ocr_par' dir='ltr' id='par_1_5' title="bbox 180 3279 1346 3378">
     <span class='ocr_line' id='line_1_26' title="bbox 180 3279 1346 3378; baseline -0.003 -37"><span class='ocrx_word' id='word_1_190' title='bbox 180 3282 301 3341; x_wconf 77' lang='lat' dir='ltr'>Alrlhr&#39;a.</span> <span class='ocrx_word' id='word_1_191' title='bbox 344 3281 503 3353; x_wconf 85' lang='lat' dir='ltr'>Sufficiunt,</span> <span class='ocrx_word' id='word_1_192' title='bbox 529 3282 614 3342; x_wconf 83' lang='lat' dir='ltr'>irater</span> <span class='ocrx_word' id='word_1_193' title='bbox 636 3284 800 3354; x_wconf 89' lang='lat' dir='ltr'>Phronesis,</span> <span class='ocrx_word' id='word_1_194' title='bbox 822 3285 899 3343; x_wconf 85' lang='lat' dir='ltr'>dicta</span> <span class='ocrx_word' id='word_1_195' title='bbox 923 3283 960 3341; x_wconf 91' lang='lat' dir='ltr'>de</span> <span class='ocrx_word' id='word_1_196' title='bbox 983 3283 1038 3341; x_wconf 90' lang='lat' dir='ltr'>ista</span> <span class='ocrx_word' id='word_1_197' title='bbox 1062 3279 1190 3337; x_wconf 90' lang='lat' dir='ltr'>materia.</span> <span class='ocrx_word' id='word_1_198' title='bbox 1225 3304 1275 3378; x_wconf 52' lang='lat' dir='ltr'>ngr</span> <span class='ocrx_word' id='word_1_199' title='bbox 1257 3312 1346 3378; x_wconf 57' lang='lat'>&#39;⁰1:²⁰³-</span> 
     </span>
    </p>
   </div>
   <div class='ocr_carea' id='block_1_6' title="bbox 140 3378 1328 3459">
    <p class='ocr_par' dir='ltr' id='par_1_6' title="bbox 140 3378 1328 3459">
     <span class='ocr_line' id='line_1_27' title="bbox 140 3378 1328 3459; baseline -0.003 -21"><span class='ocrx_word' id='word_1_200' title='bbox 140 3379 200 3439; x_wconf 91' lang='lat' dir='ltr'>Sed</span> <span class='ocrx_word' id='word_1_201' title='bbox 221 3380 267 3439; x_wconf 92' lang='lat' dir='ltr'>dic</span> <span class='ocrx_word' id='word_1_202' title='bbox 288 3397 362 3455; x_wconf 82' lang='lat' dir='ltr'>rogo</span> <span class='ocrx_word' id='word_1_203' title='bbox 384 3398 487 3456; x_wconf 90' lang='lat' dir='ltr'>parum</span> <span class='ocrx_word' id='word_1_204' title='bbox 509 3381 545 3439; x_wconf 89' lang='lat' dir='ltr'>de</span> <span class='ocrx_word' id='word_1_205' title='bbox 566 3382 668 3439; x_wconf 89' lang='lat' dir='ltr'>ultimo</span> <span class='ocrx_word' id='word_1_206' title='bbox 691 3391 883 3449; x_wconf 88' lang='lat' dir='ltr'>sacramento,</span> <span class='ocrx_word' id='word_1_207' title='bbox 898 3378 980 3454; x_wconf 91' lang='lat' dir='ltr'>quod</span> <span class='ocrx_word' id='word_1_208' title='bbox 999 3389 1119 3436; x_wconf 85' lang='lat' dir='ltr'>vocatur</span> <span class='ocrx_word' id='word_1_209' title='bbox 1139 3393 1190 3433; x_wconf 84' lang='lat' dir='ltr'>ex·</span> <span class='ocrx_word' id='word_1_210' title='bbox 1224 3424 1328 3459; x_wconf 51' lang='lat' dir='ltr'>dom</span> 
     </span>
    </p>
   </div>
   <div class='ocr_carea' id='block_1_7' title="bbox 137 3465 1383 3579">
    <p class='ocr_par' dir='ltr' id='par_1_7' title="bbox 137 3465 1383 3579">
     <span class='ocr_line' id='line_1_28' title="bbox 137 3465 1383 3579; baseline 0.002 -45"><span class='ocrx_word' id='word_1_211' title='bbox 137 3485 227 3535; x_wconf 77' lang='lat' dir='ltr'>trema</span> <span class='ocrx_word' id='word_1_212' title='bbox 249 3478 346 3536; x_wconf 79' lang='lat' dir='ltr'>unctio</span> <span class='ocrx_word' id='word_1_213' title='bbox 388 3476 537 3536; x_wconf 90' lang='lat' dir='ltr'>Fundatur</span> <span class='ocrx_word' id='word_1_214' title='bbox 559 3474 672 3536; x_wconf 79' lang='lat' dir='ltr'>autem⁹</span> <span class='ocrx_word' id='word_1_215' title='bbox 693 3479 722 3536; x_wconf 91' lang='lat' dir='ltr'>in</span> <span class='ocrx_word' id='word_1_216' title='bbox 743 3478 792 3536; x_wconf 91' lang='lat' dir='ltr'>illo</span> <span class='ocrx_word' id='word_1_217' title='bbox 813 3479 892 3536; x_wconf 92' lang='lat' dir='ltr'>dicto</span> <span class='ocrx_word' id='word_1_218' title='bbox 913 3476 1073 3554; x_wconf 86' lang='lat' dir='ltr'>Jacobi,</span> <span class='ocrx_word' id='word_1_219' title='bbox 1037 3494 1062 3533; x_wconf 89' lang='lat' dir='ltr'>v.</span> <span class='ocrx_word' id='word_1_220' title='bbox 1088 3465 1247 3532; x_wconf 73' lang='lat' dir='ltr'>‘-1nfir¹¹</span> <span class='ocrx_word' id='word_1_221' title='bbox 1224 3465 1299 3578; x_wconf 44' lang='lat' dir='ltr'>pff}</span> <span class='ocrx_word' id='word_1_222' title='bbox 1296 3474 1368 3579; x_wconf 50' lang='lat' dir='ltr'>ldis</span> <span class='ocrx_word' id='word_1_223' title='bbox 1344 3503 1383 3538; x_wconf 63' lang='lat' dir='ltr'>eni</span> 
     </span>
    </p>
   </div>
   <div class='ocr_carea' id='block_1_8' title="bbox 139 3576 1298 3739">
    <p class='ocr_par' dir='ltr' id='par_1_8' title="bbox 139 3576 1298 3739">
     <span class='ocr_line' id='line_1_29' title="bbox 139 3576 1298 3651; baseline -0.012 -17"><span class='ocrx_word' id='word_1_224' title='bbox 139 3584 234 3633; x_wconf 87' lang='lat' dir='ltr'>matur</span> <span class='ocrx_word' id='word_1_225' title='bbox 248 3576 313 3651; x_wconf 92' lang='lat' dir='ltr'>quis</span> <span class='ocrx_word' id='word_1_226' title='bbox 327 3593 362 3633; x_wconf 86' lang='lat' dir='ltr'>ex</span> <span class='ocrx_word' id='word_1_227' title='bbox 378 3576 475 3634; x_wconf 88' lang='lat' dir='ltr'>vobis&#39;</span> <span class='ocrx_word' id='word_1_228' title='bbox 491 3585 544 3634; x_wconf 88' lang='lat' dir='ltr'>etc.</span> <span class='ocrx_word' id='word_1_229' title='bbox 1224 3585 1298 3620; x_wconf 58' lang='lat' dir='ltr'>stratu.</span> 
     </span>
     <span class='ocr_line' id='line_1_30' title="bbox 180 3669 1190 3739; baseline -0.001 -11"><span class='ocrx_word' id='word_1_230' title='bbox 180 3669 344 3731; x_wconf 83' lang='lat' dir='ltr'>Phromsr&#39;s.</span> <span class='ocrx_word' id='word_1_231' title='bbox 386 3672 449 3730; x_wconf 90' lang='lat' dir='ltr'>Ista</span> <span class='ocrx_word' id='word_1_232' title='bbox 462 3674 574 3731; x_wconf 87' lang='lat' dir='ltr'>videtur</span> <span class='ocrx_word' id='word_1_233' title='bbox 587 3673 673 3730; x_wconf 90' lang='lat' dir='ltr'>nimis</span> <span class='ocrx_word' id='word_1_234' title='bbox 686 3671 756 3730; x_wconf 90' lang='lat' dir='ltr'>levis</span> <span class='ocrx_word' id='word_1_235' title='bbox 775 3672 907 3731; x_wconf 87' lang='lat' dir='ltr'>fundatio</span> <span class='ocrx_word' id='word_1_236' title='bbox 927 3671 1109 3739; x_wconf 89' lang='lat' dir='ltr'>sacramenti,</span> <span class='ocrx_word' id='word_1_237' title='bbox 1124 3686 1190 3728; x_wconf 91' lang='lat' dir='ltr'>cum</span> 
     </span>
    </p>
   </div>
   <div class='ocr_carea' id='block_1_9' title="bbox 139 3766 1191 3846">
    <p class='ocr_par' dir='ltr' id='par_1_9' title="bbox 139 3766 1191 3846">
     <span class='ocr_line' id='line_1_31' title="bbox 139 3766 1191 3846; baseline -0.003 -20"><span class='ocrx_word' id='word_1_238' title='bbox 139 3768 232 3827; x_wconf 86' lang='lat' dir='ltr'>fidelis</span> <span class='ocrx_word' id='word_1_239' title='bbox 246 3780 346 3846; x_wconf 85' lang='lat' dir='ltr'>posset</span> <span class='ocrx_word' id='word_1_240' title='bbox 357 3770 452 3828; x_wconf 89' lang='lat' dir='ltr'>dicere</span> <span class='ocrx_word' id='word_1_241' title='bbox 467 3771 536 3828; x_wconf 88' lang='lat' dir='ltr'>satis</span> <span class='ocrx_word' id='word_1_242' title='bbox 546 3770 741 3846; x_wconf 89' lang='lat' dir='ltr'>probabiliter,</span> <span class='ocrx_word' id='word_1_243' title='bbox 753 3769 833 3846; x_wconf 91' lang='lat' dir='ltr'>quod</span> <span class='ocrx_word' id='word_1_244' title='bbox 844 3771 896 3828; x_wconf 88' lang='lat' dir='ltr'>iste</span> <span class='ocrx_word' id='word_1_245' title='bbox 912 3780 1029 3828; x_wconf 87' lang='lat' dir='ltr'>sanctus</span> <span class='ocrx_word' id='word_1_246' title='bbox 1040 3766 1191 3843; x_wconf 91' lang='lat' dir='ltr'>apostolus</span> 
     </span>
    </p>
   </div>
   <div class='ocr_carea' id='block_1_10' title="bbox 138 3927 1193 4255">
    <p class='ocr_par' dir='ltr' id='par_1_10' title="bbox 138 3927 1193 4255">
     <span class='ocr_line' id='line_1_32' title="bbox 173 3927 1193 3996; baseline -0.005 -16"><span class='ocrx_word' id='word_1_247' title='bbox 173 3933 182 3962; x_wconf 90' lang='lat'><strong>¹</strong></span> <span class='ocrx_word' id='word_1_248' title='bbox 199 3930 334 3995; x_wconf 82' lang='lat' dir='ltr'>maculent]</span> <span class='ocrx_word' id='word_1_249' title='bbox 346 3931 479 3986; x_wconf 84' lang='lat' dir='ltr'>maculant,</span> <span class='ocrx_word' id='word_1_250' title='bbox 491 3931 530 3980; x_wconf 89' lang='lat' dir='ltr'>ed</span> <span class='ocrx_word' id='word_1_251' title='bbox 544 3948 580 3996; x_wconf 91' lang='lat' dir='ltr'>pr</span> <span class='ocrx_word' id='word_1_252' title='bbox 679 3931 736 3980; x_wconf 86' lang='lat' dir='ltr'>¹ad</span> <span class='ocrx_word' id='word_1_253' title='bbox 748 3930 862 3995; x_wconf 87' lang='lat' dir='ltr'>ulterius]</span> <span class='ocrx_word' id='word_1_254' title='bbox 874 3946 924 3980; x_wconf 91' lang='lat' dir='ltr'>om.</span> <span class='ocrx_word' id='word_1_255' title='bbox 936 3930 975 3979; x_wconf 86' lang='lat' dir='ltr'>ed.</span> <span class='ocrx_word' id='word_1_256' title='bbox 1004 3945 1023 3978; x_wconf 93' lang='lat' dir='ltr'>r</span> <span class='ocrx_word' id='word_1_257' title='bbox 1111 3927 1193 3992; x_wconf 72' lang='lat' dir='ltr'>’pro-</span> 
     </span>
     <span class='ocr_line' id='line_1_33' title="bbox 138 3993 1193 4122; baseline -0.005 -77"><span class='ocrx_word' id='word_1_258' title='bbox 138 3995 240 4059; x_wconf 85' lang='lat' dir='ltr'>ditorle]</span> <span class='ocrx_word' id='word_1_259' title='bbox 253 3996 387 4061; x_wconf 89' lang='lat' dir='ltr'>proditorie</span> <span class='ocrx_word' id='word_1_260' title='bbox 399 3997 455 4046; x_wconf 86' lang='lat' dir='ltr'>Deo</span> <span class='ocrx_word' id='word_1_261' title='bbox 468 4004 491 4045; x_wconf 88' lang='lat' dir='ltr'>et</span> <span class='ocrx_word' id='word_1_262' title='bbox 504 3997 591 4061; x_wconf 84' lang='lat' dir='ltr'>regnis</span> <span class='ocrx_word' id='word_1_263' title='bbox 604 3996 697 4047; x_wconf 83' lang='grc' dir='ltr'><strong>Α...Βο</strong></span> <span class='ocrx_word' id='word_1_264' title='bbox 709 3993 1193 4122; x_wconf 48' lang='lat' dir='ltr'>ed.pr.⁶fundapppmpofplplrpe1fi1mlg.</span> 
     </span>
     <span class='ocr_line' id='line_1_34' title="bbox 138 4061 1193 4190; baseline -0.006 -13.994"><span class='ocrx_word' id='word_1_265' title='bbox 138 4061 342 4189; x_wconf 60' lang='lat' dir='ltr'>pediudaremanus</span> <span class='ocrx_word' id='word_1_266' title='bbox 335 4061 729 4190; x_wconf 50' lang='grc' dir='ltr'>εὰῖιίερὴὲιῗιαεῖῗιῗζῗιὴὲιιίιε,</span> <span class='ocrx_word' id='word_1_267' title='bbox 741 4125 780 4175; x_wconf 85' lang='lat' dir='ltr'>ed.</span> <span class='ocrx_word' id='word_1_268' title='bbox 791 4141 829 4188; x_wconf 89' lang='lat' dir='ltr'>pr.</span> <span class='ocrx_word' id='word_1_269' title='bbox 959 4122 1029 4187; x_wconf 90' lang='lat' dir='ltr'>sit]</span> <span class='ocrx_word' id='word_1_270' title='bbox 1042 4138 1092 4172; x_wconf 89' lang='lat' dir='ltr'>om</span> <span class='ocrx_word' id='word_1_271' title='bbox 1105 4123 1144 4173; x_wconf 84' lang='lat' dir='ltr'>ed</span> <span class='ocrx_word' id='word_1_272' title='bbox 1156 4095 1193 4187; x_wconf 52' lang='lat' dir='ltr'>pr:</span> 
     </span>
     <span class='ocr_line' id='line_1_35' title="bbox 138 4187 1148 4255; baseline -0.005 -16"><span class='ocrx_word' id='word_1_273' title='bbox 138 4190 149 4218; x_wconf 80' lang='lat'>⁸</span> <span class='ocrx_word' id='word_1_274' title='bbox 166 4190 324 4255; x_wconf 84' lang='lat' dir='ltr'>comburere]</span> <span class='ocrx_word' id='word_1_275' title='bbox 337 4191 540 4246; x_wconf 88' lang='lat' dir='ltr'>comburendum,</span> <span class='ocrx_word' id='word_1_276' title='bbox 551 4191 589 4239; x_wconf 91' lang='lat' dir='ltr'>ed.</span> <span class='ocrx_word' id='word_1_277' title='bbox 600 4207 636 4255; x_wconf 91' lang='lat' dir='ltr'>pr.</span> <span class='ocrx_word' id='word_1_278' title='bbox 734 4190 744 4218; x_wconf 74' lang='lat'><em>⁶</em></span> <span class='ocrx_word' id='word_1_279' title='bbox 761 4189 855 4253; x_wconf 82' lang='lat' dir='ltr'>autem]</span> <span class='ocrx_word' id='word_1_280' title='bbox 868 4188 941 4245; x_wconf 83' lang='lat' dir='ltr'>enim,</span> <span class='ocrx_word' id='word_1_281' title='bbox 953 4187 1047 4238; x_wconf 82' lang='lat' dir='ltr'>A...BC</span> <span class='ocrx_word' id='word_1_282' title='bbox 1059 4188 1099 4238; x_wconf 81' lang='lat' dir='ltr'>ed</span> <span class='ocrx_word' id='word_1_283' title='bbox 1112 4203 1148 4252; x_wconf 92' lang='lat' dir='ltr'>pr.</span> 
     </span>
    </p>
   </div>
   <div class='ocr_carea' id='block_1_11' title="bbox 0 0 1436 4836">
    <p class='ocr_par' dir='ltr' id='par_1_11' title="bbox 0 0 1436 4836">
     <span class='ocr_line' id='line_1_36' title="bbox 0 0 1436 4836; baseline 0 0"><span class='ocrx_word' id='word_1_284' title='bbox 0 0 1436 4836; x_wconf 95' lang='lat' dir='ltr'> </span> 
     </span>
    </p>
   </div>
  </div>
 </body>
</html>
