2864 4836
72 431 158 469 cene.
431 419 778 484 TRIALOGUS.

72 574 246 649 corporibus
257 575 437 655 hypostatice
451 582 610 658 copuletur,
622 594 701 661 patet
715 586 796 662 quod
810 587 888 646 idem
899 588 991 648 homo
1006 608 1121 651 succes·

71 670 134 729 sive
149 675 311 734 movebitur
325 678 363 736 ab
381 695 442 737 uno
461 679 528 739 loco
547 679 585 740 ad
603 682 700 753 alium,
715 694 744 742 et
762 702 825 743 non
843 687 1038 762 corporaliter,
1054 707 1121 747 cum

69 770 174 827 omnia
187 769 235 829 illa
255 790 379 850 corpora
397 777 514 836 stabunt
533 778 599 850 rixa,
619 799 691 856 ergo
711 782 907 858 spiritualiter;
930 795 958 843 et
976 786 1017 844 sic
1035 786 1121 844 relin-

69 866 176 941 quitur,
198 869 279 944 quod
299 870 354 929 iste
373 872 465 932 homo
486 877 523 934 sit
543 877 659 953 spiritus
680 890 708 937 et
729 898 781 955 per
801 880 893 939 idem¹
909 883 1027 958 quilibet
1048 884 1120 942 alius

68 960 171 1023 homo.
225 966 295 1026 Non
318 987 390 1046 ergo
418 983 537 1050 propter
561 974 775 1051 depositionem
799 979 894 1038 camis
918 980 962 1039 vel
990 983 1121 1058 corporis

68 1062 265 1140 imperficitur‚
288 1068 342 1127 sed
368 1071 466 1146 potius
495 1071 641 1132 alleviatur
669 1083 698 1133 et
724 1074 870 1150 perficitur
884 1077 936 1136 iste
963 1077 1063 1149 home,
1089 1090 1119 1138 ut

67 1159 197 1239 loquitur
211 1165 283 1227 fides
298 1168 463 1245 scripturae.

495 1481 589 1542 CAP.
611 1480 696 1540 VIII.

390 1636 436 1696 De
449 1639 654 1697 immortalitate
666 1640 791 1714 spt'rz'lrts.

106 1782 229 1843 Altlht'a.
272 1785 422 1846 Sententia
441 1788 496 1846 ista
516 1797 559 1846 est
583 1786 640 1844 alta
660 1785 706 1845 et¹
726 1787 812 1844 nobis
836 1785 959 1856 insolita,
981 1785 1114 1845 fidelibus

60 1893 164 1941 tamen
177 1882 288 1941 videtur
306 1901 408 1959 sapere
428 1884 562 1943 subtilem
582 1885 755 1942 sententiam
770 1893 797 1942 et
812 1879 1012 1943 credendam⁸.
1055 1882 1114 1941 Sed

59 1996 137 2055 rogo
162 1989 191 2039 te
215 1980 309 2050 frater,
332 1977 371 2039 si⁴
393 1982 589 2040 inmortalitas
608 1983 733 2057 spz'ritus,
758 1998 847 2058 quam
871 1999 960 2057 saepe
980 1981 1112 2051 assumis,

61 2076 170 2136 deduci
183 2078 289 2154 poterit
302 2079 422 2137 ratione.

102 2174 268 2234 Phrenesis.
311 2175 349 2234 In
363 2177 418 2234 ista
431 2178 551 2235 materia
570 2186 672 2236 neuter
690 2187 823 2236 nostrum
842 2177 973 2252 ambigit,
989 2178 1060 2253 quin
1075 2195 1112 2234 ex
1216 2196 1235 2221 u
1256 2197 1275 2222 e

61 2273 120 2333 lide
135 2275 171 2332 sit
185 2274 302 2349 spiritus
315 2273 442 2332 hominis
457 2275 644 2347 immortalis;
666 2286 695 2333 et
709 2293 761 2351 per
777 2292 971 2351 consequens,
986 2293 1054 2333 cum
1065 2275 1112 2334 ille
1147 2266 1151 2274 ’

59 2371 177 2448 spiritus
191 2372 228 2430 sit
246 2371 351 2430 eadem
370 2389 499 2447 persona
517 2371 652 2442 hominis,
673 2374 801 2449 sequitur
819 2373 901 2449 quod
919 2372 966 2430 illa
985 2389 1112 2449 persona

58 2470 188 2528 manebit
202 2479 343 2546 perpetuo
358 2469 537 2528 immortalis.
580 2469 618 2528 Et
636 2469 709 2529 haec
723 2471 805 2540 ratio,
820 2488 909 2546 quare
929 2470 1054 2547 apostoli
1069 2472 1109 2530 ita

57 2567 190 2626 animose
211 2577 241 2625 et
261 2567 403 2643 intrepide
424 2578 549 2626 mortem
573 2578 771 2643 susceperant,
792 2569 852 2625 imo
879 2568 1003 2627 scientes
1029 2567 1109 2644 quod

57 2665 248 2723 incarceratio
266 2682 300 2723 ac
319 2665 451 2723 oneratio
470 2665 565 2722 carnis
584 2664 637 2723 luit
653 2665 708 2724 illis
727 2665 765 2724 ad
780 2665 907 2723 taedium
922 2677 1009 2742 atque
1024 2683 1107 2738 onus,

54 2760 217 2837 gaudenter
231 2764 261 2820 in
275 2779 364 2822 causa
374 2763 501 2838 justitiae
515 2773 702 2838 susceperant
715 2773 841 2821 mortem
855 2781 947 2822 suam.
990 2763 1109 2824 Ponunt

55 2869 155 2919 autem
175 2858 342 2936 philosophi
361 2859 489 2919 rationes
510 2860 691 2935 multiplices,
711 2878 763 2936 per
784 2879 856 2937 quas
876 2863 1002 2937 probant
1022 2863 1108 2921 istam
1142 2877 1162 2902 η

53 2957 237 3016 sententiam.
279 2955 378 3015 Primo
399 2975 437 3015 ex
460 2957 628 3016 testimonio
650 2957 809 3016 Aristotelis
832 2967 860 3016 et
884 2959 1034 3017 communi
1056 2978 1106 3018 ex·
1196 2975 1202 2986 ·

53 3055 204 3131 perientia,
223 3054 318 3131 abqua
337 3054 396 3114 est‘
415 3055 547 3131 operatio
566 3056 680 3114 animae
699 3054 841 3114 hominis⁶
860 3056 1038 3129 immortalis,
1054 3058 1107 3117 sed

55 3153 135 3212 nulla
155 3154 287 3230 operatio
301 3153 345 3211 vel
365 3154 442 3212 actio
457 3153 498 3212 rei
519 3161 564 3211 est
583 3154 801 3228 permanentior
821 3171 912 3230 quam
934 3172 1019 3213 suum
1038 3157 1106 3214 sub·

52 3252 177 3329 jectum3
194 3268 269 3327 ergo
280 3250 350 3309 illud
361 3251 531 3327 subjectum,
544 3250 625 3326 quod
636 3260 680 3310 est
690 3253 788 3310 anima
798 3251 842 3309 vel
854 3252 978 3328 spiritus,
990 3263 1106 3328 oportet

54 3360 166 3425 ponere
180 3347 382 3406 immortalem.
424 3347 616 3422 Assumptum
636 3347 737 3406 suadet
751 3348 911 3406 Aristoteles
926 3348 962 3406 de
977 3348 1104 3407 intellec·

54 3448 135 3506 tione
159 3444 296 3516 hominis,
320 3463 397 3521 quae
421 3455 541 3522 propter
564 3445 793 3503 debilitationem
818 3446 949 3520 corporis
972 3446 1016 3503 sui
1044 3463 1104 3504 non

53 3544 161 3614 deficit,
181 3543 233 3602 sed
252 3544 349 3620 potius
367 3543 529 3620 vigoratum
557 3542 763 3601 intellectivitas
782 3542 860 3599 enim
880 3542 1054 3617 speculativa
1074 3543 1104 3601 in

53 3643 173 3701 senibus
187 3651 232 3700 est
245 3641 356 3712 clarior,
375 3639 649 3717 quantumcunque⁷
662 3640 853 3698 instrumenta
872 3656 1013 3715 corporea
1032 3640 1102 3699 defi-

52 3740 149 3809 ciunt;
171 3748 288 3815 oportet
301 3756 373 3814 ergo
390 3738 509 3815 aliquod
527 3755 592 3796 esse
611 3737 833 3796 fundamentum
848 3737 887 3795 illi
906 3738 1102 3809 intellectioni‚

50 3835 134 3914 quod
154 3835 211 3895 tale
234 3853 379 3913 organum
403 3853 463 3893 non
484 3835 610 3911 requirit,
631 3845 660 3894 et
681 3836 720 3892 ita
741 3853 827 3911 supra
852 3853 957 3894 omnes
982 3838 1100 3894 virtutes

86 4007 94 4037 ¹
111 4021 157 4072 per
167 4005 245 4071 idem]
257 4021 308 4055 om.
320 4006 382 4056 Ab.
498 4004 508 4034 ¹
525 4013 549 4056 et
562 4005 645 4082 nobis]
659 4005 732 4055 nobis
743 4012 776 4060 et,
788 4003 826 4054 ed.
834 4019 875 4119 Er.
990 4004 1000 4033 ⁸
1016 4010 1040 4053 et
1053 4019 1103 4054 cre·

50 4071 172 4136 dentiam]
183 4071 383 4127 adcredeadum,
394 4071 457 4120 Ab.
599 4071 656 4147 ἐκ]
669 4071 716 4146 dic,
729 4070 758 4124 si,
771 4070 832 4118 Λ.Β.
859 4069 998 4118 .secuudae
1007 4085 1102 4118 manus.

49 4138 60 4168 ⁸
75 4135 127 4202 est]
138 4137 280 4191 autemed
293 4150 329 4201 pr.
428 4134 438 4165 ⁸
455 4135 573 4202 bominis]
586 4136 693 4186 hominis
704 4135 799 4192 ested.
812 4149 848 4199 pr.
947 4133 956 4162 ⁷
974 4143 1102 4199 quantum·

50 4201 160 4268 cunque]
172 4202 272 4266 quaudo
283 4214 448 4267 quaecunque,
460 4201 498 4251 ed.
511 4217 547 4267 pr.
