2864 4836
27 418 30 424 ’
65 458 160 505 ιιι»...
423 442 762 518 rnrnroorrs
1196 457 1256 528 371

109 601 223 661 Ternas
233 604 337 663 abanet
345 604 465 664 fratrum
476 617 528 677 est,
538 607 619 683 quod
627 618 839 684 postponentes
848 607 945 684 legem
955 617 984 665 et
995 606 1112 666 ordina·
1148 619 1295 696 qunmbms

61 699 178 760 tionem
192 701 298 761 Christi
312 721 380 762 curn
400 722 452 762 sua
466 706 609 763 sententia
623 705 841 765 adinventiones
860 705 979 764 fratrum
997 704 1113 764 frivolas
1147 661 1285 777 {3322ng

60 809 255 875 anteponunt.
297 800 336 860 Et
349 801 427 861 istud
445 813 490 861 est
504 821 644 879 magnum
662 804 774 863 lacinus
792 804 831 862 ad
850 803 1005 863 damnum¹
1021 803 1113 863 eccle·
1147 782 1259 864 illini*

60 897 134 968 siae,
155 915 223 956 cum
244 899 447 975 blasphemant
468 901 613 971 innuitive,
635 901 866 978 praeponentes²
888 902 985 961 sensui
1007 902 1114 961 Chn'sti

60 1012 132 1056 suas
147 996 307 1055 dementias
322 1016 395 1074 quas
409 998 542 1058 diabolus
561 1000 714 1058 adinvenit.
758 1000 834 1059 Cum
849 1000 927 1059 enim
943 999 1042 1060 iratres
1057 1001 1114 1059 sint

59 1095 290 1173 tantumiinitae
304 1096 454 1155 activitatis
468 1104 498 1155 et
516 1098 715 1156 observantiae
736 1099 810 1156 sicut
829 1107 858 1157 et
878 1107 960 1157 erant
979 1098 1113 1174 apostoli,

60 1201 151 1270 patet,
166 1193 263 1268 quod³
276 1195 306 1252 in
326 1193 503 1270 complendo
523 1213 595 1271 pure
614 1196 709 1272 legem
729 1205 757 1254 et
777 1196 992 1256 ordinationem
1007 1195 1114 1254 Christi

61 1289 161 1349 forent
173 1290 260 1369 longe
275 1291 377 1351 melius
391 1293 526 1369 occupati
534 1313 542 1364 ;
564 1294 618 1352 ista
632 1311 704 1370 ergo
717 1303 761 1352 est
776 1295 980 1354 inexcusabilis
995 1293 1115 1353 fratrum

61 1389 158 1467 eulpa,
166 1390 248 1466 quod
259 1391 431 1450 dimittendo
441 1391 655 1450 ordinationem
665 1391 863 1468 evangelicam
874 1402 934 1450 tam
944 1391 1115 1467 blaspheme

61 1488 300 1565 praeponderant
313 1507 398 1547 suam
412 1488 561 1548 stultitiam
581 1490 775 1560 adinventam,
791 1507 826 1549 ac
846 1491 870 1548 si
890 1489 1116 1565 dedignarentur

60 1585 110 1645 vel
130 1586 332 1647 erubescerent
358 1587 455 1664 sequi⁴
476 1587 624 1647 Christum
649 1598 814 1664 patronum,
836 1588 889 1647 sed
911 1605 1003 1647 unum
1028 1588 1115 1646 alium

61 1684 238 1744 mendacem
247 1696 276 1744 et
285 1685 428 1762 grandem
440 1697 625 1761 peccatorem
636 1687 691 1744 sibi
703 1695 840 1755 statuunt,
851 1685 998 1762 regulam⁸
1008 1685 1115 1746 Christi

61 1782 174 1842 ordinis
185 1783 356 1842 deserendo.
393 1782 453 1842 Sed
464 1783 595 1843 Christus
608 1782 692 1857 dicit:
715 1784 780 1860 ‘qui
792 1784 936 1842 erubuerit
950 1801 998 1842 me
1012 1793 1042 1842 et
1055 1801 1115 1843 ser-

61 1898 168 1940 mones
182 1899 274 1952 meos,
289 1882 367 1940 hunc
383 1881 471 1940 Filius
484 1880 611 1941 hominis
625 1882 775 1941 erubescet
789 1899 888 1940 coram
903 1882 1015 1958 angelis
1030 1881 1103 1942 Dei!

107 1977 233 2050 Quarher
254 1980 357 2038 abnam
379 1979 498 2038 fratrum
522 1990 566 2039 est
590 1980 643 2038 iste
670 1979 752 2056 quod
776 1979 943 2039 deserentes
968 1981 1114 2040 executio·
1181 2048 1264 2112 ”m

60 2094 133 2137 nem
148 2077 221 2156 legis
241 2077 426 2154 evangelicae
448 2078 485 2136 de
500 2078 682 2154 correptione
702 2077 826 2136 fraterna
849 2077 1001 2137 infideliter
1019 2076 1176 2137 lavent

61 2175 181 2236 diabolo
206 2185 292 2253 atque
317 2176 438 2245 mundo,
463 2175 558 2234 unde‘
583 2175 715 2236 Chn'stus
741 2176 826 2234 dicit:
857 2177 924 2253 ‘qui
947 2177 1039 2252 diligit
1063 2195 1115 2252 pa·
1163 2168 1218 2233 ⁰¹²⁸„

57 2284 139 2335 trem
158 2285 208 2334 aut
232 2286 363 2345 matrem,
386 2272 504 2333 fratrem
528 2284 578 2332 aut
602 2292 741 2344 sororem,
765 2275 853 2333 etiam
878 2276 1007 2334 animam
1032 2293 1115 2334 suam

60 2372 244 2451 plusquam
268 2391 325 2444 me,
350 2390 413 2431 non
436 2381 479 2431 est
502 2391 550 2431 me
576 2372 713 2448 dignus3'
745 2372 846 2432 iratres
874 2383 972 2431 autem
997 2384 1115 2450 propter

61 2487 195 2531 amorem
217 2470 262 2530 sui
282 2471 409 2547 corrupti
430 2470 541 2529 ordinis
561 2469 606 2528 vel
626 2487 779 2545 personae,
802 2489 862 2529 non
885 2471 994 2530 audent
1014 2470 1116 2530 fratres

61 2587 142 2640 suos,
156 2579 414 2645 quantumcunque
428 2567 580 2626 manifeste
596 2567 775 2645 deliquerint,
788 2569 954 2644 evangelice
969 2569 1115 2644 corripere

60 2667 125 2726 vell
135 2676 272 2745 percepta
282 2667 466 2736 obstinantia,
478 2677 509 2725 ut
523 2666 610 2725 docet
625 2665 757 2725 Christus
771 2665 875 2725 Matth.
887 2667 962 2725 xviii.
974 2677 1115 2743 tanquam

61 2764 251 2843 publicanum
267 2765 417 2834 deserere,
440 2764 493 2823 sed
517 2774 646 2823 statuunt
671 2765 725 2823 sibi
750 2783 804 2840 pro
829 2765 929 2842 regula
953 2763 1115 2841 expresse⁰‚

61 2862 145 2940 quod
159 2873 203 2922 est
216 2872 318 2921 contra
332 2862 522 2939 evangelium,
537 2880 591 2939 pro
607 2880 660 2921 sua
679 2864 814 2922 comitiva
833 2863 977 2923 diabolica
996 2881 1114 2923 conser-

61 2962 159 3020 vanda
182 2959 263 3037 quod
287 2960 444 3019 obmittant
465 2962 507 3018 sic
530 2960 631 3019 iratres
658 2979 728 3020 suos
753 2962 899 3038 corripere
919 2962 963 3020 vel
989 2961 1115 3022 dicendo

61 3060 203 3119 ecclesiae
226 3060 376 3136 castigare,
402 3057 455 3116 sed
478 3075 567 3135 saepe
592 3059 622 3116 in
646 3068 721 3117 tetro
746 3077 861 3118 carcere
890 3069 991 3118 contra
1018 3059 1114 3135 legem

62 3156 171 3218 Christi
185 3158 332 3217 includere
342 3168 373 3216 et
386 3156 424 3215 ad
435 3174 511 3216 onus
524 3154 672 3226 ecclesiae,
684 3155 738 3214 ιιεο
749 3157 858 3215 malitia
871 3156 916 3214 vel
931 3155 1088 3214 defamatio
1094 3155 1116 3188 ¹⁰

62 3274 118 3316 sua
135 3255 308 3334 appareat¹¹,
323 3255 493 3314 abscondite
515 3264 619 3313 contra
637 3255 786 3313 caritatem
805 3254 947 3314 occidere.
989 3253 1027 3312 Et
1046 3271 1115 3312 cum

64 3355 146 3414 idem
160 3355 197 3414 sit
211 3353 328 3430 diligere
348 3370 506 3429 personam
524 3352 569 3410 vel
588 3351 829 3411 consuetudinem
847 3351 891 3410 vel
910 3352 1005 3427 legem
1027 3369 1116 3427 quam

62 3453 128 3531 ipse
142 3454 292 3530 approbat,
307 3450 459 3509 manifeste
480 3459 567 3526 patet,
582 3448 662 3526 quod
677 3449 778 3507 iratres
799 3448 894 3525 legem
913 3460 942 3509 et
960 3459 1116 3508 consuetu-

65 3551 165 3611 dinem
176 3550 296 3609 Domini
307 3557 520 3626 postponentes
531 3558 560 3606 et
571 3547 839 3624 praeponderantes
850 3565 934 3605 suam
950 3547 1117 3605 mendicam

34 3655 38 3661 '
65 3646 335 3710 consuetudinem¹²
344 3658 374 3706 et
387 3646 544 3723 leprosam,
556 3644 702 3703 Christum
715 3655 897 3721 postponunt
912 3646 972 3705 istis
983 3646 1116 3722 personis

63 3748 177 3809 miseris
201 3748 231 3806 in
256 3763 373 3818 amore;
405 3745 458 3804 sed
482 3744 533 3802 ubi
553 3761 628 3819 rogo
653 3754 724 3802 tunc
747 3754 791 3802 est
812 3744 842 3801 in
864 3743 997 3802 iratribus
1018 3743 1117 3820 regula

97 3935 255 4002 ¹damnnm]
264 3934 458 3989 damnationem
470 3933 565 3984 A.B..C
653 3932 1117 4053 ’praeponentesppraeponderantes

64 4004 98 4054 D.
110 4003 149 4054 ed
161 4018 199 4068 pr.
322 4001 374 4051 ⁸et
386 4000 564 4054 observantiae,
575 3998 639 4048 sicut
650 4004 675 4048 et
687 4007 756 4047 erant
767 4003 856 4062 aposto
895 4005 963 4062 patet
991 3996 1053 4060 uod]
1066 4012 1116 4046 om
1166 4051 1172 4063 .

63 4069 158 4119 A...BC
289 4065 396 4130 ‘sequi]
409 4081 458 4115 om.
471 4065 562 4114 ΑΒΕ.
705 4063 799 4127 ⁸regul
800 4063 854 4127 am]
842 4013 1017 4128 pennati).
1029 4062 1067 4111 ed.
1079 4077 1116 4127 pr.

63 4135 157 4184 ‘unde
181 4131 309 4190 ubienim,
320 4132 401 4181 ed.r
538 4128 615 4194 ⁷vel]
627 4129 666 4185 de,
677 4128 755 4184 Α.Β.;
773 4136 805 4183 et,
818 4129 848 4177 C
965 4128 975 4157 ⁸
991 4127 1116 4193 expresse]

63 4216 114 4250 om
127 4200 159 4249 A.
184 4199 226 4248 .C.
317 4197 327 4226 ⁰
344 4147 408 4260 neq
402 4209 460 4252 rrae,
471 4193 510 4245 ed.
522 4209 558 4259 pr.
659 4195 678 4224 ¹⁰
693 4192 865 4269 defamado]
852 4191 1009 4249 dalamantia.
1021 4193 1116 4242 A.B..C

63 4267 82 4297 ¹¹
99 4281 132 4330 a
167 4262 230 4328 reat]
242 4268 349 4328 spereat.
363 4261 406 4316 Β..
423 4260 526 4325 aperiat,
537 4260 576 4309 ed.
588 4274 625 4323 pr
728 4258 746 4290 ¹¹
764 4257 1136 4323 Dommi-consuetudinem]¹

63 4280 166 4382 Ka
172 4343 266 4394 primae
278 4342 373 4384 manus,
385 4325 444 4375 BC.
1134 4334 1136 4345 ¹

549 4394 634 4450 aba
