<?xml version="1.0" encoding="UTF-8"?>
<!DOCTYPE html PUBLIC "-//W3C//DTD XHTML 1.0 Transitional//EN"
    "http://www.w3.org/TR/xhtml1/DTD/xhtml1-transitional.dtd">
<html xmlns="http://www.w3.org/1999/xhtml" xml:lang="en" lang="en">
 <head>
  <title>
</title>
<meta http-equiv="Content-Type" content="text/html;charset=utf-8" />
  <meta name='ocr-system' content='tesseract 3.04.00' />
  <meta name='ocr-capabilities' content='ocr_page ocr_carea ocr_par ocr_line ocrx_word'/>
</head>
<body>
  <div class='ocr_page' id='page_1' title='image "./trialoguscumsup00lechgoog_0154.png"; bbox 0 0 2864 4836; ppageno 0'>
   <div class='ocr_carea' id='block_1_1' title="bbox 52 423 760 492">
    <p class='ocr_par' dir='ltr' id='par_1_1' title="bbox 52 423 760 492">
     <span class='ocr_line' id='line_1_1' title="bbox 52 423 760 492; baseline 0 -6"><span class='ocrx_word' id='word_1_1' title='bbox 52 451 139 492; x_wconf 44' lang='lat' dir='ltr'>cara</span> <span class='ocrx_word' id='word_1_2' title='bbox 408 423 760 486; x_wconf 82' lang='lat' dir='ltr'><em>TRIALOGUS.</em></span> 
     </span>
    </p>
   </div>
   <div class='ocr_carea' id='block_1_2' title="bbox 12 585 1193 2427">
    <p class='ocr_par' dir='ltr' id='par_1_2' title="bbox 12 585 1193 2427">
     <span class='ocr_line' id='line_1_2' title="bbox 55 585 1108 664; baseline 0 -19"><span class='ocrx_word' id='word_1_3' title='bbox 55 605 72 645; x_wconf 82' lang='lat' dir='ltr'>a</span> <span class='ocrx_word' id='word_1_4' title='bbox 89 585 161 647; x_wconf 89' lang='lat' dir='ltr'>Cor.</span> <span class='ocrx_word' id='word_1_5' title='bbox 175 606 202 645; x_wconf 92' lang='lat' dir='ltr'>v.</span> <span class='ocrx_word' id='word_1_6' title='bbox 208 587 228 658; x_wconf 88' lang='lat'>¹,</span> <span class='ocrx_word' id='word_1_7' title='bbox 242 598 272 647; x_wconf 92' lang='lat' dir='ltr'>et</span> <span class='ocrx_word' id='word_1_8' title='bbox 285 588 316 646; x_wconf 91' lang='lat' dir='ltr'>in</span> <span class='ocrx_word' id='word_1_9' title='bbox 334 586 399 664; x_wconf 91' lang='lat' dir='ltr'>lege</span> <span class='ocrx_word' id='word_1_10' title='bbox 418 588 505 646; x_wconf 88' lang='lat' dir='ltr'>veteri</span> <span class='ocrx_word' id='word_1_11' title='bbox 524 586 692 646; x_wconf 83' lang='lat' dir='ltr'>sacerdotes</span> <span class='ocrx_word' id='word_1_12' title='bbox 711 586 845 645; x_wconf 92' lang='lat' dir='ltr'>dicuntur</span> <span class='ocrx_word' id='word_1_13' title='bbox 862 585 1025 645; x_wconf 91' lang='lat' dir='ltr'>comedisse</span> <span class='ocrx_word' id='word_1_14' title='bbox 1039 603 1108 662; x_wconf 90' lang='lat' dir='ltr'>pec·</span> 
     </span>
     <span class='ocr_line' id='line_1_3' title="bbox 52 684 1109 762; baseline -0.005 -16"><span class='ocrx_word' id='word_1_15' title='bbox 52 695 123 746; x_wconf 82' lang='lat' dir='ltr'>cata</span> <span class='ocrx_word' id='word_1_16' title='bbox 146 685 263 762; x_wconf 90' lang='lat' dir='ltr'>populi;</span> <span class='ocrx_word' id='word_1_17' title='bbox 296 695 325 744; x_wconf 91' lang='lat' dir='ltr'>et</span> <span class='ocrx_word' id='word_1_18' title='bbox 347 684 526 761; x_wconf 87' lang='lat' dir='ltr'><strong>quandoque</strong></span> <span class='ocrx_word' id='word_1_19' title='bbox 551 685 691 760; x_wconf 86' lang='lat' dir='ltr'>accipitur</span> <span class='ocrx_word' id='word_1_20' title='bbox 715 692 870 760; x_wconf 87' lang='lat' dir='ltr'>peccatum</span> <span class='ocrx_word' id='word_1_21' title='bbox 894 701 948 759; x_wconf 91' lang='lat' dir='ltr'>pro</span> <span class='ocrx_word' id='word_1_22' title='bbox 976 684 1109 760; x_wconf 91' lang='lat' dir='ltr'>subjecto</span> 
     </span>
     <span class='ocr_line' id='line_1_4' title="bbox 52 783 1108 862; baseline -0.005 -17"><span class='ocrx_word' id='word_1_23' title='bbox 52 795 214 862; x_wconf 88' lang='lat' dir='ltr'>peccaute;</span> <span class='ocrx_word' id='word_1_24' title='bbox 244 794 273 844; x_wconf 93' lang='lat' dir='ltr'>et</span> <span class='ocrx_word' id='word_1_25' title='bbox 292 783 396 843; x_wconf 91' lang='lat' dir='ltr'>ultimo</span> <span class='ocrx_word' id='word_1_26' title='bbox 416 785 556 862; x_wconf 78' lang='lat' dir='ltr'>accipitur</span> <span class='ocrx_word' id='word_1_27' title='bbox 576 795 729 861; x_wconf 90' lang='lat' dir='ltr'>peccatum</span> <span class='ocrx_word' id='word_1_28' title='bbox 750 800 805 859; x_wconf 88' lang='lat' dir='ltr'>pro</span> <span class='ocrx_word' id='word_1_29' title='bbox 823 801 921 860; x_wconf 86' lang='lat' dir='ltr'>poena</span> <span class='ocrx_word' id='word_1_30' title='bbox 940 783 1037 843; x_wconf 89' lang='lat' dir='ltr'>debita</span> <span class='ocrx_word' id='word_1_31' title='bbox 1054 800 1108 859; x_wconf 88' lang='lat' dir='ltr'>pro</span> 
     </span>
     <span class='ocr_line' id='line_1_5' title="bbox 52 880 1109 959; baseline -0.001 -18"><span class='ocrx_word' id='word_1_32' title='bbox 52 891 189 959; x_wconf 91' lang='lat' dir='ltr'>peccato.</span> <span class='ocrx_word' id='word_1_33' title='bbox 224 881 262 941; x_wconf 90' lang='lat' dir='ltr'>Et</span> <span class='ocrx_word' id='word_1_34' title='bbox 272 882 314 941; x_wconf 92' lang='lat' dir='ltr'>sic</span> <span class='ocrx_word' id='word_1_35' title='bbox 328 880 414 940; x_wconf 89' lang='lat' dir='ltr'>octo¹</span> <span class='ocrx_word' id='word_1_36' title='bbox 424 881 520 941; x_wconf 86' lang='lat' dir='ltr'>modis</span> <span class='ocrx_word' id='word_1_37' title='bbox 530 892 685 958; x_wconf 92' lang='lat' dir='ltr'>peccatum</span> <span class='ocrx_word' id='word_1_38' title='bbox 695 881 849 957; x_wconf 80' lang='lat' dir='ltr'>accipitur³</span> <span class='ocrx_word' id='word_1_39' title='bbox 859 882 929 940; x_wconf 87' lang='lat' dir='ltr'>satis</span> <span class='ocrx_word' id='word_1_40' title='bbox 943 883 1109 957; x_wconf 86' lang='lat' dir='ltr'>aequivoce.</span> 
     </span>
     <span class='ocr_line' id='line_1_6' title="bbox 53 978 1111 1056; baseline -0.003 -15"><span class='ocrx_word' id='word_1_41' title='bbox 53 978 193 1041; x_wconf 87' lang='lat' dir='ltr'>Deficere</span> <span class='ocrx_word' id='word_1_42' title='bbox 207 990 307 1039; x_wconf 85' lang='lat' dir='ltr'>autem</span> <span class='ocrx_word' id='word_1_43' title='bbox 321 989 367 1039; x_wconf 90' lang='lat' dir='ltr'>est</span> <span class='ocrx_word' id='word_1_44' title='bbox 380 981 501 1039; x_wconf 90' lang='lat' dir='ltr'>verbum</span> <span class='ocrx_word' id='word_1_45' title='bbox 516 979 690 1050; x_wconf 90' lang='lat' dir='ltr'>absolutum,</span> <span class='ocrx_word' id='word_1_46' title='bbox 705 990 735 1038; x_wconf 87' lang='lat' dir='ltr'>et</span> <span class='ocrx_word' id='word_1_47' title='bbox 748 979 816 1039; x_wconf 88' lang='lat' dir='ltr'>ideo</span> <span class='ocrx_word' id='word_1_48' title='bbox 830 980 971 1056; x_wconf 89' lang='lat' dir='ltr'>competit</span> <span class='ocrx_word' id='word_1_49' title='bbox 990 989 1111 1055; x_wconf 90' lang='lat' dir='ltr'>peccato</span> 
     </span>
     <span class='ocr_line' id='line_1_7' title="bbox 12 1077 1112 1156; baseline -0.001 -19"><span class='ocrx_word' id='word_1_50' title='bbox 12 1088 20 1095; x_wconf 86' lang='lat'><strong><em>‘</em></strong></span> <span class='ocrx_word' id='word_1_51' title='bbox 55 1077 142 1156; x_wconf 92' lang='lat' dir='ltr'>quod</span> <span class='ocrx_word' id='word_1_52' title='bbox 162 1095 180 1136; x_wconf 90' lang='lat' dir='ltr'>a</span> <span class='ocrx_word' id='word_1_53' title='bbox 198 1077 331 1154; x_wconf 86' lang='lat' dir='ltr'>subjecto</span> <span class='ocrx_word' id='word_1_54' title='bbox 349 1095 402 1137; x_wconf 90' lang='lat' dir='ltr'>suo</span> <span class='ocrx_word' id='word_1_55' title='bbox 422 1079 550 1137; x_wconf 80' lang='lat' dir='ltr'>exoritru</span> <span class='ocrx_word' id='word_1_56' title='bbox 563 1087 592 1136; x_wconf 92' lang='lat' dir='ltr'>et</span> <span class='ocrx_word' id='word_1_57' title='bbox 605 1077 636 1135; x_wconf 92' lang='lat' dir='ltr'>in</span> <span class='ocrx_word' id='word_1_58' title='bbox 656 1078 787 1154; x_wconf 89' lang='lat' dir='ltr'>subjecto</span> <span class='ocrx_word' id='word_1_59' title='bbox 806 1095 861 1136; x_wconf 89' lang='lat' dir='ltr'>suo</span> <span class='ocrx_word' id='word_1_60' title='bbox 880 1077 1001 1136; x_wconf 89' lang='lat' dir='ltr'>finaliter</span> <span class='ocrx_word' id='word_1_61' title='bbox 1015 1079 1112 1136; x_wconf 90' lang='lat' dir='ltr'>termi-</span> 
     </span>
     <span class='ocr_line' id='line_1_8' title="bbox 55 1172 1112 1252; baseline -0.001 -17"><span class='ocrx_word' id='word_1_62' title='bbox 55 1184 153 1235; x_wconf 78' lang='lat' dir='ltr'>natur.</span> <span class='ocrx_word' id='word_1_63' title='bbox 194 1174 306 1234; x_wconf 90' lang='lat' dir='ltr'><strong>Vitium</strong></span> <span class='ocrx_word' id='word_1_64' title='bbox 325 1172 448 1246; x_wconf 87' lang='lat' dir='ltr'>autem⁴,</span> <span class='ocrx_word' id='word_1_65' title='bbox 469 1176 600 1252; x_wconf 89' lang='lat' dir='ltr'>privatio,</span> <span class='ocrx_word' id='word_1_66' title='bbox 615 1193 721 1251; x_wconf 90' lang='lat' dir='ltr'>poena,</span> <span class='ocrx_word' id='word_1_67' title='bbox 740 1175 827 1251; x_wconf 88' lang='lat' dir='ltr'>culpa</span> <span class='ocrx_word' id='word_1_68' title='bbox 847 1185 876 1234; x_wconf 89' lang='lat' dir='ltr'>et</span> <span class='ocrx_word' id='word_1_69' title='bbox 896 1185 992 1234; x_wconf 87' lang='lat' dir='ltr'>reatus</span> <span class='ocrx_word' id='word_1_70' title='bbox 1013 1177 1112 1235; x_wconf 87' lang='lat' dir='ltr'>distin-</span> 
     </span>
     <span class='ocr_line' id='line_1_9' title="bbox 56 1271 1114 1352; baseline -0.002 -20"><span class='ocrx_word' id='word_1_71' title='bbox 56 1282 188 1352; x_wconf 91' lang='lat' dir='ltr'>guuntur</span> <span class='ocrx_word' id='word_1_72' title='bbox 205 1290 223 1331; x_wconf 90' lang='lat' dir='ltr'>a</span> <span class='ocrx_word' id='word_1_73' title='bbox 241 1283 365 1349; x_wconf 87' lang='lat' dir='ltr'>peccato</span> <span class='ocrx_word' id='word_1_74' title='bbox 384 1271 542 1332; x_wconf 86' lang='lat' dir='ltr'>formaliter</span> <span class='ocrx_word' id='word_1_75' title='bbox 561 1273 715 1333; x_wconf 91' lang='lat' dir='ltr'>intellecto.</span> <span class='ocrx_word' id='word_1_76' title='bbox 756 1273 795 1331; x_wconf 90' lang='lat' dir='ltr'>Et</span> <span class='ocrx_word' id='word_1_77' title='bbox 813 1272 908 1332; x_wconf 87' lang='lat' dir='ltr'>adhuc</span> <span class='ocrx_word' id='word_1_78' title='bbox 929 1283 972 1332; x_wconf 88' lang='lat' dir='ltr'>est</span> <span class='ocrx_word' id='word_1_79' title='bbox 992 1274 1114 1349; x_wconf 87' lang='lat' dir='ltr'>penuria</span> 
     </span>
     <span class='ocr_line' id='line_1_10' title="bbox 56 1370 1113 1447; baseline -0.001 -18"><span class='ocrx_word' id='word_1_80' title='bbox 56 1371 216 1430; x_wconf 89' lang='lat' dir='ltr'>verborum</span> <span class='ocrx_word' id='word_1_81' title='bbox 236 1387 295 1447; x_wconf 84' lang='lat' dir='ltr'>qua</span> <span class='ocrx_word' id='word_1_82' title='bbox 316 1371 440 1430; x_wconf 87' lang='lat' dir='ltr'>dicimus</span> <span class='ocrx_word' id='word_1_83' title='bbox 460 1371 541 1447; x_wconf 93' lang='lat' dir='ltr'>quod</span> <span class='ocrx_word' id='word_1_84' title='bbox 562 1381 715 1447; x_wconf 91' lang='lat' dir='ltr'>peccatum</span> <span class='ocrx_word' id='word_1_85' title='bbox 737 1372 779 1429; x_wconf 88' lang='lat' dir='ltr'>sic</span> <span class='ocrx_word' id='word_1_86' title='bbox 799 1370 985 1429; x_wconf 87' lang='lat' dir='ltr'>‘formaliter&#39;</span> <span class='ocrx_word' id='word_1_87' title='bbox 1000 1381 1044 1430; x_wconf 92' lang='lat' dir='ltr'>est</span> <span class='ocrx_word' id='word_1_88' title='bbox 1065 1389 1113 1429; x_wconf 88' lang='lat' dir='ltr'>ac·</span> 
     </span>
     <span class='ocr_line' id='line_1_11' title="bbox 59 1465 1114 1546; baseline -0.001 -18"><span class='ocrx_word' id='word_1_89' title='bbox 59 1477 190 1545; x_wconf 87' lang='lat' dir='ltr'>ceptum,</span> <span class='ocrx_word' id='word_1_90' title='bbox 205 1468 274 1544; x_wconf 90' lang='lat' dir='ltr'>quia</span> <span class='ocrx_word' id='word_1_91' title='bbox 295 1468 392 1545; x_wconf 90' lang='lat' dir='ltr'>potius</span> <span class='ocrx_word' id='word_1_92' title='bbox 414 1468 555 1529; x_wconf 87' lang='lat' dir='ltr'>diceretur</span> <span class='ocrx_word' id='word_1_93' title='bbox 575 1470 656 1546; x_wconf 95' lang='lat' dir='ltr'>quod</span> <span class='ocrx_word' id='word_1_94' title='bbox 678 1465 961 1540; x_wconf 81' lang='lat' dir='ltr'>‘deformaliter⁶,&#39;si</span> <span class='ocrx_word' id='word_1_95' title='bbox 980 1487 1051 1528; x_wconf 90' lang='lat' dir='ltr'>usus</span> <span class='ocrx_word' id='word_1_96' title='bbox 1070 1468 1114 1527; x_wconf 91' lang='lat' dir='ltr'>lo·</span> 
     </span>
     <span class='ocr_line' id='line_1_12' title="bbox 57 1564 1115 1645; baseline 0.001 -19"><span class='ocrx_word' id='word_1_97' title='bbox 57 1564 171 1645; x_wconf 87' lang='lat' dir='ltr'>quendi</span> <span class='ocrx_word' id='word_1_98' title='bbox 195 1565 369 1626; x_wconf 90' lang='lat' dir='ltr'>admitteret.</span> <span class='ocrx_word' id='word_1_99' title='bbox 420 1565 533 1627; x_wconf 87' lang='lat' dir='ltr'>Dicitur</span> <span class='ocrx_word' id='word_1_100' title='bbox 557 1578 664 1638; x_wconf 84' lang='lat' dir='ltr'>autem,</span> <span class='ocrx_word' id='word_1_101' title='bbox 685 1567 767 1642; x_wconf 94' lang='lat' dir='ltr'>quod</span> <span class='ocrx_word' id='word_1_102' title='bbox 787 1567 894 1626; x_wconf 86' lang='lat' dir='ltr'>multae</span> <span class='ocrx_word' id='word_1_103' title='bbox 915 1577 982 1627; x_wconf 90' lang='lat' dir='ltr'>sunt</span> <span class='ocrx_word' id='word_1_104' title='bbox 1002 1568 1115 1643; x_wconf 91' lang='lat' dir='ltr'>species</span> 
     </span>
     <span class='ocr_line' id='line_1_13' title="bbox 58 1664 1113 1743; baseline 0 -19"><span class='ocrx_word' id='word_1_105' title='bbox 58 1664 184 1743; x_wconf 87' lang='lat' dir='ltr'>peccati,</span> <span class='ocrx_word' id='word_1_106' title='bbox 209 1665 382 1741; x_wconf 86' lang='lat' dir='ltr'>accipiendo</span> <span class='ocrx_word' id='word_1_107' title='bbox 406 1674 561 1742; x_wconf 87' lang='lat' dir='ltr'>peccatum</span> <span class='ocrx_word' id='word_1_108' title='bbox 585 1682 640 1742; x_wconf 93' lang='lat' dir='ltr'>pro</span> <span class='ocrx_word' id='word_1_109' title='bbox 665 1664 765 1724; x_wconf 87' lang='lat' dir='ltr'>habitu</span> <span class='ocrx_word' id='word_1_110' title='bbox 789 1665 834 1723; x_wconf 91' lang='lat' dir='ltr'>vel</span> <span class='ocrx_word' id='word_1_111' title='bbox 862 1665 957 1725; x_wconf 81' lang='lat' dir='ltr'>forma</span> <span class='ocrx_word' id='word_1_112' title='bbox 982 1667 1113 1742; x_wconf 82' lang='lat' dir='ltr'>positiva</span> 
     </span>
     <span class='ocr_line' id='line_1_14' title="bbox 60 1760 1115 1840; baseline 0.001 -18"><span class='ocrx_word' id='word_1_113' title='bbox 60 1760 124 1822; x_wconf 89' lang='lat' dir='ltr'>Sed</span> <span class='ocrx_word' id='word_1_114' title='bbox 137 1762 312 1839; x_wconf 86' lang='lat' dir='ltr'>accipiendo</span> <span class='ocrx_word' id='word_1_115' title='bbox 327 1763 426 1840; x_wconf 85' lang='lat' dir='ltr'>ipsum</span> <span class='ocrx_word' id='word_1_116' title='bbox 439 1780 494 1840; x_wconf 93' lang='lat' dir='ltr'>pro</span> <span class='ocrx_word' id='word_1_117' title='bbox 508 1763 692 1823; x_wconf 80' lang='lat' dir='ltr'>deformitate</span> <span class='ocrx_word' id='word_1_118' title='bbox 706 1761 752 1821; x_wconf 92' lang='lat' dir='ltr'>vel</span> <span class='ocrx_word' id='word_1_119' title='bbox 766 1761 882 1822; x_wconf 86' lang='lat' dir='ltr'>defectu</span> <span class='ocrx_word' id='word_1_120' title='bbox 899 1764 1058 1840; x_wconf 88' lang='lat' dir='ltr'>peccantis,</span> <span class='ocrx_word' id='word_1_121' title='bbox 1073 1764 1115 1824; x_wconf 89' lang='lat' dir='ltr'>sic</span> 
     </span>
     <span class='ocr_line' id='line_1_15' title="bbox 60 1859 1114 1938; baseline 0 -19"><span class='ocrx_word' id='word_1_122' title='bbox 60 1876 127 1919; x_wconf 87' lang='lat' dir='ltr'>non</span> <span class='ocrx_word' id='word_1_123' title='bbox 147 1869 192 1919; x_wconf 87' lang='lat' dir='ltr'>est</span> <span class='ocrx_word' id='word_1_124' title='bbox 209 1878 263 1937; x_wconf 91' lang='lat' dir='ltr'>per</span> <span class='ocrx_word' id='word_1_125' title='bbox 276 1879 308 1921; x_wconf 93' lang='lat' dir='ltr'>se</span> <span class='ocrx_word' id='word_1_126' title='bbox 322 1860 366 1920; x_wconf 85' lang='lat' dir='ltr'>vel</span> <span class='ocrx_word' id='word_1_127' title='bbox 380 1878 433 1938; x_wconf 89' lang='lat' dir='ltr'>per</span> <span class='ocrx_word' id='word_1_128' title='bbox 447 1860 583 1920; x_wconf 90' lang='lat' dir='ltr'>accidens</span> <span class='ocrx_word' id='word_1_129' title='bbox 596 1861 627 1919; x_wconf 90' lang='lat' dir='ltr'>in</span> <span class='ocrx_word' id='word_1_130' title='bbox 640 1878 749 1937; x_wconf 83' lang='lat' dir='ltr'>genere</span> <span class='ocrx_word' id='word_1_131' title='bbox 764 1859 817 1920; x_wconf 90' lang='lat' dir='ltr'>sed</span> <span class='ocrx_word' id='word_1_132' title='bbox 835 1878 888 1936; x_wconf 88' lang='lat' dir='ltr'>per</span> <span class='ocrx_word' id='word_1_133' title='bbox 906 1861 1114 1932; x_wconf 87' lang='lat' dir='ltr'>reductionem,</span> 
     </span>
     <span class='ocr_line' id='line_1_16' title="bbox 60 1956 1116 2036; baseline 0.002 -19"><span class='ocrx_word' id='word_1_134' title='bbox 60 1965 93 2017; x_wconf 88' lang='lat' dir='ltr'>et</span> <span class='ocrx_word' id='word_1_135' title='bbox 111 1966 145 2016; x_wconf 90' lang='lat' dir='ltr'>ut</span> <span class='ocrx_word' id='word_1_136' title='bbox 162 1956 265 2017; x_wconf 89' lang='lat' dir='ltr'>dicitur</span> <span class='ocrx_word' id='word_1_137' title='bbox 283 1959 485 2032; x_wconf 87' lang='lat' dir='ltr'>communiter,</span> <span class='ocrx_word' id='word_1_138' title='bbox 501 1960 531 2017; x_wconf 90' lang='lat' dir='ltr'>in</span> <span class='ocrx_word' id='word_1_139' title='bbox 545 1977 653 2036; x_wconf 86' lang='lat' dir='ltr'>genere</span> <span class='ocrx_word' id='word_1_140' title='bbox 672 1957 825 2036; x_wconf 79' lang='lat' dir='ltr'>qualitatis,</span> <span class='ocrx_word' id='word_1_141' title='bbox 840 1976 909 2018; x_wconf 91' lang='lat' dir='ltr'>cum</span> <span class='ocrx_word' id='word_1_142' title='bbox 930 1959 968 2019; x_wconf 90' lang='lat' dir='ltr'>sit</span> <span class='ocrx_word' id='word_1_143' title='bbox 986 1959 1116 2019; x_wconf 85' lang='lat' dir='ltr'>desectus</span> 
     </span>
     <span class='ocr_line' id='line_1_17' title="bbox 61 2055 1118 2133; baseline 0.004 -18"><span class='ocrx_word' id='word_1_144' title='bbox 61 2055 183 2133; x_wconf 85' lang='lat' dir='ltr'>gratiae,</span> <span class='ocrx_word' id='word_1_145' title='bbox 197 2073 273 2133; x_wconf 86' lang='lat' dir='ltr'>quae</span> <span class='ocrx_word' id='word_1_146' title='bbox 286 2056 409 2133; x_wconf 88' lang='lat' dir='ltr'>qualitas</span> <span class='ocrx_word' id='word_1_147' title='bbox 423 2057 526 2117; x_wconf 86' lang='lat' dir='ltr'>dicitm</span> <span class='ocrx_word' id='word_1_148' title='bbox 540 2058 615 2116; x_wconf 89' lang='lat' dir='ltr'>sicut</span> <span class='ocrx_word' id='word_1_149' title='bbox 627 2057 726 2116; x_wconf 88' lang='lat' dir='ltr'>virtus.</span> <span class='ocrx_word' id='word_1_150' title='bbox 767 2055 947 2118; x_wconf 86' lang='lat' dir='ltr'>Privationes</span> <span class='ocrx_word' id='word_1_151' title='bbox 964 2069 1071 2130; x_wconf 90' lang='lat' dir='ltr'>autem,</span> <span class='ocrx_word' id='word_1_152' title='bbox 1085 2070 1118 2119; x_wconf 92' lang='lat' dir='ltr'>ut</span> 
     </span>
     <span class='ocr_line' id='line_1_18' title="bbox 62 2153 1118 2231; baseline 0.001 -16"><span class='ocrx_word' id='word_1_153' title='bbox 62 2153 189 2215; x_wconf 86' lang='lat' dir='ltr'>caecitas</span> <span class='ocrx_word' id='word_1_154' title='bbox 200 2155 321 2213; x_wconf 88' lang='lat' dir='ltr'>tenebra</span> <span class='ocrx_word' id='word_1_155' title='bbox 335 2165 363 2213; x_wconf 90' lang='lat' dir='ltr'>et</span> <span class='ocrx_word' id='word_1_156' title='bbox 377 2155 481 2214; x_wconf 88' lang='lat' dir='ltr'>similia</span> <span class='ocrx_word' id='word_1_157' title='bbox 495 2156 606 2214; x_wconf 91' lang='lat' dir='ltr'>suntin</span> <span class='ocrx_word' id='word_1_158' title='bbox 620 2154 775 2231; x_wconf 83' lang='lat' dir='ltr'>cathalogo</span> <span class='ocrx_word' id='word_1_159' title='bbox 786 2165 943 2227; x_wconf 89' lang='lat' dir='ltr'>creaturae,</span> <span class='ocrx_word' id='word_1_160' title='bbox 955 2155 1023 2216; x_wconf 89' lang='lat' dir='ltr'>ideo</span> <span class='ocrx_word' id='word_1_161' title='bbox 1037 2156 1118 2216; x_wconf 90' lang='lat' dir='ltr'>aliter</span> 
     </span>
     <span class='ocr_line' id='line_1_19' title="bbox 63 2252 1118 2331; baseline 0.003 -20"><span class='ocrx_word' id='word_1_162' title='bbox 63 2262 186 2330; x_wconf 90' lang='lat' dir='ltr'>peccata</span> <span class='ocrx_word' id='word_1_163' title='bbox 207 2262 276 2311; x_wconf 87' lang='lat' dir='ltr'>sunt</span> <span class='ocrx_word' id='word_1_164' title='bbox 297 2270 350 2328; x_wconf 88' lang='lat' dir='ltr'>per</span> <span class='ocrx_word' id='word_1_165' title='bbox 374 2252 573 2312; x_wconf 88' lang='lat' dir='ltr'>reductionem</span> <span class='ocrx_word' id='word_1_166' title='bbox 597 2253 628 2310; x_wconf 92' lang='lat' dir='ltr'>in</span> <span class='ocrx_word' id='word_1_167' title='bbox 650 2271 766 2329; x_wconf 79' lang='lat' dir='ltr'>genere,</span> <span class='ocrx_word' id='word_1_168' title='bbox 789 2264 817 2312; x_wconf 90' lang='lat' dir='ltr'>et</span> <span class='ocrx_word' id='word_1_169' title='bbox 840 2253 921 2312; x_wconf 88' lang='lat' dir='ltr'>aliter</span> <span class='ocrx_word' id='word_1_170' title='bbox 942 2255 1118 2331; x_wconf 88' lang='lat' dir='ltr'>privationes</span> 
     </span>
     <span class='ocr_line' id='line_1_20' title="bbox 64 2349 1193 2427; baseline 0.003 -17"><span class='ocrx_word' id='word_1_171' title='bbox 64 2350 241 2427; x_wconf 79' lang='lat' dir='ltr'>hujusmodi</span> <span class='ocrx_word' id='word_1_172' title='bbox 283 2349 494 2410; x_wconf 88' lang='lat' dir='ltr'>Verumtamen</span> <span class='ocrx_word' id='word_1_173' title='bbox 509 2351 583 2409; x_wconf 90' lang='lat' dir='ltr'>sicut</span> <span class='ocrx_word' id='word_1_174' title='bbox 593 2361 748 2427; x_wconf 87' lang='lat' dir='ltr'>peccatum</span> <span class='ocrx_word' id='word_1_175' title='bbox 762 2350 866 2410; x_wconf 90' lang='lat' dir='ltr'>dicitur</span> <span class='ocrx_word' id='word_1_176' title='bbox 879 2369 933 2411; x_wconf 90' lang='lat' dir='ltr'>ens</span> <span class='ocrx_word' id='word_1_177' title='bbox 945 2353 984 2411; x_wconf 91' lang='lat' dir='ltr'>ad</span> <span class='ocrx_word' id='word_1_178' title='bbox 998 2371 1117 2413; x_wconf 91' lang='lat' dir='ltr'>sensum</span> <span class='ocrx_word' id='word_1_179' title='bbox 1181 2381 1193 2406; x_wconf 83' lang='grc' dir='ltr'><strong>ο</strong></span> 
     </span>
    </p>
   </div>
   <div class='ocr_carea' id='block_1_3' title="bbox 64 2423 1255 2525">
    <p class='ocr_par' dir='ltr' id='par_1_3' title="bbox 64 2423 1255 2525">
     <span class='ocr_line' id='line_1_21' title="bbox 64 2423 1255 2525; baseline 0.003 -19"><span class='ocrx_word' id='word_1_180' title='bbox 64 2449 267 2525; x_wconf 87' lang='lat' dir='ltr'>aequivocum,</span> <span class='ocrx_word' id='word_1_181' title='bbox 282 2448 323 2506; x_wconf 85' lang='lat' dir='ltr'>ita</span> <span class='ocrx_word' id='word_1_182' title='bbox 341 2447 445 2507; x_wconf 91' lang='lat' dir='ltr'>dicitur</span> <span class='ocrx_word' id='word_1_183' title='bbox 463 2465 527 2507; x_wconf 91' lang='lat' dir='ltr'>esse</span> <span class='ocrx_word' id='word_1_184' title='bbox 545 2448 666 2520; x_wconf 92' lang='lat' dir='ltr'>bonum,</span> <span class='ocrx_word' id='word_1_185' title='bbox 686 2467 754 2508; x_wconf 93' lang='lat' dir='ltr'>cum</span> <span class='ocrx_word' id='word_1_186' title='bbox 776 2447 932 2524; x_wconf 72' lang='lat' dir='ltr'>Gregorricr</span> <span class='ocrx_word' id='word_1_187' title='bbox 951 2459 1035 2509; x_wconf 93' lang='lat' dir='ltr'>vocat</span> <span class='ocrx_word' id='word_1_188' title='bbox 1050 2457 1117 2510; x_wconf 89' lang='lat' dir='ltr'>‘ne·</span> <span class='ocrx_word' id='word_1_189' title='bbox 1151 2423 1173 2446; x_wconf 51' lang='lat' dir='ltr'><em>a</em></span> <span class='ocrx_word' id='word_1_190' title='bbox 1242 2463 1255 2488; x_wconf 74' lang='lat'>¹²</span> 
     </span>
    </p>
   </div>
   <div class='ocr_carea' id='block_1_4' title="bbox 65 2544 1124 3794">
    <p class='ocr_par' dir='ltr' id='par_1_4' title="bbox 65 2544 1124 3794">
     <span class='ocr_line' id='line_1_22' title="bbox 65 2544 1117 2622; baseline 0 -16"><span class='ocrx_word' id='word_1_191' title='bbox 65 2546 234 2607; x_wconf 87' lang='lat' dir='ltr'>cessarium’</span> <span class='ocrx_word' id='word_1_192' title='bbox 250 2545 333 2604; x_wconf 88' lang='lat' dir='ltr'>Adae</span> <span class='ocrx_word' id='word_1_193' title='bbox 353 2555 506 2622; x_wconf 81' lang='lat' dir='ltr'>peccatum</span> <span class='ocrx_word' id='word_1_194' title='bbox 525 2555 555 2604; x_wconf 91' lang='lat' dir='ltr'>et</span> <span class='ocrx_word' id='word_1_195' title='bbox 574 2545 708 2622; x_wconf 87' lang='lat' dir='ltr'>‘culpam</span> <span class='ocrx_word' id='word_1_196' title='bbox 722 2544 854 2618; x_wconf 67' lang='lat' dir='ltr'>felicem:</span> <span class='ocrx_word' id='word_1_197' title='bbox 874 2563 942 2605; x_wconf 92' lang='lat' dir='ltr'>cum</span> <span class='ocrx_word' id='word_1_198' title='bbox 963 2547 1117 2607; x_wconf 85' lang='lat' dir='ltr'>occasione</span> 
     </span>
     <span class='ocr_line' id='line_1_23' title="bbox 66 2643 1119 2722; baseline 0.001 -17"><span class='ocrx_word' id='word_1_199' title='bbox 66 2655 190 2721; x_wconf 84' lang='lat' dir='ltr'>accepta</span> <span class='ocrx_word' id='word_1_200' title='bbox 215 2662 268 2722; x_wconf 88' lang='lat' dir='ltr'>per</span> <span class='ocrx_word' id='word_1_201' title='bbox 288 2644 345 2703; x_wconf 91' lang='lat' dir='ltr'>Dei</span> <span class='ocrx_word' id='word_1_202' title='bbox 369 2645 492 2721; x_wconf 80' lang='lat' dir='ltr'>gratiam</span> <span class='ocrx_word' id='word_1_203' title='bbox 513 2645 637 2703; x_wconf 90' lang='lat' dir='ltr'>multum</span> <span class='ocrx_word' id='word_1_204' title='bbox 659 2644 788 2721; x_wconf 88' lang='lat' dir='ltr'>prodest.</span> <span class='ocrx_word' id='word_1_205' title='bbox 831 2643 895 2704; x_wconf 92' lang='lat' dir='ltr'>Nec</span> <span class='ocrx_word' id='word_1_206' title='bbox 916 2643 999 2704; x_wconf 91' lang='lat' dir='ltr'>Deus</span> <span class='ocrx_word' id='word_1_207' title='bbox 1020 2657 1119 2722; x_wconf 87' lang='lat' dir='ltr'>posset</span> 
     </span>
     <span class='ocr_line' id='line_1_24' title="bbox 66 2741 1118 2822; baseline -0.002 -19"><span class='ocrx_word' id='word_1_208' title='bbox 66 2753 222 2822; x_wconf 88' lang='lat' dir='ltr'>peccatum</span> <span class='ocrx_word' id='word_1_209' title='bbox 241 2743 336 2802; x_wconf 90' lang='lat' dir='ltr'>sinere</span> <span class='ocrx_word' id='word_1_210' title='bbox 356 2760 421 2802; x_wconf 90' lang='lat' dir='ltr'>esse</span> <span class='ocrx_word' id='word_1_211' title='bbox 441 2742 485 2801; x_wconf 93' lang='lat' dir='ltr'>vel</span> <span class='ocrx_word' id='word_1_212' title='bbox 504 2742 574 2813; x_wconf 90' lang='lat' dir='ltr'>fieri,</span> <span class='ocrx_word' id='word_1_213' title='bbox 589 2743 644 2801; x_wconf 91' lang='lat' dir='ltr'>nisi</span> <span class='ocrx_word' id='word_1_214' title='bbox 663 2760 716 2818; x_wconf 88' lang='lat' dir='ltr'>per</span> <span class='ocrx_word' id='word_1_215' title='bbox 734 2742 870 2802; x_wconf 89' lang='lat' dir='ltr'>accidens</span> <span class='ocrx_word' id='word_1_216' title='bbox 889 2741 1013 2803; x_wconf 90' lang='lat' dir='ltr'>multum</span> <span class='ocrx_word' id='word_1_217' title='bbox 1031 2743 1118 2819; x_wconf 90' lang='lat' dir='ltr'>proli·</span> 
     </span>
     <span class='ocr_line' id='line_1_25' title="bbox 66 2838 1120 2918; baseline -0.002 -16"><span class='ocrx_word' id='word_1_218' title='bbox 66 2850 155 2911; x_wconf 90' lang='lat' dir='ltr'>ceret,</span> <span class='ocrx_word' id='word_1_219' title='bbox 183 2841 253 2917; x_wconf 86' lang='lat' dir='ltr'>quia</span> <span class='ocrx_word' id='word_1_220' title='bbox 280 2842 305 2899; x_wconf 88' lang='lat' dir='ltr'>si</span> <span class='ocrx_word' id='word_1_221' title='bbox 332 2849 485 2916; x_wconf 84' lang='lat' dir='ltr'>peccatum</span> <span class='ocrx_word' id='word_1_222' title='bbox 512 2851 565 2911; x_wconf 89' lang='lat' dir='ltr'>est,</span> <span class='ocrx_word' id='word_1_223' title='bbox 590 2850 660 2899; x_wconf 92' lang='lat' dir='ltr'>tunc</span> <span class='ocrx_word' id='word_1_224' title='bbox 684 2838 766 2902; x_wconf 88' lang='lat' dir='ltr'>Deus</span> <span class='ocrx_word' id='word_1_225' title='bbox 794 2841 877 2917; x_wconf 91' lang='lat' dir='ltr'>punit</span> <span class='ocrx_word' id='word_1_226' title='bbox 904 2840 984 2912; x_wconf 92' lang='lat' dir='ltr'>illud,</span> <span class='ocrx_word' id='word_1_227' title='bbox 1012 2850 1041 2900; x_wconf 94' lang='lat' dir='ltr'>et</span> <span class='ocrx_word' id='word_1_228' title='bbox 1068 2860 1120 2918; x_wconf 86' lang='lat' dir='ltr'>per</span> 
     </span>
     <span class='ocr_line' id='line_1_26' title="bbox 66 2938 1121 3016; baseline 0 -17"><span class='ocrx_word' id='word_1_229' title='bbox 66 2956 254 3016; x_wconf 88' lang='lat' dir='ltr'>consequens</span> <span class='ocrx_word' id='word_1_230' title='bbox 274 2939 336 3015; x_wconf 87' lang='lat' dir='ltr'>ejus</span> <span class='ocrx_word' id='word_1_231' title='bbox 355 2939 432 3015; x_wconf 88' lang='lat' dir='ltr'>justa</span> <span class='ocrx_word' id='word_1_232' title='bbox 452 2939 564 3015; x_wconf 92' lang='lat' dir='ltr'>punitio</span> <span class='ocrx_word' id='word_1_233' title='bbox 587 2938 712 2996; x_wconf 90' lang='lat' dir='ltr'>multum</span> <span class='ocrx_word' id='word_1_234' title='bbox 731 2938 858 3015; x_wconf 83' lang='lat' dir='ltr'>prodest</span> <span class='ocrx_word' id='word_1_235' title='bbox 899 2938 938 2997; x_wconf 92' lang='lat' dir='ltr'>Et</span> <span class='ocrx_word' id='word_1_236' title='bbox 958 2940 998 2999; x_wconf 87' lang='lat' dir='ltr'>ita</span> <span class='ocrx_word' id='word_1_237' title='bbox 1018 2939 1121 3000; x_wconf 91' lang='lat' dir='ltr'>dicitur</span> 
     </span>
     <span class='ocr_line' id='line_1_27' title="bbox 67 3035 1121 3113; baseline 0 -17"><span class='ocrx_word' id='word_1_238' title='bbox 67 3035 166 3096; x_wconf 82' lang='lat' dir='ltr'>Deus·</span> <span class='ocrx_word' id='word_1_239' title='bbox 186 3035 259 3095; x_wconf 91' lang='lat' dir='ltr'>velle</span> <span class='ocrx_word' id='word_1_240' title='bbox 278 3045 433 3112; x_wconf 86' lang='lat' dir='ltr'>peccatum</span> <span class='ocrx_word' id='word_1_241' title='bbox 454 3053 514 3111; x_wconf 95' lang='lat' dir='ltr'>quo</span> <span class='ocrx_word' id='word_1_242' title='bbox 536 3035 575 3094; x_wconf 90' lang='lat' dir='ltr'>ad</span> <span class='ocrx_word' id='word_1_243' title='bbox 595 3053 661 3094; x_wconf 88' lang='lat' dir='ltr'>esse</span> <span class='ocrx_word' id='word_1_244' title='bbox 682 3053 768 3095; x_wconf 92' lang='lat' dir='ltr'>suum</span> <span class='ocrx_word' id='word_1_245' title='bbox 783 3035 953 3106; x_wconf 88' lang='lat' dir='ltr'>secundum,</span> <span class='ocrx_word' id='word_1_246' title='bbox 975 3035 1057 3113; x_wconf 94' lang='lat' dir='ltr'>quod</span> <span class='ocrx_word' id='word_1_247' title='bbox 1077 3046 1121 3096; x_wconf 88' lang='lat' dir='ltr'>est</span> 
     </span>
     <span class='ocr_line' id='line_1_28' title="bbox 67 3132 1120 3210; baseline -0.001 -16"><span class='ocrx_word' id='word_1_248' title='bbox 67 3134 288 3194; x_wconf 88' lang='lat' dir='ltr'>occasionaliter</span> <span class='ocrx_word' id='word_1_249' title='bbox 297 3133 445 3209; x_wconf 87' lang='lat' dir='ltr'>proficere.</span> <span class='ocrx_word' id='word_1_250' title='bbox 488 3132 645 3192; x_wconf 90' lang='lat' dir='ltr'>Peccatum</span> <span class='ocrx_word' id='word_1_251' title='bbox 656 3143 755 3191; x_wconf 88' lang='lat' dir='ltr'>tamen</span> <span class='ocrx_word' id='word_1_252' title='bbox 767 3133 869 3193; x_wconf 92' lang='lat' dir='ltr'>dicitur</span> <span class='ocrx_word' id='word_1_253' title='bbox 884 3134 953 3192; x_wconf 88' lang='lat' dir='ltr'>satis</span> <span class='ocrx_word' id='word_1_254' title='bbox 964 3135 1120 3210; x_wconf 88' lang='lat' dir='ltr'>aequivoce</span> 
     </span>
     <span class='ocr_line' id='line_1_29' title="bbox 68 3230 1121 3307; baseline -0.003 -15"><span class='ocrx_word' id='word_1_255' title='bbox 68 3232 177 3292; x_wconf 88' lang='lat' dir='ltr'>habere</span> <span class='ocrx_word' id='word_1_256' title='bbox 198 3249 263 3290; x_wconf 89' lang='lat' dir='ltr'>esse</span> <span class='ocrx_word' id='word_1_257' title='bbox 282 3231 436 3297; x_wconf 82' lang='lat' dir='ltr'>secundum,</span> <span class='ocrx_word' id='word_1_258' title='bbox 459 3231 527 3306; x_wconf 88' lang='lat' dir='ltr'>quia</span> <span class='ocrx_word' id='word_1_259' title='bbox 548 3231 617 3290; x_wconf 91' lang='lat' dir='ltr'>illud</span> <span class='ocrx_word' id='word_1_260' title='bbox 638 3241 681 3289; x_wconf 88' lang='lat' dir='ltr'>est</span> <span class='ocrx_word' id='word_1_261' title='bbox 702 3249 767 3291; x_wconf 90' lang='lat' dir='ltr'>esse</span> <span class='ocrx_word' id='word_1_262' title='bbox 788 3232 899 3290; x_wconf 89' lang='lat' dir='ltr'>bonum</span> <span class='ocrx_word' id='word_1_263' title='bbox 917 3230 996 3307; x_wconf 93' lang='lat' dir='ltr'>quod</span> <span class='ocrx_word' id='word_1_264' title='bbox 1017 3248 1121 3289; x_wconf 91' lang='lat' dir='ltr'>conse·</span> 
     </span>
     <span class='ocr_line' id='line_1_30' title="bbox 70 3327 1122 3408; baseline -0.003 -19"><span class='ocrx_word' id='word_1_265' title='bbox 70 3331 166 3408; x_wconf 87' lang='lat' dir='ltr'>quitur</span> <span class='ocrx_word' id='word_1_266' title='bbox 180 3330 218 3389; x_wconf 88' lang='lat' dir='ltr'>ad</span> <span class='ocrx_word' id='word_1_267' title='bbox 232 3329 343 3388; x_wconf 91' lang='lat' dir='ltr'>deesse.</span> <span class='ocrx_word' id='word_1_268' title='bbox 384 3328 423 3387; x_wconf 90' lang='lat' dir='ltr'>Et</span> <span class='ocrx_word' id='word_1_269' title='bbox 437 3330 476 3387; x_wconf 91' lang='lat' dir='ltr'>ita</span> <span class='ocrx_word' id='word_1_270' title='bbox 490 3330 622 3404; x_wconf 90' lang='lat' dir='ltr'>quamvis</span> <span class='ocrx_word' id='word_1_271' title='bbox 635 3340 696 3388; x_wconf 88' lang='lat' dir='ltr'>tarn</span> <span class='ocrx_word' id='word_1_272' title='bbox 709 3328 791 3387; x_wconf 85' lang='lat' dir='ltr'>Deus</span> <span class='ocrx_word' id='word_1_273' title='bbox 810 3346 899 3404; x_wconf 91' lang='lat' dir='ltr'>quam</span> <span class='ocrx_word' id='word_1_274' title='bbox 914 3337 1044 3386; x_wconf 90' lang='lat' dir='ltr'>creatura</span> <span class='ocrx_word' id='word_1_275' title='bbox 1056 3327 1122 3386; x_wconf 88' lang='lat' dir='ltr'>velit</span> 
     </span>
     <span class='ocr_line' id='line_1_31' title="bbox 71 3424 1122 3507; baseline -0.004 -20"><span class='ocrx_word' id='word_1_276' title='bbox 71 3438 226 3507; x_wconf 87' lang='lat' dir='ltr'>peccatum</span> <span class='ocrx_word' id='word_1_277' title='bbox 240 3429 282 3486; x_wconf 89' lang='lat' dir='ltr'>sic</span> <span class='ocrx_word' id='word_1_278' title='bbox 297 3445 362 3486; x_wconf 90' lang='lat' dir='ltr'>esse</span> <span class='ocrx_word' id='word_1_279' title='bbox 376 3437 405 3486; x_wconf 90' lang='lat' dir='ltr'>et</span> <span class='ocrx_word' id='word_1_280' title='bbox 419 3427 461 3486; x_wconf 89' lang='lat' dir='ltr'>sic</span> <span class='ocrx_word' id='word_1_281' title='bbox 481 3427 630 3502; x_wconf 87' lang='lat' dir='ltr'>prodesse,</span> <span class='ocrx_word' id='word_1_282' title='bbox 645 3444 707 3485; x_wconf 92' lang='lat' dir='ltr'>non</span> <span class='ocrx_word' id='word_1_283' title='bbox 725 3437 824 3485; x_wconf 89' lang='lat' dir='ltr'>tamen</span> <span class='ocrx_word' id='word_1_284' title='bbox 839 3436 884 3484; x_wconf 90' lang='lat' dir='ltr'>est</span> <span class='ocrx_word' id='word_1_285' title='bbox 900 3425 1011 3502; x_wconf 88' lang='lat' dir='ltr'>justum</span> <span class='ocrx_word' id='word_1_286' title='bbox 1024 3424 1122 3484; x_wconf 89' lang='lat' dir='ltr'>Deum</span> 
     </span>
     <span class='ocr_line' id='line_1_32' title="bbox 71 3523 1124 3601; baseline -0.004 -17"><span class='ocrx_word' id='word_1_287' title='bbox 71 3526 145 3587; x_wconf 88' lang='lat' dir='ltr'>velle</span> <span class='ocrx_word' id='word_1_288' title='bbox 165 3526 317 3585; x_wconf 92' lang='lat' dir='ltr'>hominem</span> <span class='ocrx_word' id='word_1_289' title='bbox 338 3523 484 3601; x_wconf 65' lang='lat' dir='ltr'>peccarel,</span> <span class='ocrx_word' id='word_1_290' title='bbox 505 3524 550 3583; x_wconf 92' lang='lat' dir='ltr'>vel</span> <span class='ocrx_word' id='word_1_291' title='bbox 574 3525 604 3582; x_wconf 92' lang='lat' dir='ltr'>in</span> <span class='ocrx_word' id='word_1_292' title='bbox 625 3524 682 3582; x_wconf 92' lang='lat' dir='ltr'>hoc</span> <span class='ocrx_word' id='word_1_293' title='bbox 707 3523 820 3581; x_wconf 90' lang='lat' dir='ltr'>homini</span> <span class='ocrx_word' id='word_1_294' title='bbox 844 3523 1036 3599; x_wconf 85' lang='lat' dir='ltr'>complacere,</span> <span class='ocrx_word' id='word_1_295' title='bbox 1055 3524 1124 3598; x_wconf 90' lang='lat' dir='ltr'>quia</span> 
     </span>
     <span class='ocr_line' id='line_1_33' title="bbox 72 3620 1122 3700; baseline -0.006 -16"><span class='ocrx_word' id='word_1_296' title='bbox 72 3624 147 3684; x_wconf 90' lang='lat' dir='ltr'>tales</span> <span class='ocrx_word' id='word_1_297' title='bbox 164 3623 397 3700; x_wconf 87' lang='lat' dir='ltr'>praedicationes</span> <span class='ocrx_word' id='word_1_298' title='bbox 417 3621 516 3680; x_wconf 93' lang='lat' dir='ltr'>dicunt</span> <span class='ocrx_word' id='word_1_299' title='bbox 536 3639 599 3680; x_wconf 88' lang='lat' dir='ltr'>esse</span> <span class='ocrx_word' id='word_1_300' title='bbox 619 3622 745 3696; x_wconf 88' lang='lat' dir='ltr'>primum</span> <span class='ocrx_word' id='word_1_301' title='bbox 764 3621 876 3696; x_wconf 89' lang='lat' dir='ltr'>peccati</span> <span class='ocrx_word' id='word_1_302' title='bbox 890 3620 934 3680; x_wconf 94' lang='lat' dir='ltr'>vel</span> <span class='ocrx_word' id='word_1_303' title='bbox 953 3639 1038 3680; x_wconf 90' lang='lat' dir='ltr'>suurn</span> <span class='ocrx_word' id='word_1_304' title='bbox 1052 3620 1122 3679; x_wconf 90' lang='lat' dir='ltr'>defi·</span> 
     </span>
     <span class='ocr_line' id='line_1_34' title="bbox 72 3717 1124 3794; baseline -0.006 -11"><span class='ocrx_word' id='word_1_305' title='bbox 72 3741 149 3784; x_wconf 87' lang='lat' dir='ltr'>cere.</span> <span class='ocrx_word' id='word_1_306' title='bbox 190 3720 308 3780; x_wconf 89' lang='lat' dir='ltr'>Poenae</span> <span class='ocrx_word' id='word_1_307' title='bbox 322 3730 421 3779; x_wconf 91' lang='lat' dir='ltr'>autem</span> <span class='ocrx_word' id='word_1_308' title='bbox 441 3737 508 3778; x_wconf 91' lang='lat' dir='ltr'>cum</span> <span class='ocrx_word' id='word_1_309' title='bbox 527 3718 585 3777; x_wconf 90' lang='lat' dir='ltr'>sint</span> <span class='ocrx_word' id='word_1_310' title='bbox 601 3718 696 3794; x_wconf 88' lang='lat' dir='ltr'>justae</span> <span class='ocrx_word' id='word_1_311' title='bbox 712 3728 740 3777; x_wconf 92' lang='lat' dir='ltr'>et</span> <span class='ocrx_word' id='word_1_312' title='bbox 754 3717 879 3778; x_wconf 87' lang='lat' dir='ltr'>inflictae</span> <span class='ocrx_word' id='word_1_313' title='bbox 894 3736 912 3777; x_wconf 90' lang='lat' dir='ltr'>a</span> <span class='ocrx_word' id='word_1_314' title='bbox 925 3717 1001 3789; x_wconf 89' lang='lat' dir='ltr'>Deo,</span> <span class='ocrx_word' id='word_1_315' title='bbox 1016 3718 1124 3777; x_wconf 88' lang='lat' dir='ltr'>debent</span> 
     </span>
    </p>
   </div>
   <div class='ocr_carea' id='block_1_5' title="bbox 71 3942 1125 4211">
    <p class='ocr_par' dir='ltr' id='par_1_5' title="bbox 71 3942 1125 4211">
     <span class='ocr_line' id='line_1_35' title="bbox 108 3942 1125 4012; baseline -0.007 -12"><span class='ocrx_word' id='word_1_316' title='bbox 108 3952 116 3981; x_wconf 90' lang='lat'><strong>¹</strong></span> <span class='ocrx_word' id='word_1_317' title='bbox 134 3949 275 4001; x_wconf 78' lang='lat' dir='ltr'>acorinth.</span> <span class='ocrx_word' id='word_1_318' title='bbox 292 3965 316 3999; x_wconf 88' lang='lat' dir='ltr'>v.</span> <span class='ocrx_word' id='word_1_319' title='bbox 335 3961 374 3998; x_wconf 74' lang='grc' dir='ltr'>υ.</span> <span class='ocrx_word' id='word_1_320' title='bbox 505 3945 516 3976; x_wconf 86' lang='lat'><strong>¹</strong></span> <span class='ocrx_word' id='word_1_321' title='bbox 532 3945 603 4012; x_wconf 88' lang='lat' dir='ltr'>octo]</span> <span class='ocrx_word' id='word_1_322' title='bbox 621 3952 745 4012; x_wconf 80' lang='lat' dir='ltr'>quattuor.</span> <span class='ocrx_word' id='word_1_323' title='bbox 763 3945 792 3995; x_wconf 90' lang='lat' dir='ltr'>B.</span> <span class='ocrx_word' id='word_1_324' title='bbox 808 3945 903 4011; x_wconf 84' lang='lat' dir='ltr'>primae</span> <span class='ocrx_word' id='word_1_325' title='bbox 918 3959 1014 4002; x_wconf 80' lang='lat' dir='ltr'>manus,</span> <span class='ocrx_word' id='word_1_326' title='bbox 1031 3942 1071 3994; x_wconf 87' lang='lat' dir='ltr'>ed.</span> <span class='ocrx_word' id='word_1_327' title='bbox 1087 3958 1125 4007; x_wconf 90' lang='lat' dir='ltr'>pr.</span> 
     </span>
     <span class='ocr_line' id='line_1_36' title="bbox 71 4010 1124 4084; baseline -0.008 -18"><span class='ocrx_word' id='word_1_328' title='bbox 71 4015 229 4080; x_wconf 57' lang='grc' dir='ltr'>ἀωρίαν]</span> <span class='ocrx_word' id='word_1_329' title='bbox 241 4015 354 4071; x_wconf 85' lang='lat' dir='ltr'>sumitur,</span> <span class='ocrx_word' id='word_1_330' title='bbox 364 4011 475 4064; x_wconf 84' lang='lat' dir='ltr'>B.C.ed</span> <span class='ocrx_word' id='word_1_331' title='bbox 504 4027 525 4062; x_wconf 90' lang='lat' dir='ltr'>r.</span> <span class='ocrx_word' id='word_1_332' title='bbox 671 4010 791 4075; x_wconf 56' lang='grc' dir='ltr'>Ἥκω]</span> <span class='ocrx_word' id='word_1_333' title='bbox 804 4026 871 4075; x_wconf 89' lang='lat' dir='ltr'>ergo,</span> <span class='ocrx_word' id='word_1_334' title='bbox 884 4011 913 4060; x_wconf 92' lang='lat' dir='ltr'>B.</span> <span class='ocrx_word' id='word_1_335' title='bbox 924 4010 1019 4074; x_wconf 80' lang='lat' dir='ltr'>primae</span> <span class='ocrx_word' id='word_1_336' title='bbox 1029 4023 1124 4084; x_wconf 74' lang='lat' dir='ltr'>marrus.</span> 
     </span>
     <span class='ocr_line' id='line_1_37' title="bbox 73 4073 1125 4146; baseline -0.01 -14"><span class='ocrx_word' id='word_1_337' title='bbox 73 4080 112 4132; x_wconf 86' lang='lat' dir='ltr'>ed.</span> <span class='ocrx_word' id='word_1_338' title='bbox 124 4097 162 4146; x_wconf 89' lang='lat' dir='ltr'>pr.</span> <span class='ocrx_word' id='word_1_339' title='bbox 227 4077 431 4143; x_wconf 65' lang='lat' dir='ltr'>&#39;deformallted</span> <span class='ocrx_word' id='word_1_340' title='bbox 461 4074 684 4135; x_wconf 84' lang='lat' dir='ltr'>&#39;ormiter,B.D.;</span> <span class='ocrx_word' id='word_1_341' title='bbox 701 4075 845 4127; x_wconf 80' lang='lat' dir='ltr'>difformiter</span> <span class='ocrx_word' id='word_1_342' title='bbox 853 4076 915 4125; x_wconf 83' lang='lat' dir='ltr'>alias</span> <span class='ocrx_word' id='word_1_343' title='bbox 925 4073 1125 4130; x_wconf 73' lang='lat' dir='ltr'>deformabrlrten</span> 
     </span>
     <span class='ocr_line' id='line_1_38' title="bbox 74 4139 1125 4211; baseline -0.006 -15"><span class='ocrx_word' id='word_1_344' title='bbox 74 4146 114 4196; x_wconf 85' lang='lat' dir='ltr'>ed.</span> <span class='ocrx_word' id='word_1_345' title='bbox 125 4162 163 4211; x_wconf 88' lang='lat' dir='ltr'>pr.</span> <span class='ocrx_word' id='word_1_346' title='bbox 276 4143 386 4209; x_wconf 83' lang='lat' dir='ltr'>&#39;Deus]</span> <span class='ocrx_word' id='word_1_347' title='bbox 399 4143 489 4202; x_wconf 83' lang='lat' dir='ltr'>Deum,</span> <span class='ocrx_word' id='word_1_348' title='bbox 500 4142 594 4194; x_wconf 86' lang='lat' dir='ltr'><strong>A.B.C.</strong></span> <span class='ocrx_word' id='word_1_349' title='bbox 606 4141 645 4192; x_wconf 86' lang='lat' dir='ltr'>ed.</span> <span class='ocrx_word' id='word_1_350' title='bbox 656 4157 694 4207; x_wconf 92' lang='lat' dir='ltr'>pr.</span> <span class='ocrx_word' id='word_1_351' title='bbox 791 4139 931 4205; x_wconf 75' lang='lat' dir='ltr'>&#39;peecare1</span> <span class='ocrx_word' id='word_1_352' title='bbox 942 4139 1006 4191; x_wconf 87' lang='lat' dir='ltr'>velle</span> <span class='ocrx_word' id='word_1_353' title='bbox 1017 4153 1125 4205; x_wconf 73' lang='lat' dir='ltr'>peccare.</span> 
     </span>
    </p>
   </div>
   <div class='ocr_carea' id='block_1_6' title="bbox 0 0 1463 4836">
    <p class='ocr_par' dir='ltr' id='par_1_6' title="bbox 0 0 1463 4836">
     <span class='ocr_line' id='line_1_39' title="bbox 0 0 1463 4836; baseline 0 0"><span class='ocrx_word' id='word_1_354' title='bbox 0 0 1463 4836; x_wconf 95' lang='lat' dir='ltr'> </span> 
     </span>
    </p>
   </div>
  </div>
 </body>
</html>
