2864 4836
586 444 842 527 Jornnrs
868 444 1080 510 nrcrrr
1293 467 1367 504 unt.

310 628 425 670 summe
439 611 527 670 libere
542 608 676 687 producit
689 609 789 681 filium,
804 619 834 669 et
846 620 947 669 tamen
960 606 1126 668 necessario
1145 604 1287 667 absolute.
1328 603 1368 664 Et

309 719 451 787 quantum
465 708 504 768 ad
515 708 693 767 ‘libertatern
705 705 960 777 contradictionis,’
971 715 1060 783 patet,
1071 703 1153 782 quod
1165 713 1211 763 est
1224 703 1366 763 terminus

309 806 482 884 magistralis
496 823 617 866 erronee
631 805 818 877 introductus,
832 815 864 865 ut
876 803 961 864 illud¹
975 803 1057 881 quod
1070 801 1152 863 Deus
1160 811 1259 880 potest
1269 801 1365 860 facere

309 907 333 965 si
353 905 482 976 voluerit,
503 914 532 964 et
551 922 615 963 non
635 904 731 964 iacere
753 905 777 964 si
796 903 927 976 noluerit,
946 920 1014 962 cum
1034 901 1109 962 hoc¹
1128 902 1166 960 sit
1186 901 1364 977 contingens

309 1000 408 1080 quoad
422 1010 545 1079 tempus,
559 1002 660 1063 dicunt
674 1001 779 1063 ‘libere
793 1000 1027 1062 contradictorie'
1042 1010 1087 1062 est
1100 998 1286 1078 productum.

755 1317 852 1379 CAP.
886 1317 925 1377 X.

542 1457 612 1519 Non
626 1476 682 1518 erse
689 1469 847 1537 processum
861 1458 1004 1536 rirfim'tum
1018 1457 1050 1515 r'n
1063 1456 1140 1516 rideri.

350 1596 515 1656 Phrenesis.
558 1598 711 1671 Quantum
728 1597 766 1659 ad
785 1616 957 1675 processum
970 1597 1115 1656 infinitum
1128 1598 1160 1656 in
1172 1595 1264 1674 ydeis‚
1279 1605 1368 1674 patet,

310 1696 391 1773 quod
405 1706 448 1755 est
462 1695 532 1756 dare
545 1696 650 1756 limites
665 1697 817 1774 ydearum,
831 1695 969 1756 cumalia
982 1696 1018 1755 sit
1030 1694 1106 1774 ydea
1118 1696 1325 1755 universalium
1338 1704 1368 1753 et

309 1793 365 1853 alia
385 1794 574 1872 singularium
595 1804 625 1853 et
646 1812 698 1871 per
719 1812 904 1870 consequens
923 1794 1018 1871 prima
1037 1794 1114 1870 ydea
1133 1803 1177 1854 est
1196 1793 1274 1870 ydea
1294 1793 1365 1853 sub·

309 1894 430 1951 stantiae
444 1892 488 1952 vel
502 1894 577 1953 entis
591 1892 708 1968 analogi
716 1912 724 1965 ;
747 1902 776 1951 et
793 1910 861 1951 cum
875 1910 937 1951 non
956 1893 992 1952 sit
1006 1909 1162 1969 processus
1175 1893 1207 1952 in
1220 1892 1366 1951 inlinitum

307 1989 337 2048 in
352 1990 465 2067 ydeatIs
478 1990 542 2061 illis,
556 1990 708 2068 quomodo
723 1989 806 2048 Deus
818 1991 850 2048 in
864 1990 1008 2049 infinitum
1027 2000 1129 2067 posset
1147 1990 1323 2067 procedere⁸
1336 1991 1368 2048 in

307 2088 410 2163 ydeisl
451 2087 519 2147 Imo
534 2089 612 2164 ipsas
632 2086 723 2166 ydeas
741 2087 824 2147 Deus
843 2086 974 2164 intelligit
992 2106 1045 2164 per
1059 2106 1091 2147 se
1110 2089 1196 2164 ipsas,
1211 2106 1281 2148 cum
1295 2089 1369 2148 sint⁴

309 2185 496 2245 essentialiter
517 2187 579 2262 ipse
599 2184 690 2245 Deus.
731 2185 805 2244 Ideo
827 2184 932 2244 salsum
952 2194 1005 2257 est,
1026 2185 1108 2263 quod
1127 2186 1221 2263 ydeae
1243 2186 1368 2246 aliaest

309 2282 392 2358 ydea,
407 2292 437 2341 et
451 2284 492 2341 sie
507 2283 538 2340 in
552 2283 704 2355 infinitum,
719 2301 787 2342 cum
802 2281 1021 2359 multiplicando
1034 2283 1082 2342 illa
1095 2284 1184 2342 verba
1197 2283 1290 2342 horno
1304 2282 1365 2342 bal·

311 2378 731 2459 butiendoignoratseipsum.
767 2380 831 2440 Nec
842 2381 921 2440 dices
932 2381 1075 2440 rationem
1086 2379 1263 2452 diversitatis,
1274 2397 1364 2459 quare

310 2477 384 2538 haec
398 2479 435 2538 sit
454 2480 633 2557 incongnra:
663 2479 771 2539 ‘homo
792 2478 884 2538 homo
906 2476 1008 2550 currit,’
1024 2478 1109 2556 quin³
1122 2496 1174 2555 per
1188 2478 1267 2537 idem
1286 2479 1361 2538 haec

310 2579 363 2637 erit
376 2580 539 2655 incongnra
557 2597 592 2638 ac
611 2577 795 2655 nugatoria⁶r
826 2574 934 2654 ‘ydeae
952 2587 997 2635 est
1015 2575 1108 2653 ydea,’
1123 2587 1151 2636 et
1165 2578 1252 2636 sicin
1270 2576 1366 2636 infini-

311 2686 381 2735 tum.
427 2675 465 2735 Et
484 2677 525 2735 sic
543 2676 590 2734 in'
609 2677 707 2736 multis
724 2677 843 2735 istamm
862 2673 1044 2733 locutionum
1064 2684 1130 2734 sunt
1149 2674 1257 2734 multae
1271 2692 1366 2751 nuga·

311 2773 401 2832 toriae
416 2774 649 2849 incongruitates,
665 2792 738 2850 quas
751 2772 940 2832 balbutiendo
954 2772 1117 2848 objicimus,
1132 2783 1162 2832 et
1175 2773 1248 2832 sicut
1260 2772 1310 2832 hic
1323 2782 1367 2831 est

312 2871 449 2945 nugatio:
475 2870 573 2930 ‘Deus
591 2871 721 2948 intelligit
741 2889 771 2930 se
791 2872 887 2946 ipsum
905 2869 1064 2946 intelligere
1082 2888 1113 2929 se
1131 2869 1308 2946 intelligere:
1323 2871 1365 2931 sic

311 2967 359 3026 hic
373 2977 416 3026 est
429 2970 565 3044 nugatio:
587 2967 848 3028 ‘intellectivitatis⁸
862 2967 918 3026 Dei
933 2976 976 3027 est
990 2967 1165 3039 intellectio,'
1179 2969 1261 3028 etsie
1275 2969 1306 3028 in
1319 2970 1364 3028 in·

310 3065 441 3139 finitum;
463 3067 545 3126 etita
559 3066 595 3126 de
606 3067 696 3143 ydeis‚
708 3064 788 3143 quod
799 3064 1043 3125 intellectivitatis⁸
1058 3066 1099 3124 rei
1113 3077 1158 3126 est
1171 3065 1228 3126 alia
1237 3067 1365 3127 intellec·

309 3164 410 3234 tivitas,
428 3174 456 3222 et
470 3165 512 3224 sic
526 3165 556 3223 in
567 3165 719 3226 infinitum.
765 3162 803 3223 Et
824 3163 881 3223 sic⁰
895 3161 933 3221 de
959 3165 1147 3239 generatione
1161 3165 1365 3238 accidentium,

311 3271 342 3320 ut
356 3262 522 3339 quantitatis
536 3273 579 3322 est
593 3262 648 3321 alia
667 3263 820 3339 quantitas,
836 3261 981 3339 qualitatis
999 3262 1055 3321 alia
1073 3263 1203 3341 qualitas,
1218 3263 1366 3324 relationis

312 3360 381 3419 est¹⁰
395 3361 451 3419 alia
464 3361 573 3431 relatio,
586 3370 615 3421 et
629 3361 670 3421 sic
680 3361 711 3419 in
722 3359 850 3421 ceteris¹¹
861 3359 1017 3436 generibus
1027 3360 1224 3437 procedendo.
1266 3362 1339 3422 Ideo
1344 3361 1367 3397 ¹'

312 3457 420 3517 docent
441 3459 614 3536 philosophi,
635 3458 716 3536 quod
738 3457 875 3518 standum
898 3468 941 3516 est
963 3458 994 3516 in
1019 3459 1123 3534 primo,
1144 3458 1212 3519 licet
1236 3458 1366 3520 videatur

312 3556 490 3631 Augrutr'nus
503 3571 639 3629 asserere,
654 3557 735 3634 quod
748 3555 949 3616 intellectionis
960 3565 1003 3614 est
1014 3556 1070 3616 alia
1080 3557 1246 3630 intellectio,
1256 3569 1286 3619 et
1297 3558 1366 3618 sic¹⁸

312 3653 451 3727 quamdiu
465 3654 587 3714 volueris
598 3655 790 3756 procedendo
798 3676 806 3729 ;
835 3667 934 3717 tamen
952 3674 1039 3734 grave
1053 3655 1172 3725 videtur,
1187 3656 1268 3732 quod
1283 3656 1366 3716 intel-

311 3748 406 3823 lectio,
421 3769 496 3827 quae
516 3763 560 3812 est
578 3763 660 3813 actus
678 3755 802 3826 ammae,
817 3772 880 3813 non
899 3764 998 3831 posset
1016 3753 1150 3814 distincta
1168 3752 1364 3814 intellectione

344 3913 352 3942 ¹
369 3913 443 3980 illud]
455 3914 520 3965 idem
531 3915 569 3965 ed.
581 3931 618 3982 pr.
717 3915 727 3945 ’
742 3915 803 3981 hoe]
815 3916 864 3966 hoc
875 3917 949 3982 quod,
961 3917 1026 3968 cl).
1038 3916 1076 3967 ed.
1088 3932 1127 3982 pr.
1191 3916 1201 3946 ¹
1217 3917 1365 3984 procedere]

311 3980 453 4045 producere,
465 3980 494 4030 C.
615 3980 624 4011 ⁸
640 3980 700 4046 sint]
713 3983 752 4038 sit,
763 3981 801 4031 ed.
813 3997 851 4046 pr.
967 3982 978 4012 ⁸
994 3981 1064 4047 quin]
1077 3982 1135 4046 quin
1147 3997 1211 4037 cum.
1223 3982 1262 4031 ed.
1274 3998 1321 4048 pr..
1333 3983 1364 4036 C.

311 4045 405 4110 primae
415 4061 511 4095 manus.
593 4045 604 4075 ⁶
619 4048 748 4111 nugatoria
772 4047 882 4111 nugario,
894 4047 927 4097 D.
1028 4048 1038 4075 ⁷
1054 4055 1079 4098 et
1090 4046 1175 4112 sicin]
1186 4055 1212 4098 et
1223 4047 1257 4104 in,
1269 4048 1364 4101 A.B.C.

311 4110 350 4159 ed.
362 4126 399 4174 pr.
517 4111 526 4140 ⁸
543 4110 744 4162 intellectivitatis
768 4112 982 4177 intelligibilitatis,
993 4113 1032 4163 ed.
1044 4129 1081 4178 pr.
1190 4111 1201 4142 ⁰
1217 4112 1265 4178 sic]
1277 4113 1322 4169 ita.
1334 4114 1365 4165 C.

312 4174 343 4224 ed
360 4191 399 4290 gr.
537 4176 556 4206 ¹⁰
570 4177 619 4242 est]
631 4192 682 4228 om.
693 4179 723 4229 C.
734 4178 773 4230 cd.
785 4194 822 4244 pr.
960 4179 978 4209 ¹¹
996 4178 1094 4244 ceteris]
1106 4194 1156 4230 om.
1168 4178 1263 4230 ΑΜ.
1275 4180 1315 4231 ed.
1327 4195 1366 4246 pr.

312 4211 350 4270 1¹·

347 4240 360 4289 1
377 4239 420 4306 eo]
432 4240 496 4300 Imo,
508 4241 601 4294 ΑΒΕ.
612 4243 650 4292 ed.
662 4259 699 4307 pr.
796 4245 815 4275 ¹⁸
831 4242 879 4308 sic]
891 4258 941 4294 om.
952 4243 990 4296 ed.
1003 4261 1040 4309 pr.
