2864 4836
133 463 218 506 cana
485 437 839 501 TRIALOGUS.

134 609 281 677 perpetuo
299 599 520 677 praemiandus¹
540 599 584 660 vel
603 609 746 678 perpetuo
765 599 956 676 puniendus..
981 598 1036 658 Et¹
1054 601 1110 659 sub
1128 598 1189 658 istis

136 697 255 758 duobus
269 698 438 758 nominibus
452 697 631 758 ‘intellectus
650 697 755 773 agens'
768 708 798 756 et
812 697 994 756 ‘intellectus
1012 694 1186 773 possibilis·

136 806 237 874 potest
256 806 318 855 tota
337 796 427 855 virtus
448 797 508 855 sive
529 798 662 873 potentia
682 797 773 855 nostri
792 795 936 855 interioris
960 794 1088 854 hominis
1108 809 1192 853 com·

137 893 289 972 prehendi,
302 902 333 952 et
346 894 403 953 sic⁴
418 893 551 971 ejusdem
566 893 682 969 spiritus
696 893 828 970 potentia
840 892 1025 969 multiplicius
1039 892 1192 951 nominari.

139 989 219 1051 Sunt
239 1002 338 1051 autem
358 991 438 1068 apud
456 991 571 1068 aliquos
590 989 787 1050 difficultates⁸
804 992 835 1050 iu
855 991 912 1050 ista
931 991 1067 1050 materia:
1096 999 1193 1049 utrum

138 1088 303 1169 intellectus
317 1106 409 1166 agens
420 1089 458 1147 sit
470 1088 587 1148 mobilis
601 1099 651 1148 aut
664 1099 765 1148 nostra
778 1089 910 1165 potentia
919 1087 1044 1158 volitiva,
1054 1098 1084 1146 et
1096 1096 1194 1146 utrum

139 1185 190 1246 illa
204 1187 240 1245 sit
249 1186 329 1263 prior
339 1186 486 1245 intellectu
499 1185 629 1246 hominis
640 1185 685 1244 vel
698 1204 716 1245 e
730 1196 840 1256 contra,
852 1186 921 1262 quia
934 1195 1045 1244 certum
1056 1195 1101 1243 est
1114 1183 1195 1260 quod

139 1283 304 1343 intellectus
317 1300 410 1360 agens
423 1293 531 1353 noster,
547 1285 607 1342 imo
621 1284 783 1342 substantia
796 1283 870 1343 illius
881 1284 1006 1360 spiritus,
1022 1282 1138 1342 mobilis
1151 1291 1196 1341 est

139 1398 161 1440 a
174 1379 241 1440 Deo
254 1390 285 1440 ct
298 1398 316 1439 a
335 1382 452 1440 veritate
471 1398 562 1458 quam
575 1381 713 1458 concipit,
728 1399 763 1441 ac
776 1381 985 1440 necessitabilis
1004 1382 1042 1440 ab
1056 1379 1194 1457 objecto;

139 1487 172 1538 et
198 1478 241 1537 sic
268 1469 390 1537 volitiva'
409 1479 549 1554 potentia,
576 1495 652 1554 quae
681 1479 784 1538 dicitur
811 1479 957 1556 appetitus
984 1477 1196 1547 intellectivus‘,

141 1575 311 1635 necessitati
335 1584 432 1652 potest
452 1576 491 1634 ab
511 1576 639 1653 objecto,
664 1575 745 1652 quod
769 1577 902 1654 potentia
924 1575 1101 1636 intellectiva
1125 1592 1196 1633 con·

142 1672 267 1745 siderat;
298 1681 447 1732 ettamen
467 1690 535 1731 cum
556 1672 614 1733 hoc
634 1673 723 1734 libere
744 1674 899 1751 cognoscit
919 1684 949 1732 et
969 1673 1080 1750 appetit
1099 1671 1198 1731 Deum

142 1786 239 1839 mum,
254 1786 323 1829 cum
342 1769 475 1829 libertas²
489 1781 518 1830 et
537 1771 696 1830 necessitas
717 1788 779 1831 non
800 1779 868 1831 sunt
888 1771 1041 1841 contraiis,
1055 1787 1093 1828 eo
1113 1767 1195 1846 quod

143 1867 224 1927 beati
241 1866 386 1926 liberrime
404 1879 587 1944 cognoscunt
602 1867 700 1927 Deum
720 1878 750 1928 et
762 1867 863 1928 volunt
877 1885 961 1927 suam
979 1866 1197 1935 beatitudinem,

143 1973 296 2025 ettamen
316 1964 445 2025 summe⁸
466 1967 639 2037 necessarie,
654 1967 723 2044 quia
741 1977 861 2043 propter
880 1964 1093 2024 vehementiam
1114 1962 1199 2022 influ-

144 2062 242 2123 entiae
262 2079 325 2121 non
349 2063 521 2140 potuerunt'
544 2064 662 2124 resilire.
712 2063 842 2138 Quando
866 2072 965 2123 autem
986 2063 1131 2139 appetitus
1155 2062 1200 2144 ing
1284 2118 1306 2144 a

145 2158 287 2219 terioris¹⁰
302 2159 431 2220 hominis
445 2160 573 2238 infigitur
590 2179 677 2239 super
691 2180 722 2219 re
741 2162 893 2239 temporali
907 2160 952 2219 vel
971 2160 1070 2237 aliquo
1088 2177 1150 2218 non
1168 2159 1200 2217 in

147 2256 226 2328 Deo,
246 2268 316 2317 tunc
336 2251 499 2318 illiberrime
520 2268 550 2319 et
570 2259 811 2319 innaturalissime
833 2259 942 2336 appetit
962 2256 1078 2317 rinem¹¹
1099 2257 1199 2334 hujus·

147 2354 240 2425 modi,
254 2356 324 2433 quia
344 2365 447 2415 contra
467 2356 600 2415 ordinem
622 2357 732 2433 primae
753 2366 872 2415 naturae
893 2357 1002 2434 appetit
1018 2356 1049 2414 in
1068 2365 1201 2417 creatrua

147 2457 247 2534 aliqua
267 2456 389 2517 finaliter
407 2457 544 2534 quietari;
574 2457 656 2534 quod
673 2457 769 2534 quia¹¹
781 2475 844 2517 non
858 2468 903 2517 est
916 2456 1063 2534 possibile,
1081 2454 1200 2529 languet

149 2555 288 2615 continue
293 2555 315 2588 ¹⁸
328 2566 479 2631 tamquam
489 2573 598 2615 vacuus
612 2574 630 2614 a
643 2557 744 2632 spiritu
758 2556 808 2633 qui
822 2555 946 2632 repleret
956 2572 1033 2613 eum.
1074 2552 1112 2610 Et
1126 2551 1199 2610 baec

149 2663 197 2712 est
220 2652 294 2711 ratio
321 2669 411 2728 quare
436 2652 572 2712 homines
596 2653 672 2712 avari
696 2653 727 2712 in
755 2653 884 2730 appetitu
912 2650 1115 2728 temporalium
1138 2665 1200 2707 non

149 2750 313 2826 quiescrmt
355 2749 393 2810 Et
412 2750 468 2808 ista
485 2751 616 2827 potentia
635 2751 783 2810 irascibilis
802 2760 846 2811 est
859 2751 948 2810 virtus
967 2748 1127 2826 potenter¹⁴
1144 2746 1200 2807 sibi

150 2848 330 2907 conveniens
346 2848 544 2925 prosequendi
562 2857 592 2907 et
605 2866 624 2907 a
637 2867 667 2908 se
686 2847 837 2909 dissonum
856 2847 1029 2924 expellendi.
1071 2845 1201 2920 Quando

151 2956 252 3006 autem
272 2944 365 3004 horno
385 2947 510 3005 abutitur
529 2947 584 3006 ista
605 2947 736 3023 potentia
755 2946 952 3005 iuuamraliter
971 2945 1010 3005 ad
1034 2944 1107 3005 lines
1130 2962 1201 3004 con·

152 3044 264 3116 uarios,
278 3054 348 3104 tunc
362 3053 465 3121 peccat
478 3044 609 3120 graviter,
621 3056 650 3104 et
664 3045 705 3104 sic
719 3045 807 3103 virtus
821 3044 1054 3122 concupiscibilis
1067 3043 1203 3102 limitatru

154 3142 193 3202 ad
207 3143 320 3202 bouum
336 3142 417 3219 quod
431 3143 550 3219 appetit,
564 3151 595 3201 et
612 3142 705 3201 homo
718 3151 815 3218 potest
828 3142 892 3218 ipsa
906 3141 994 3212 abuti,
1009 3151 1042 3200 ut
1060 3139 1202 3211 irascibili,

154 3251 185 3300 et
205 3241 276 3300 istae
290 3241 407 3300 virtutes
428 3258 463 3299 ac
484 3250 566 3300 actus
580 3241 624 3300 sui
638 3249 817 3299 concurrunt
831 3239 1030 3299 communiter.
1073 3236 1203 3309 Quando

154 3338 282 3399 autem¹⁸
295 3338 483 3398 deordinatur
496 3338 569 3399 haec
583 3339 670 3398 virtus
685 3336 926 3413 concupiscibilis,
937 3345 1007 3394 tunc
1022 3334 1067 3394 vel
1080 3333 1118 3393 ad
1132 3351 1203 3392 con·

155 3436 367 3513 cupiscentiam
387 3436 540 3497 oculorum
560 3436 605 3496 vel
626 3435 665 3497 ad
688 3435 956 3512 concupiscentiam
981 3433 1076 3492 camis
1097 3431 1142 3490 vel
1166 3430 1204 3490 ad

156 3535 232 3594 vitae
247 3535 412 3611 superbiam
425 3534 628 3595 terminatur¹⁸.
672 3532 788 3610 Regula
805 3541 903 3591 autem
921 3530 1069 3607 religionis
1088 3539 1204 3590 nostrae

192 3753 200 3784 ¹
217 3752 586 3832 praemiaudustraemiendus.
596 3753 634 3805 ed.
646 3768 695 3830 pr53
711 3751 851 3830 annaurim
860 3751 890 3803 C.
954 3750 965 3781 ¹
980 3749 1103 3816 et]etsic.
1112 3750 1205 3803 Mic.

156 3817 320 3948 :mut
344 3815 1015 3951 truste]

158 3948 346 4006 intellectuali
392 4013 399 4026 ⁶
426 4015 432 4029 .
464 3949 603 4016 liberta]
614 3949 756 4005 liberalitas.
767 3947 806 3999 ed.
817 3962 855 4013 pr.
968 3944 1164 4061 ’ωιιιωὲοη
1199 3983 1206 3996 .

158 4015 201 4091 ed..
210 4030 246 4079 pr.
254 4031 265 4092 ςΙ
279 4029 481 4094 omme,
493 4014 527 4064 D.
694 4013 866 4128 aperuerim?
878 4012 1076 4077 poterunt.A.B.
1101 4046 1122 4107 h
1118 4010 1157 4060 ed.
1168 4028 1206 4090 pr.

158 4079 180 4111 *θ
194 4079 660 4146 rutmons]rntellectrvus,A.B.C.ed.
673 4095 709 4146 pr.
809 4079 826 4108 ¹¹
861 4077 929 4143 nem]
941 4093 992 4127 orn.
1005 4078 1036 4126 Α.

159 4160 210 4195 om.
223 4145 284 4194 A.B.
391 4144 410 4177 ¹⁸
425 4146 553 4212 condona]
565 4161 634 4212 ergo,
646 4146 707 4196 ΑΒ.
811 4142 830 4173 ¹⁴
845 4143 970 4209 potenter]
982 4149 1102 4208 pateinter,
1115 4077 1206 4195 A-Cl.

159 4209 178 4243 ¹⁰
194 4210 290 4276 autem]
301 4226 368 4268 sero,
379 4211 417 4261 ed.
427 4227 465 4277 pr.
759 4209 778 4240 ¹⁸
794 4208 825 4260 cl.
840 4221 850 4258 ι
864 4207 921 4274 Joh.
933 4207 958 4258 ii.
973 4206 1010 4258 ιθ.
