2864 5242
53 848 136 884 caru
415 824 754 886 TRJALOGUS.

55 988 130 1046 ratio
152 989 253 1062 exigit,
276 987 456 1062 regulantes;
485 998 514 1046 et
533 999 601 1046 sunt
622 989 692 1046 istae
713 989 841 1065 quinque
861 987 1011 1064 sapientia,
1025 987 1109 1046 intel·

56 1084 159 1154 lectus,
171 1087 300 1154 scientia,
312 1103 358 1142 ars
369 1097 398 1143 et
408 1085 570 1161 prudentia.
613 1083 758 1161 Sapientia
772 1097 817 1144 est
827 1085 864 1144 de
875 1103 964 1144 neusa
973 1085 1112 1145 altissima

56 1193 85 1242 et
99 1185 162 1242 suis
176 1184 369 1258 passionibus,
384 1183 421 1242 de
435 1185 541 1259 quibus
551 1185 646 1260 primo
656 1183 731 1242 libro
742 1183 915 1242 dictumest
957 1181 1113 1242 Intellectus

58 1282 119 1339 est¹
136 1282 238 1340 notitia
253 1282 414 1351 veritatum,
436 1299 510 1357 quae
531 1292 600 1339 sunt
614 1281 755 1357 principia
775 1281 977 1353 scientiarum
1010 1292 1041 1340 ut
1061 1300 1114 1359 per

58 1379 240 1438 intellectum
256 1397 417 1456 cognosco,
428 1380 509 1456 quod
523 1378 593 1437 nihil
604 1378 690 1438 simul
703 1389 787 1437 estet
800 1395 862 1437 non
876 1389 928 1448 est,
940 1379 1021 1455 quod
1035 1379 1115 1438 esse'

60 1488 157 1536 totum
173 1488 216 1536 est
230 1479 324 1554 majus
338 1496 392 1536 sua
406 1488 495 1554 parte,
507 1487 536 1536 et
550 1479 589 1536 ita
599 1478 636 1536 de
651 1475 813 1535 similibus.
856 1472 978 1535 Scr'entr'o
992 1494 1061 1536 vero
1072 1488 1115 1536 est

44 1579 163 1651 ,tertius
171 1576 285 1635 babitus
294 1575 685 1651 intellectivus,dep1incipiis
694 1577 754 1634 suis
762 1572 1115 1634 demonstrativedemon·

62 1684 180 1742 stratus,
199 1674 363 1750 cujusmodi
378 1684 445 1732 srmt
463 1673 668 1733 conclusiones
687 1673 717 1731 in
736 1671 968 1731 demonstrativis
987 1673 1115 1732 scientiis

61 1773 105 1830 et‘
117 1771 181 1830 aliis
192 1771 361 1830 declaratae.
394 1773 459 1830 Ars
469 1784 567 1831 autem
577 1782 621 1830 est
628 1771 744 1830 habitus
752 1769 921 1829 factibilium
931 1769 976 1828 vel
986 1771 1016 1828 in
1028 1771 1115 1830 artili-

62 1869 148 1928 cialia
162 1870 340 1940 directivus³,
351 1887 413 1928 non
423 1879 521 1929 autem
531 1870 629 1947 praxis
639 1869 739 1928 talium
750 1867 926 1937 factibilium,
938 1867 991 1927 sed
1002 1867 1115 1928 habitus

62 1967 258 2045 speculativus
279 1967 419 2028 ordinans
439 1969 592 2045 quomodo
611 1967 679 2026 talia
697 1965 834 2027 factibilia
851 1969 960 2028 debent
978 1970 1114 2029 ordinari.

63 2065 228 2125 Prudentia
237 2083 307 2125 vero
320 2077 365 2126 est
377 2066 493 2125 babitus
507 2066 656 2142 agibilium
670 2064 831 2137 directivus,
842 2077 871 2126 et
884 2069 1008 2144 pertinet
1022 2068 1115 2144 speci-

63 2164 148 2224 aliter
165 2163 204 2223 ad
223 2163 340 2223 virtutes
358 2163 492 2233 morales,
513 2181 581 2223 cum
600 2164 745 2240 quaelibet
765 2182 866 2224 earum
887 2165 991 2225 dicitur
1009 2164 1116 2225 habere

62 2280 150 2323 suam
161 2262 354 2339 prudentiam.
395 2260 470 2321 Sunt
482 2273 580 2320 autem
594 2262 665 2321 istae
676 2262 793 2321 virtmes
803 2262 929 2322 morales
942 2264 973 2322 in
987 2263 1116 2340 appetitu

63 2360 204 2420 sensium
224 2360 388 2419 secundum
407 2359 592 2419 Arr'stotelern.
637 2358 675 2419 Et
695 2360 765 2436 quia
784 2359 849 2419 illae
870 2361 988 2420 virtutes
1008 2360 1118 2420 faciunt

66 2457 222 2517 hominem
245 2457 352 2533 eligere
377 2457 467 2515 finem
491 2457 709 2517 rationabilem⁸
735 2469 765 2517 et
789 2459 827 2518 ad
854 2475 930 2536 opus
954 2458 1028 2519 illius
1052 2459 1119 2518 finis

65 2555 273 2615 delectabiliter
283 2555 422 2625 inclinari,
433 2555 501 2614 ideo
512 2565 652 2614 vocantur
662 2557 700 2615 ab
713 2557 862 2615 Aristotele
874 2556 989 2618 habitus
999 2557 1118 2619 electivi.

64 2653 104 2713 Et
125 2653 245 2730 insuper
265 2655 333 2729 quia
353 2670 458 2712 omnes
477 2653 549 2712 tales
569 2653 684 2713 habitus
705 2656 867 2715 consistunt
883 2656 914 2714 in
934 2667 1001 2715 actu
1019 2656 1119 2717 medio

66 2753 142 2811 inter
163 2751 224 2810 duo
244 2761 375 2810 extrema
395 2752 505 2822 vitiosa,
520 2750 587 2810 ideo
608 2761 693 2812 vocat
705 2753 868 2812 Arritoteler
887 2754 968 2814 illum
987 2753 1119 2814 habitum

65 2850 219 2910 electivum
232 2849 263 2908 in
277 2848 376 2907 medio
390 2850 571 2908 existentem.
613 2849 712 2908 Virtus
725 2851 804 2910 enim
818 2869 886 2910 cum
900 2851 1002 2911 dicitur
1016 2853 1053 2913 ad
1068 2853 1119 2912 ali·

66 2947 140 3025 quid
160 2957 205 3005 est
225 2947 255 3004 in
276 2956 342 3005 actu
362 2956 394 3005 ut
416 2946 510 3005 fructu
528 2947 646 3017 vinutis,
661 2959 690 3008 et
711 2959 793 3008 actus
813 2950 957 3009 virtuosus
978 2949 1081 3010 dicitur
1101 2969 1118 3011 e

67 3045 217 3105 contrario
243 3044 323 3103 esse⁷
346 3044 377 3102 in
398 3045 509 3116 virtme,
530 3055 561 3103 ut
585 3046 615 3103 in
638 3063 692 3104 suo
715 3046 856 3106 efficiente
880 3046 941 3107 vel⁸
962 3048 1001 3108 ad
1022 3049 1119 3126 ipsum

67 3142 216 3202 moraliter
235 3142 416 3202 inclinante⁹.
459 3141 623 3202 Caveamus
643 3153 742 3203 tamen
763 3162 888 3221 semper,
907 3163 944 3205 ne
966 3147 1119 3206 credamus

67 3243 205 3300 virtutem
227 3251 277 3300 aut
295 3241 394 3299 vitium
409 3241 454 3299 vel
476 3252 556 3299 actus
578 3242 771 3317 procedentes
791 3244 830 3302 ab
849 3243 903 3302 illis
924 3261 989 3304 esse
1004 3262 1050 3304 res
1071 3245 1119 3304 sli-

68 3357 153 3418 quas,
168 3357 244 3415 quae
263 3348 387 3415 possunt
405 3356 503 3416 perse
518 3356 600 3410 esse;
629 3340 681 3398 sed
700 3340 817 3400 virtutes
836 3351 864 3400 et
877 3342 945 3401 vitia
959 3353 1026 3402 sunt
1045 3344 1120 3403 acci·

68 3437 169 3496 dentia
190 3435 227 3494 de
247 3453 355 3512 genere
375 3435 527 3512 qualitatis,
542 3445 571 3495 et
591 3447 673 3496 actus
694 3448 761 3497 sunt
778 3439 940 3500 accidentia
957 3440 994 3500 de
1013 3459 1121 3518 genere

67 3535 204 3594 actionis.
245 3533 324 3593 Dicit
343 3534 467 3593 autem¹⁰
485 3534 654 3606 Aristoteles,
671 3535 752 3612 quod
771 3547 887 3613 oportet
906 3556 972 3597 esse
992 3535 1121 3599 medium

69 3651 130 3712 quo
152 3633 191 3692 ad
212 3650 276 3703 nos,
298 3633 356 3692 hoc
376 3642 420 3692 est
440 3650 500 3709 quo
521 3633 646 3692 adeum
665 3635 715 3710 qui
733 3633 825 3693 taliter
845 3636 1024 3708 habituatur;
1053 3639 1122 3714 quia

69 3731 192 3790 diversis
206 3731 373 3790 hominibus
392 3740 434 3790 est
448 3731 578 3789 medium
598 3731 749 3809 dispariter
768 3733 975 3809 adaptandum,
989 3744 1022 3794 ut
1034 3735 1123 3794 Arr'r·

68 3830 158 3888 toteles
181 3829 376 3905 exemplificat
400 3829 437 3888 de
459 3827 579 3888 Milone.
620 3828 688 3905 Ipse
713 3829 837 3889 autem¹¹
858 3830 946 3890 voluit
966 3833 1122 3892 comedere

69 3928 179 3986 bovem
201 3927 232 3985 in
253 3926 308 3996 die,
323 3936 354 3985 et
373 3927 404 3985 in
424 3926 522 3986 multis
542 3926 709 3986 hominibus
730 3927 883 3988 excederet
903 3929 972 3989 illud
993 3931 1122 3991 medium

69 4026 240 4085 vinuosum.
283 4023 355 4084 Ideo
374 4034 492 4100 oportet
509 4024 589 4101 loqui
609 4025 647 4083 de
666 4024 766 4084 medio
784 4042 845 4101 quo
861 4026 900 4085 ad
918 4030 1123 4106 proportiones

104 4221 112 4252 ¹
129 4219 181 4285 est]
192 4227 275 4270 autem
286 4226 331 4278 est.
344 4221 440 4272 ΑΒΕ.
450 4222 489 4272 ed.
502 4238 539 4287 pr.
647 4222 658 4252 ¹
673 4237 727 4274 esse
738 4223 832 4290 toturn]
843 4239 918 4274 omne
928 4232 1017 4283 totum,
1029 4225 1123 4277 ΑΒΕ.

70 4285 111 4336 ed.
123 4300 162 4350 pr.
310 4285 464 4351 ’similibns]
477 4287 571 4345 ceteris,
583 4287 677 4338 A.B.C.
688 4288 727 4338 ed.
739 4304 776 4353 pr.
923 4289 932 4318 ⁶
948 4288 990 4402 eg
998 4305 1048 4340 om.
1060 4290 1123 4341 ΑΒ.

69 4350 123 4399 ⁸in
148 4349 285 4400 artificialia
310 4350 454 4416 ditectivus]
481 4353 556 4402 etiam
582 4352 745 4404 artificialium
770 4352 909 4410 directivus.
933 4354 962 4404 C.
992 4390 998 4404 .
1024 4355 1064 4406 ed.
1086 4370 1123 4421 pr.

69 4414 81 4446 ⁸
101 4414 286 4480 rationabilem]
298 4415 451 4473 rationalem,
463 4417 502 4466 ed.
532 4433 552 4466 r.
636 4417 646 4447 ¹
663 4419 811 4469 econtrario
822 4417 887 4483 esse]
899 4417 989 4483 ipsein
1000 4421 1124 4470 contrario

70 4480 97 4530 in
109 4480 206 4536 virtute,
215 4479 254 4530 ed.
261 4496 299 4545 pr.
441 4482 451 4511 ⁸
467 4433 565 4546 velfut,
578 4482 671 4533 ΑΒΕ.
819 4485 829 4513 ⁹
845 4482 990 4547 inclinante]
1001 4484 1125 4541 inclinate,

70 4545 113 4659 edi
123 4560 163 4621 pr..
195 4609 225 4661 ed
286 4547 305 4576 ¹⁰
319 4545 380 4596 dicit
391 4546 486 4612 autem]
498 4556 525 4597 ut
536 4547 604 4605 dicit,
616 4549 655 4599 ed.
667 4564 703 4612 pr.
829 4549 846 4580 ¹¹
863 4556 946 4598 cutem
958 4548 1049 4616 voluit]
1060 4551 1125 4601 enim

70 4617 183 4666 voterit.
227 4626 283 4675 .pr.

113 4710 292 4754 rerumne.
618 4713 640 4754 K

1197 842 1258 908 129

1146 1011 1228 1045 t'urutee

1147 1052 1285 1088 bttessetmlet
