2864 4836
136 429 243 468 carm.
510 411 854 475 TRIALOGUS.

137 586 215 628 cum
236 588 360 649 corpore
381 574 475 651 panis,
490 585 521 634 ut
542 574 711 635 dictumest
731 575 782 634 tibi
804 575 936 652 superius
957 575 994 634 de
1015 576 1200 636 distinctione

138 664 372 743 praedicationis
395 669 526 732 formalis
551 683 580 731 et
605 673 828 750 praedicationis
849 673 1012 732 essentialis
1035 683 1063 732 et
1085 673 1199 733 habitu-

137 761 258 825 dinalis.
301 764 455 838 Quantum
474 770 513 829 ad
525 771 671 829 secundam
685 773 847 830 riutandans
860 781 950 842 tuam,
966 770 1076 830 dictum
1090 781 1134 830 est
1148 772 1199 830 tibi

138 863 286 939 superius,
297 865 378 941 quod
389 885 497 944 corpus
509 868 615 929 Christi
627 879 672 928 est
683 870 721 928 ibi
733 869 924 946 spiritualiter,
935 869 1023 927 etiam
1036 869 1127 928 modo
1138 888 1198 946 quo

138 959 330 1038 distinguitur
349 967 540 1026 essentialiter
561 986 579 1026 a
600 986 723 1045 corpore
745 968 838 1044 panis.
882 966 955 1025 Ideo
976 967 1096 1043 quando
1117 966 1198 1038 dicis,

137 1056 225 1134 quod
243 1061 389 1121 nescimus
409 1064 514 1136 dicere,
527 1075 625 1124 utrum
646 1083 753 1142 corpus
768 1064 876 1124 Christi
898 1065 932 1122 sit
951 1065 990 1123 ibi
1009 1064 1199 1124 essentialiter

138 1157 333 1232 corporaliter
352 1160 398 1219 vel
417 1162 672 1235 dimensionaliter,
688 1164 799 1222 videtur
817 1162 897 1234 mihi,
913 1163 992 1238 quod
1013 1162 1199 1238 probabiliter

140 1252 241 1314 dicere
260 1273 427 1332 possumus,
447 1261 528 1336 quod
547 1280 654 1338 corpus
669 1261 775 1321 Christi
794 1271 839 1320 est
857 1261 897 1319 ibi
915 1271 1022 1336 corpus,
1041 1262 1198 1337 quiaillud

137 1351 222 1412 idem
240 1370 348 1432 corpus
366 1357 447 1433 quod
465 1359 496 1417 in
516 1360 600 1419 coelo
620 1360 791 1419 extenditur.
834 1358 893 1417 Sed
914 1369 1010 1416 utrum
1032 1359 1068 1416 sit
1083 1359 1122 1417 ibi
1136 1377 1197 1418 cor·

134 1450 301 1526 potatam
323 1455 435 1514 videtur
454 1457 527 1515 mihi
547 1458 628 1535 quod
648 1458 731 1517 multi
752 1459 783 1516 in
804 1457 1044 1533 aequivocatione
1064 1456 1199 1515 laborant

139 1546 275 1609 inaniter.
311 1550 390 1610 Nam
404 1553 594 1630 intelligendo
608 1555 665 1615 hoc
676 1555 845 1615 adverbium
859 1553 1074 1630 reduplicative,
1087 1555 1198 1613 videtur

139 1644 214 1705 mihi
228 1648 310 1724 quod
328 1667 434 1728 corpus
453 1651 560 1712 Christi
580 1655 615 1712 sit
634 1654 743 1713 ibidem
757 1671 873 1730 corpus,
889 1662 917 1711 et
931 1670 993 1710 non
1008 1651 1060 1710 sit²
1075 1670 1197 1728 corpor·

139 1743 232 1815 aliter,
252 1746 305 1806 sed
324 1765 391 1807 curn
411 1749 554 1809 adverbiis
575 1751 708 1826 analogia
729 1750 851 1810 concedi
874 1750 968 1820 debet,
988 1749 1069 1825 quod
1090 1767 1197 1826 corpus

140 1840 251 1902 Christi
278 1854 323 1904 est
350 1847 390 1905 ibi
417 1849 493 1907 bene
521 1849 641 1926 pulchre
669 1859 698 1907 et
722 1849 851 1920 realiter,
884 1865 945 1905 non
973 1858 1073 1906 tamen
1101 1847 1196 1905 audeo

140 1940 248 2012 dicere,
270 1943 351 2019 quod
371 1955 416 2004 est
436 1946 476 2005 ibi
496 1947 745 2006 dimensionaliter
758 1945 802 2003 vel
823 1955 952 2015 extense,
968 1944 1034 2003 licet
1055 1945 1092 2003 sit
1112 1944 1197 2021 panis

140 2041 192 2116 qui
206 2050 250 2099 est
264 2041 304 2099 ibi
315 2042 561 2104 dimensionaliter
575 2056 604 2104 et
618 2057 747 2104 extense.
783 2044 842 2103 Sed
854 2042 984 2102 secunda
995 2044 1196 2120 aequivocatio

141 2139 346 2199 adverbiorum
365 2142 534 2218 hujusmodi
554 2153 607 2215 est,
622 2143 703 2220 quod
722 2143 905 2220 accipiuntur
928 2141 1107 2219 quandoque
1128 2142 1197 2200 sim·

139 2237 262 2314 pliciter,
276 2246 308 2297 ut
318 2257 365 2298 res
379 2240 480 2299 dicitur
494 2258 558 2301 esse
572 2242 761 2318 corporaliter
774 2240 888 2310 alieubi,
904 2240 974 2298 dum
988 2249 1033 2298 est
1050 2240 1090 2298 ibi
1104 2240 1197 2298 modo

141 2337 282 2412 corporis.
325 2337 364 2395 Et
377 2340 419 2396 sic
438 2339 598 2415 intelligunt
614 2340 743 2416 quidam,
759 2338 840 2416 quod
860 2356 967 2414 corpus
982 2337 1090 2397 Christi
1109 2348 1153 2397 est
1167 2339 1197 2396 in

140 2431 238 2492 hostia
266 2435 454 2510 corporaliter
480 2437 704 2496 substantialiter
728 2445 758 2494 et
786 2435 983 2495 essentialiter.
1035 2435 1073 2493 Et
1102 2446 1197 2512 potest

144 2531 312 2590 confirmari
334 2533 389 2592 ista
401 2533 510 2593 locutio
531 2553 568 2593 ex
589 2545 670 2593 textu
691 2533 816 2610 apostoli
838 2532 876 2591 ad
891 2532 1006 2591 Coloss.
1021 2533 1049 2590 ii.
1064 2532 1196 2603 dicentis,

140 2629 224 2706 quod
250 2629 297 2688 ‘in
321 2629 438 2690 Christo
463 2633 559 2692 omnis
581 2630 732 2709 plenitudo
757 2630 911 2689 divinitatis
939 2629 1050 2688 habitat
1077 2648 1196 2706 corpor·

140 2725 242 2798 aliter,'
266 2746 328 2787 non
351 2729 432 2805 quod
457 2729 588 2789 divinitas
613 2739 713 2806 posset
737 2748 792 2788 esse
815 2729 997 2803 corporaliter
1005 2748 1020 2795 ,·
1054 2728 1106 2787 sed
1128 2729 1197 2805 quia

140 2825 225 2885 multi
248 2825 384 2886 haeretici
409 2828 614 2899 abhorrebant,
638 2828 719 2904 quod
743 2828 877 2888 Christus
903 2826 939 2885 sit
963 2826 1028 2903 ipsa
1052 2826 1196 2897 divinitas,

138 2941 210 2983 cum
224 2925 261 2983 sit
275 2943 391 3001 corpus,
406 2926 556 3002 apostolus
577 2926 645 2985 dicit
660 2927 754 2996 nobis,
769 2926 850 3002 quod
869 2926 900 2983 in
916 2924 1032 2984 Christo
1053 2926 1196 2985 existente

139 3022 338 3098 corporaliter,
346 3022 405 3082 hoc
416 3033 460 3082 est
469 3023 559 3082 modo
570 3025 711 3100 corporis,
721 3024 831 3082 habitat
842 3023 966 3083 identice
978 3023 1043 3099 ipsa
1054 3022 1196 3093 divinitas,

138 3120 227 3180 etsie
242 3120 385 3193 divinitas,
400 3121 467 3181 licet
481 3139 542 3179 non
557 3123 594 3180 sit
613 3123 809 3198 corporaliter,
823 3133 867 3181 est
887 3133 985 3180 tamen
999 3139 1107 3197 corpus
1121 3121 1196 3179 exis-

139 3228 207 3277 tens
221 3219 417 3296 corporaliter.
460 3218 519 3279 Sed
540 3222 614 3280 absit
633 3220 817 3297 quenquam³
831 3220 958 3290 credere,
973 3220 1054 3296 quod
1069 3220 1196 3296 redupli-

138 3316 232 3377 cative
253 3317 441 3394 intelligendo
460 3317 593 3377 Christus
615 3319 650 3378 sit
670 3318 858 3394 corporaliter
879 3319 942 3394 ipsa
963 3317 1104 3387 divinitas,
1127 3335 1195 3376 curn

138 3415 177 3475 sit
201 3432 317 3490 corpus,
341 3417 409 3492 quia
432 3425 502 3475 tunc
529 3417 703 3493 inquantum
731 3433 847 3491 corpus,
873 3425 902 3473 et
930 3434 982 3491 per
1011 3433 1195 3491 consequens

139 3514 308 3572 necessario
330 3530 419 3571 omne
443 3531 549 3590 corpus
575 3514 649 3572 soret
671 3514 735 3589 ipsa
757 3513 898 3572 divinitas.
941 3512 1073 3585 Quando
1096 3523 1194 3571 autem

137 3609 208 3670 talia
221 3609 359 3670 adverbia
377 3611 578 3687 intelliguntur
597 3610 812 3687 reduplicative,
831 3620 947 3688 oportet
966 3612 1083 3669 notare⁴
1097 3629 1149 3688 per
1163 3630 1194 3670 se

138 3709 390 3785 praedicationem
412 3721 441 3768 et
462 3710 500 3768 ad
520 3709 626 3768 modos
647 3709 823 3768 universales
844 3710 1018 3781 attendere⁶,
1040 3720 1071 3769 ut
1092 3709 1193 3779 home,

139 3806 315 3882 inquantum
338 3807 406 3866 vivit
431 3808 518 3884 juste,
543 3808 610 3866 vivit
634 3808 769 3879 virtuose,
794 3808 862 3884 quia
886 3826 939 3885 per
963 3826 994 3867 se
1017 3808 1126 3884 justitia
1150 3819 1194 3867 est

139 3906 238 3976 virtus,
253 3923 308 3965 nec
323 3915 423 3982 posset
438 3905 529 3964 homo
541 3906 618 3982 juste
632 3905 726 3964 vivere
741 3906 796 3965 nisi
809 3905 929 3965 haberet
943 3906 1065 3965 modum
1079 3905 1194 3964 vivendi

174 4073 182 4102 ¹
200 4072 373 4138 corporaliter]
385 4073 546 4138 corporaliter
558 4074 595 4124 vel
607 4074 824 4132 dimensionaliter,
837 4074 930 4122 A.B.C.
943 4074 982 4123 ed.
994 4089 1031 4137 pr.
1125 4074 1135 4103 ²
1151 4075 1195 4137 sit]

139 4139 184 4195 sic,
197 4137 231 4186 D.
328 4141 337 4168 ³
358 4138 509 4203 quenquam]
521 4155 697 4205 quemcunque,
711 4139 743 4188 D.
858 4139 867 4167 ¹
884 4140 984 4204 notare]
997 4154 1095 4204 negare,
1106 4141 1145 4190 ed.
1156 4157 1193 4204 pr.

137 4203 147 4233 ⁵
165 4203 304 4268 attendere]
316 4204 452 4262 actualiter,
463 4205 501 4254 ed.
514 4221 551 4269 pr.

1281 436 1343 503 279
