2864 4836
64 463 152 508 cara.
426 442 770 506 TRIALOGUS.

63 601 195 664 Heliam.
237 603 324 664 Unde
343 606 374 664 in
388 605 444 665 isto
457 617 569 683 puncto
584 625 641 682 ego
656 606 813 683 aliquando
828 607 965 666 infatuavi
978 609 1117 684 ignorans

64 702 316 780 praedicationem
334 703 579 778 habitudinalem;
608 704 717 764 credidi
736 706 815 764 enim
835 705 916 782 quod
930 707 959 764 in
973 706 1022 765 tali
1037 707 1117 765 locu·

63 799 157 871 tione,
179 799 327 878 ‘Baptista
350 812 393 862 est
418 800 537 872 Helias,’
562 803 619 862 hoc
644 821 755 862 nomen
779 803 882 863 Helias
906 804 1075 865 transfertur
1100 824 1118 865 a

64 898 280 975 significatione
294 899 370 959 illius
383 901 484 977 magni
498 900 659 978 prophetae
673 901 703 959 in
719 901 783 978 lege
797 903 893 975 veteri,
906 902 942 962 de
957 921 1017 979 quo
1032 905 1117 964 tertio

65 994 187 1073 Regum
210 997 310 1070 xviii.¹,
332 1008 361 1058 et
386 999 530 1075 significat
554 1000 677 1058 omnino
701 1001 859 1076 aequivoce
883 1012 911 1061 et
935 1003 1118 1079 singulariter

64 1091 236 1173 Johannem
256 1094 435 1172 Baptistam3
468 1097 520 1156 sed
541 1099 732 1174 postmodum
760 1101 853 1175 reperi
882 1118 920 1158 ex
948 1111 1118 1161 sanctorum

64 1191 237 1254 testimonio
250 1202 279 1253 et
297 1195 409 1254 ratione
428 1194 531 1265 valida,
546 1195 626 1272 quod
641 1194 742 1256 Helias
763 1197 907 1274 significat
921 1199 951 1257 in
967 1199 1116 1259 locutione

64 1289 174 1351 christi
187 1291 267 1350 illum
278 1292 452 1369 prophetam
466 1292 504 1352 de
517 1293 582 1369 lege
595 1295 691 1365 veteri,
703 1304 732 1354 et
746 1314 798 1372 per
808 1314 993 1373 consequens
1007 1298 1117 1356 labria-

64 1389 172 1449 drirolr's
185 1389 361 1467 praedicatio
374 1401 419 1451 est
432 1390 558 1451 dicenda
571 1409 632 1450 non
647 1402 744 1452 autem
759 1393 893 1464 idendca,
905 1412 973 1452 curn
985 1394 1117 1454 Christus

64 1487 207 1549 intellexit
220 1488 300 1565 quod
311 1488 443 1566 Baptista
456 1499 501 1549 est
513 1487 615 1550 Helias
627 1490 791 1567 figuraliter,
803 1501 833 1549 et
843 1490 976 1567 Baptista
990 1493 1118 1551 inellerit

63 1586 150 1664 quod
163 1604 225 1645 non
239 1597 282 1646 est
293 1586 396 1647 Helias
409 1587 608 1664 personaliter,
623 1606 691 1648 cum
705 1589 785 1648 aliter
799 1588 873 1648 foret
888 1589 996 1648 dictum
1008 1589 1119 1648 Christi

64 1684 208 1744 adlatum
221 1702 340 1745 sensum
354 1685 525 1745 derisorium
544 1687 770 1762 exponendum:
797 1689 838 1746 ‘si
852 1687 935 1747 vultis
957 1689 1038 1759 scire,
1053 1689 1118 1763 ipse

65 1781 200 1859 Baptista
213 1794 257 1843 est
270 1782 317 1842 illa
330 1783 490 1859 persona².'
531 1784 570 1844 Et
584 1785 626 1844 sic
640 1785 771 1860 intelligo
785 1785 1034 1861 praedicationes³
1047 1787 1118 1846 alias

64 1881 280 1942 habitudinales
294 1883 451 1958 scripturae
467 1900 577 1942 sacrae.
619 1881 657 1940 Et
671 1883 695 1941 si
709 1899 840 1958 quaeras,
855 1883 975 1959 quando
987 1883 1117 1960 Baptista

65 1980 177 2058 incepit
194 1998 259 2040 esse
278 1979 388 2051 Helias,
403 1979 514 2039 videtur
532 1980 620 2038 mihi⁴
633 1980 715 2057 quod
734 1991 803 2040 tunc
824 1981 943 2057 quando
962 1980 1063 2040 habuit
1081 1999 1118 2039 ex

64 2077 251 2139 ordinatione
275 2077 331 2137 Dei
355 2078 434 2137 illam
460 2077 660 2138 habitudinem
690 2078 727 2138 ad
751 2079 879 2150 Heliam,
905 2089 934 2139 et
958 2080 1015 2139 sic⁵
1038 2080 1119 2155 prius

34 2176 45 2194 ⁶
65 2175 169 2236 saltem
181 2176 345 2236 naturaliter
359 2176 413 2236 fuit
422 2176 552 2253 Baptista
564 2176 675 2248 Helias,
686 2188 844 2254 antequam
856 2177 989 2237 Christus
1000 2178 1119 2254 protulit

63 2274 114 2335 illa
128 2275 223 2334 verba.
258 2273 502 2334 Desacramento
516 2285 615 2333 tamen
629 2276 726 2335 altaris
740 2275 851 2335 videtur
865 2277 1024 2353 probabile,
1037 2277 1118 2354 quod

63 2373 187 2452 prolatis
200 2372 246 2431 his
260 2374 355 2432 verbis
368 2373 625 2433 sacramentalibus
643 2373 689 2432 ille
703 2375 788 2450 panis
802 2385 845 2434 est
864 2393 972 2452 corpus
987 2374 1117 2446 Domini,

64 2482 97 2531 et
117 2490 180 2531 non
200 2482 276 2541 ante,
291 2472 330 2529 ita
344 2471 425 2547 quod
438 2471 556 2530 virtute⁸
570 2473 724 2530 verborum
740 2471 847 2531 Christi
865 2473 911 2532 ille
926 2475 1011 2549 panis
1032 2473 1117 2532 simul

64 2569 175 2630 habeat
195 2586 305 2628 nomen
329 2570 502 2629 sacramenti
526 2577 556 2628 et
580 2587 691 2629 nomen
713 2570 844 2647 corporis
865 2569 986 2630 Domini
1011 2570 1118 2630 nostri⁷

65 2667 139 2748 Jeru
153 2665 268 2727 Christi.

108 2764 244 2825 Praestri.
286 2763 392 2824 Adhuc
416 2765 529 2824 videtur
553 2764 624 2823 mihi
652 2766 734 2842 quod
762 2765 915 2839 claudicas,
941 2784 1008 2826 cum
1035 2767 1118 2844 juxta

65 2864 146 2925 dicta
163 2873 214 2923 tua
230 2863 375 2940 quaelibet
388 2881 456 2940 pars
474 2864 662 2939 quantitativa
681 2865 766 2941 panis
785 2866 871 2924 nobis
886 2866 1028 2925 sensibilis
1043 2865 1118 2925 foret

65 2961 147 3023 idem
166 2980 273 3039 corpus
287 2960 394 3021 Christi
413 2962 443 3019 in
464 2978 594 3033 numero,
609 2963 693 3021 etsie
713 2980 820 3039 corpus
835 2961 942 3023 Christi
965 2963 1040 3022 foret
1053 2964 1117 3021 infi-

65 3062 160 3120 nitum
182 3077 312 3138 parvum,
334 3076 403 3137 pars
425 3059 469 3118 sui
493 3059 592 3135 ipsius,
615 3072 644 3120 et
669 3061 879 3136 quantmnlibet
903 3080 921 3119 a
943 3079 975 3119 se
997 3062 1116 3121 distans,

66 3157 147 3218 Nam
161 3158 306 3235 quaelibet
324 3175 392 3234 pars
411 3158 598 3233 quantitativa
616 3158 698 3216 istius
717 3158 829 3217 hostiae
850 3169 894 3218 est
913 3157 986 3217 hoc⁸
1001 3175 1117 3234 eorpus,

65 3257 121 3318 aed
140 3257 285 3316 inlinitum
306 3254 409 3333 parva⁹
424 3264 468 3314 est
481 3255 577 3332 aliqua
597 3273 665 3332 pars
686 3256 874 3332 quantitativa
895 3257 976 3315 istius
997 3255 1117 3324 hostiae,

65 3365 97 3415 et
120 3373 188 3414 cum
212 3356 268 3413 ista
291 3362 353 3413 tota
376 3352 474 3412 hostia
497 3355 533 3413 sit
554 3353 632 3412 idem
655 3370 762 3429 corpus
784 3354 815 3411 in
837 3371 968 3424 numero,
991 3355 1119 3430 sequitur

64 3453 184 3512 renardo
207 3451 362 3512 conclusio.
413 3450 544 3510 Etcum
571 3451 642 3510 tales
669 3450 790 3522 hostiae,
814 3470 889 3528 quae
917 3462 983 3510 sunt
1011 3470 1119 3527 corpus

67 3549 184 3622 Christi,
199 3552 230 3609 in
244 3550 399 3628 provinciis
413 3549 535 3608 multum
550 3548 664 3619 distant,
681 3551 808 3625 sequitur
823 3551 903 3608 Μία
923 3550 1074 3609 conclusio
1080 3549 1117 3622 10;

65 3649 152 3710 imo¹¹
168 3667 236 3709 cum
256 3650 386 3708 infinitae
407 3659 475 3708 sunt
488 3647 660 3706 variationes
686 3648 715 3705 in
737 3646 903 3724 hujusmodi
924 3649 1026 3708 hostiis
1048 3666 1119 3708 con-

66 3749 195 3820 secratis,
220 3748 350 3826 sequitur
373 3747 454 3825 quod
476 3763 581 3805 omnes
606 3745 668 3805 illas
693 3746 864 3806 variationes
889 3749 991 3823 recipit
1012 3765 1118 3823 corpus

70 3845 189 3907 Christi.

102 3975 111 4005 ¹
128 3975 181 4025 sive
194 3989 205 4024 r
219 3975 315 4039 Regum
327 3975 393 4024 xviii.
510 3974 520 4003 ²
530 3963 567 4025 ci.
580 3975 670 4024 Matth.
683 3976 714 4024 xi.
729 3989 766 4038 14.
885 3975 895 4003 ³
911 3976 1117 4040 praedicationes]

65 4056 195 4136 personas,
206 4040 245 4091 ed.
257 4056 295 4117 pr.
459 4039 556 4104 ⁴mihi]
569 4055 619 4089 om.
631 4040 669 4089 ed.
682 4056 736 4116 pr.¹
882 4040 956 4117 θεία]
968 4057 1018 4090 om.
1030 4041 1068 4090 ed.
1081 4057 1117 4104 pr.

95 4106 197 4170 virtute]
210 4106 242 4156 de
252 4112 349 4162 virtute,
361 4105 399 4157 ed.
411 4121 448 4170 pr.
633 4105 643 4133 ¹
660 4104 750 4169 nostri]
763 4121 812 4153 om.
825 4106 865 4161 A.
878 4107 906 4154 B.
913 4122 1012 4220 Eumae
1023 4122 1117 4183 manus.

68 4172 79 4202 ⁸
94 4171 157 4236 hoc]
168 4187 218 4221 orn.
230 4171 268 4221 ed.
281 4187 318 4235 pr.
449 4172 459 4200 ⁹
476 4170 563 4236 parva]
576 4185 688 4235 persona.
700 4170 739 4219 ed.
751 4186 787 4234 pr.
878 4171 896 4200 ¹⁰
936 4179 945 4221 t
957 4179 1119 4222 cunr-tertia

68 4236 209 4303 conducio]
221 4253 271 4287 om.
284 4238 315 4285 Α.
327 4236 422 4302 primae
432 4252 528 4288 manus.
595 4238 611 4267 ¹¹
628 4235 692 4301 imo]
705 4235 793 4301 primo.
806 4235 844 4286 ed.
856 4252 893 4302 pr.

568 4336 587 4377 Τ
604 4339 619 4377 2
