2864 4836
354 311 494 320 ...φ-...-

101 443 167 510 394
517 422 774 500 Joannrs
816 423 1040 487 arom
1234 451 1310 486 ma.

57 594 212 718 pungam
108 593 213 636 usqum·
289 584 456 644 Phrenesis.
498 583 649 643 Ponuntur
662 586 854 644 communiter
868 596 1012 662 quattuor
1026 588 1124 648 dotes
1138 589 1307 665 corporisiu

57 686 148 759 iffi
144 686 209 751 ⁸33,
248 683 349 754 beatis,
364 683 471 743 scilicet
486 683 541 741 dos
555 683 741 754 subtilitatis,
756 682 811 743 dos
833 683 980 756 claritatis,
1003 685 1068 744 dos
1090 686 1306 764 incorruptibili·

248 783 313 841 tatis
332 792 361 841 et
376 782 431 841 dos
445 782 586 858 agilitatis.
630 780 694 841 Nec
715 782 858 852 mussites,
873 783 1032 859 quormdo
1055 803 1198 846 summus
1216 785 1304 844 artifex

247 891 344 957 potest
369 880 406 939 de
430 898 525 956 pauca
548 880 669 939 materia
692 889 829 956 quattuor
852 881 1075 941 elementorum
1102 902 1184 960 quae
1212 883 1302 943 liutiu

247 979 375 1050 bomine,
390 979 452 1037 illas
472 977 555 1037 dotes
574 987 711 1054 quattuor
729 976 871 1048 ordinare,
889 996 958 1037 cum
976 979 1130 1039 subtilitas
1148 984 1181 1040 in
1200 983 1264 1057 igne
1278 992 1302 1039 et

247 1084 313 1136 aere
337 1085 442 1154 potest,
466 1087 497 1135 ut
520 1075 587 1135 Deo
608 1076 756 1152 placuerit,
779 1075 925 1151 adaptari;
958 1087 989 1135 et
1012 1096 1070 1154 per
1093 1080 1177 1139 idem
1197 1081 1301 1138 cantas

247 1174 442 1233 connaturalis
455 1173 572 1232 luminis
587 1183 682 1250 potest
696 1191 760 1232 esse
774 1173 805 1230 in
818 1173 872 1232 illis
886 1175 1075 1249 corporibus,
1087 1179 1165 1237 sicut
1179 1179 1300 1238 videmus

246 1275 276 1329 in
291 1273 364 1330 vitro
377 1282 407 1330 et
420 1271 567 1331 christallo
582 1289 649 1330 cum
669 1271 840 1346 corporibus
855 1271 1083 1347 splendentibus
1098 1276 1144 1334 eis
1158 1275 1299 1334 simitum

246 1371 284 1428 Et
305 1388 373 1428 cum
387 1369 549 1429 secundum
563 1369 756 1445 philosophos
769 1387 808 1427 ex
828 1369 1020 1445 proportione
1040 1373 1228 1449 aequalitatis
1244 1390 1299 1431 nou

246 1464 277 1520 fit
290 1464 375 1533 actio,
390 1461 473 1522 facile
493 1473 538 1521 est
555 1462 622 1521 Deo
641 1463 861 1538 proportionare
881 1462 922 1521 sic
940 1463 1092 1523 elementa
1114 1467 1156 1525 ad
1173 1468 1298 1535 invicem,

245 1563 394 1637 suspensis
416 1561 475 1619 suis
496 1561 680 1637 qualitatibus
699 1561 806 1631 activis,
825 1559 906 1637 quod
927 1579 1084 1638 nunquam
1106 1565 1197 1622 sitin
1214 1564 1299 1642 patria

245 1660 321 1719 actio
336 1660 409 1717 inter
422 1659 479 1717 illa
521 1657 592 1718 Non
605 1659 685 1717 enim
704 1658 841 1734 concipio
859 1657 941 1734 quod
959 1657 1057 1717 forma
1077 1661 1158 1719 una²
1172 1664 1297 1722 substan·

245 1756 319 1816 tialis
333 1767 400 1833 agat
414 1757 444 1814 in
455 1756 596 1832 reliquam
611 1757 673 1815 sine
688 1755 873 1832 qualitatibus
883 1756 1028 1831 requisitis
1042 1758 1298 1818 instrumentaliter

246 1855 283 1913 ad
298 1855 457 1931 agendum.
499 1854 537 1913 Et
551 1873 619 1913 cum
633 1853 717 1913 facile
738 1853 773 1912 sit
788 1851 886 1911 Mum
901 1853 988 1911 talem
1010 1865 1150 1915 creatum
1171 1858 1299 1934 spiritum

245 1970 306 2010 non
318 1970 386 2011 cum
400 1953 571 2028 corporibus
585 1952 672 2011 nimis
686 1951 822 2028 gravibus
836 1968 968 2021 onerare,
983 1962 1083 2028 potest
1098 1954 1223 2015 faciliter
1236 1973 1298 2015 cum

245 2050 455 2125 proportionali
470 2051 600 2125 potentia
612 2050 766 2125 agilitatem
781 2050 912 2125 corporis
931 2050 973 2108 eis
993 2050 1074 2111 dare.
1117 2053 1169 2111 Ad
1179 2055 1298 2128 pnicum

245 2153 439 2223 argumentum
464 2159 545 2206 tuum
571 2156 651 2223 patet
674 2165 712 2205 ex
736 2146 812 2206 istis⁸
835 2148 997 2222 responsio.
1053 2149 1084 2207 Si
1110 2153 1193 2209 enim
1216 2153 1298 2209 virtus

245 2243 423 2302 adamantini
437 2244 542 2321 lapidis
555 2255 652 2321 potest
667 2245 761 2304 visum
775 2255 805 2303 et
824 2247 969 2304 actionem
989 2264 1152 2323 corponrm
1171 2250 1298 2325 gravium

245 2342 431 2416 suspendere,
460 2361 549 2418 quare
578 2361 640 2400 non
668 2352 765 2418 potest
792 2343 860 2401 ista⁴
888 2343 1021 2402 coelestis
1056 2347 1298 2423 complexionalis

245 2441 366 2516 qualitas
379 2458 433 2516 pro
447 2451 589 2516 perpetuo
604 2443 733 2499 actiones
747 2441 956 2499 elementorum
968 2443 1151 2517 suspendere
1166 2447 1197 2503 in
1211 2446 1299 2504 beatis

245 2540 425 2613 corporibus
442 2539 602 2614 specialiter
623 2557 690 2595 cum
708 2539 859 2614 qualitates
874 2540 982 2597 activae
998 2558 1059 2597 non
1080 2543 1139 2599 sint
1160 2545 1190 2600 in
1211 2544 1298 2620 patria

245 2638 405 2712 requisitae.
449 2637 496 2693 Ad
511 2638 655 2692 secundum
675 2647 877 2712 argumentum
897 2647 977 2694 tuum
998 2640 1168 2713 respondeo
1183 2655 1212 2699 et
1226 2642 1297 2709 dico,

244 2735 324 2809 quod
352 2744 401 2791 tua
429 2735 541 2791 miratio
570 2735 703 2808 procedit
732 2754 768 2792 ex
798 2733 911 2793 defectu
941 2736 1001 2793 veri
1027 2738 1175 2813 principii.
1223 2739 1297 2797 Nam

244 2850 368 2905 corpora
392 2833 477 2889 beata
503 2833 531 2888 in
557 2833 650 2905 patria
674 2851 776 2906 parurn
803 2833 912 2891 habent
937 2833 973 2891 de
999 2852 1076 2908 aqua
1098 2837 1142 2894 vel
1167 2848 1251 2907 terra,
1272 2849 1298 2894 et

244 2931 337 3004 magis
353 2930 388 2987 de
404 2937 469 2988 ae‘re
484 2930 527 2986 vel
542 2930 618 3006 igne.
663 2930 737 2988 ldeo
752 2949 820 2987 cum
836 2942 901 2988 sunt
915 2950 1040 3006 corpora
1054 2933 1129 2992 levia
1143 2935 1175 2991 in
1191 2947 1297 3002 natura,

244 3028 373 3103 potentia
398 3028 506 3085 motiva
531 3028 647 3102 spiritus
672 3038 768 3103 potest
793 3028 856 3102 ipsa
884 3029 1046 3087 secundum
1070 3032 1153 3105 quod
1181 3033 1298 3091 voluerit

244 3126 359 3200 agitare.
411 3125 482 3183 Non
506 3127 585 3182 enim
610 3125 700 3183 debes
720 3126 897 3201 imaginari⁶,
919 3127 1000 3202 quod
1025 3146 1134 3203 corpus
1160 3131 1238 3188 beati
1263 3133 1297 3188 sit

243 3242 329 3299 grave
351 3234 379 3281 et
404 3220 619 3299 depressivum⁰
643 3224 770 3281 hominis
791 3235 823 3281 ut
848 3224 954 3282 sermm
976 3223 1035 3281 vel⁷
1057 3226 1223 3300 plumbum,
1247 3229 1296 3287 sed

243 3332 329 3379 vento
351 3322 439 3397 longe
461 3322 564 3397 agilius
586 3333 613 3379 et
636 3322 859 3380 delectationem
880 3323 1006 3381 inserens
1027 3335 1056 3381 et
1077 3325 1108 3380 in
1131 3326 1213 3384 nullo
1236 3327 1294 3384 lati-

243 3420 400 3493 gationem.
449 3421 499 3478 Ad
525 3422 635 3477 tertiam
661 3430 864 3494 argumentum
889 3431 969 3477 tuum
995 3421 1163 3496 respondeo
1192 3443 1295 3483 conce·

243 3517 350 3585 dende,
375 3518 455 3592 quod
481 3536 605 3592 corpora
629 3519 670 3575 sic
693 3518 835 3576 subtiliata
856 3528 978 3593 possunt
1000 3538 1031 3577 se
1052 3538 1089 3577 ex
1111 3521 1295 3581 ordinatione

242 3614 362 3672 Domini
383 3628 549 3691 penetrare;
578 3626 606 3675 et
628 3635 695 3674 cum
716 3618 877 3692 penetratio
898 3628 925 3675 et
940 3618 1084 3688 laceratio,
1098 3629 1132 3675 ut
1153 3637 1291 3697 suppono

242 3731 279 3770 ex
304 3712 455 3771 declaratis
484 3714 560 3784 alibi,
587 3716 643 3772 sint
671 3714 815 3784 distincta,
840 3726 920 3791 patet
947 3734 984 3774 ex
1012 3716 1081 3774 hinc
1110 3735 1173 3775 non
1202 3721 1292 3796 sequi,

274 3924 306 3952 ¹
300 3925 354 3970 dos
371 3924 531 3971 subtilitatis*
525 3939 550 3971 m
570 3924 633 3973 Cod
652 3925 680 3972 B
702 3933 776 3988 atque
792 3925 831 3974 ed
849 3941 884 3989 pr.
907 3927 979 3975 tertio
997 3926 1070 3980 loco:
1096 3929 1122 3976 in
1143 3929 1208 3978 Cod
1230 3931 1291 3978 ΑΩ

242 3988 322 4051 primo
340 3989 395 4037 loco
413 3991 493 4053 posita
505 3997 558 4047 est;
581 3990 628 4037 hoc
640 3990 737 4053 quidem
750 3999 823 4046 recle,
835 4006 891 4039 cum
903 3992 966 4039 inira
983 3993 1107 4041 subtilitas
1123 3996 1206 4057 primo
1224 4011 1290 4044 corn·

242 4063 397 4103 memoretur
496 4055 582 4144 2ιιῃα]
596 4071 645 4102 orn.
657 4056 695 4104 ed.
706 4071 742 4119 pr.
841 4056 1000 4120 ³istis]1slo
1013 4057 1050 4106 ed
1064 4075 1100 4123 pr.
1205 4059 1277 4108 ‘ista

224 4111 290 4217 'ma'
304 4120 341 4166 ed.
355 4136 390 4182 pr.
522 4120 687 4183 ⁵imaginari]
701 4121 842 4184 imaginare,
855 4121 892 4170 ed
905 4137 942 4185 pr.
1082 4124 1276 4189 ‘depressimm

224 4182 431 4268 depressivums
430 4193 530 4242 rustum,
543 4186 580 4234 ed
593 4202 628 4248 pr.
728 4186 804 4250 luel]
817 4203 866 4235 om.
879 4187 917 4237 ed
930 4204 966 4251 pr.
