2864 4836
479 436 741 518 JOANNIS
782 436 995 499 WICLIF
1179 457 1265 495 maru

260 604 423 664 Phrenesis.
465 602 546 662 Bene
571 603 711 678 concipis,
737 601 804 661 sed¹
827 610 943 678 oportet
967 617 1073 678 cavere
1094 599 1135 660 de
1155 598 1265 658 Pseuste

219 713 338 780 propter
359 702 540 761 ebullitioues
562 701 743 778 sophisticas,
759 700 911 777 quomodo
928 697 1065 759 Christus
1084 709 1132 758 est
1153 699 1266 758 duartm

219 800 430 876 completarum
444 810 610 858 naturarum
627 809 758 874 utraque,
773 798 881 857 scilicet
898 807 959 856 tam
979 796 1082 868 deitas,
1097 814 1192 874 quam
1208 811 1267 853 ren

219 898 392 956 humanitas.
435 896 472 954 Et
485 895 648 954 secundum
663 895 725 953 illas
739 894 863 953 concedi
878 893 987 952 debent
1000 892 1039 951 de
1053 910 1092 952 eo
1107 893 1268 970 simpliciter

218 996 302 1055 valde
323 996 450 1072 disparia
471 993 644 1069 praedicata,
659 1003 691 1052 ut
712 992 794 1071 quod
815 993 851 1051 sit
872 990 1001 1068 aequalis
1015 989 1097 1049 Patri
1110 990 1268 1050 secuudum

219 1092 420 1162 divinitatem¹,
446 1102 474 1150 et
502 1092 598 1150 minor
626 1091 787 1150 secuudum
815 1090 1024 1148 humanitatem
1052 1098 1120 1160 etc,
1147 1088 1192 1148 et’
1217 1088 1269 1147 hoc

219 1192 346 1250 tanturn*
365 1201 409 1249 est
427 1190 539 1249 dicere:
567 1191 630 1265 ipse
651 1189 817 1247 humanitus
835 1189 936 1247 virtute
955 1195 1000 1245 est
1019 1204 1129 1262 parvus
1143 1197 1174 1246 et
1192 1185 1272 1245 Pater

219 1290 309 1347 taliter
323 1305 384 1346 non
398 1298 495 1364 potest
514 1287 593 1345 esse¹
612 1305 726 1363 parvus,
741 1296 770 1345 et
790 1287 830 1345 sic
851 1284 1014 1354 ambulavit,
1028 1284 1141 1355 esuriit,
1157 1295 1188 1343 et
1204 1282 1271 1343 tales

219 1386 449 1464 praedicationes
477 1385 620 1444 humanas
649 1385 783 1461 suscepit,
811 1383 914 1462 quales
933 1383 1121 1458 evangelium
1149 1381 1189 1442 de
1212 1383 1272 1459 ipsu

219 1483 385 1560 simpliciter
400 1482 543 1542 concedit

259 1578 395 1639 Preustri.
436 1580 558 1639 Videtur
572 1580 652 1650 mihi,
664 1580 744 1656 quod
757 1579 980 1656 praecipitanter
989 1578 1021 1636 in
1032 1570 1275 1638 contradictoria¹

168 1690 248 1738 ·te
280 1678 408 1737 involvis.
466 1677 559 1750 Quae,
587 1695 670 1755 rogo,
699 1677 811 1754 planior
839 1677 1040 1748 contradictio,
1068 1694 1161 1753 quam
1194 1673 1276 1753 quod-

94 1831 121 1857 a,
220 1775 352 1836 Christus
376 1775 429 1834 fuit
453 1776 614 1834 minoratus
639 1775 804 1851 paululum¹
827 1776 865 1834 ab
889 1775 1009 1851 angelis,
1032 1783 1061 1834 et
1086 1783 1191 1833 tamen
1214 1783 1273 1831 tam

220 1873 381 1933 secundum
395 1873 572 1932 divinitatem
587 1872 690 1949 quam¹
701 1872 909 1933 humanitatem
923 1874 1147 1949 quibuscunque
1161 1870 1275 1948 augelis

221 1972 314 2048 major
329 1970 441 2029 sactus?
484 1969 618 2029 Similiter
633 1972 656 2029 si
671 1968 802 2029 Christus
823 1970 968 2029 infinitum
989 1970 1106 2029 excedit
1127 1969 1202 2028 alios
1222 1967 1275 2027 ho·

221 2070 314 2127 mines
329 2069 359 2126 in
373 2067 550 2144 perfectione
565 2068 719 2137 essentiali,
733 2078 802 2126 tunc
817 2086 937 2127 necesse
952 2078 996 2127 est
1014 2067 1097 2144 quod
1111 2067 1148 2127 sit
1161 2068 1203 2126 ab
1222 2066 1276 2125 illis

221 2167 343 2242 disparis
362 2166 485 2241 speciei;
515 2165 567 2225 sed
581 2165 651 2243 quid
671 2176 739 2225 tunc
759 2166 796 2225 ad
813 2184 907 2243 genus
926 2166 1097 2236 humanum,
1112 2165 1196 2241 quod
1213 2165 1276 2241 ipsc

222 2266 263 2323 sic
282 2265 404 2322 meruit?
434 2273 493 2321 tam
513 2274 681 2322 extraneum
702 2263 820 2340 quidem
841 2265 953 2323 videtur
973 2281 1059 2322 suum
1080 2264 1218 2321 meritum
1239 2261 1276 2320 ad

223 2360 391 2421 salvandum
406 2360 549 2432 homines,
564 2361 721 2437 quantum’
735 2372 906 2420 extraneum
927 2371 972 2420 est
986 2361 1024 2420 ad
1038 2361 1173 2421 diabolos
1191 2361 1276 2420 liber·

223 2460 341 2519 andum.
395 2458 530 2518 Similiter
557 2478 593 2518 ex
621 2462 730 2520 unione
757 2461 939 2537 hypostatica
968 2459 1101 2520 Christus
1128 2461 1276 2539 aliquante

223 2559 376 2636 perficitur,
391 2570 418 2616 et
432 2577 493 2617 non
508 2569 603 2634 potest
624 2577 688 2618 esse
703 2558 794 2617 homo
809 2559 881 2618 alius
902 2560 956 2617 sibi
979 2577 1031 2635 par
1044 2561 1076 2617 in
1096 2560 1277 2637 perfectione

222 2658 358 2726 humana,
373 2674 445 2732 ergo
460 2655 591 2714 Christus
612 2667 657 2714 est
676 2656 768 2715 homo
787 2656 931 2715 infinitum
952 2656 1105 2733 perlectus,
1122 2669 1151 2716 et
1172 2659 1215 2718 sic
1235 2671 1278 2719 est

222 2753 314 2812 homo
336 2755 445 2828 primus
468 2754 642 2829 simpliciter,
658 2772 725 2812 cum
747 2754 904 2829 praecessit
920 2754 1017 2812 Adam
1038 2756 1069 2811 in
1089 2767 1225 2833 tempore
1249 2768 1278 2816 et

224 2851 370 2927 praecedit
380 2851 544 2927 simpliciter
556 2852 703 2927 dignitate.
734 2849 815 2910 Sicut
825 2868 896 2927 ergo
907 2870 968 2910 non
981 2853 1117 2929 sequitur,
1129 2855 1278 2933 ‘aethiops

223 2960 267 3007 est
288 2949 370 3007 albus
391 2951 552 3008 secundum
574 2950 684 3020 dentes,
699 2967 770 3025 ergo
788 2949 857 3008 est¹⁰
877 2949 977 3021 albus,'
993 2951 1035 3009 sic
1055 2968 1118 3009 non
1139 2955 1279 3029 sequitur,

226 3047 374 3107 ‘Christus
389 3048 539 3123 suscepit¹¹
557 3047 623 3106 talia
637 3047 803 3124 praedicata
816 3048 987 3118 humanitus,
1002 3065 1074 3124 ergo
1088 3050 1153 3125 ipse
1168 3052 1279 3129 simpli·

225 3147 294 3204 citer
309 3147 434 3222 suscepit
449 3146 515 3204 talia
529 3143 711 3221 praedicata!

265 3243 426 3301 Phrenesis.
469 3243 565 3302 Video
586 3243 667 3320 quod
690 3243 801 3320 gaudes
825 3244 856 3302 in
877 3244 1066 3302 contentiosis
1087 3246 1197 3322 pugnis
1217 3264 1281 3305 ver·

76 3316 98 3341 ⁸⁰
129 3316 177 3339 Μ’
225 3342 338 3410 borum,
361 3341 412 3399 sed
435 3346 508 3399 ‘nos
530 3342 617 3399 talem
639 3342 881 3400 consuetudinem
902 3359 964 3399 non
984 3341 1182 3415 habemus¹¹;'
1212 3347 1281 3421 quia

225 3438 349 3496 tamen¹³
369 3440 531 3498 secundum
545 3440 718 3496 Aristotelem
740 3440 823 3498 decet
841 3439 1049 3516 philosophum
1071 3440 1145 3499 scire
1168 3444 1281 3502 solvere

225 3536 296 3594 tales
320 3539 454 3612 argutias,
476 3555 513 3595 ne
537 3538 665 3613 capiatur
689 3537 720 3594 in
741 3537 845 3608 verbis,
867 3537 933 3595 ideo
960 3536 1077 3612 expedit
1101 3549 1134 3596 ut
1157 3539 1280 3600 induam

225 3634 355 3691 habitum
377 3634 638 3710 philosophicum¹⁴
659 3646 689 3693 et
713 3635 812 3693 tollam
833 3647 897 3692 tuas
918 3635 1077 3693 instantias.
1121 3635 1157 3695 Iu
1180 3640 1281 3714 primis

259 3771 268 3800 ¹
285 3770 339 3833 sed]
353 3771 426 3834 quod,
437 3771 475 3819 ed.
488 3787 525 3834 pr.
698 3771 707 3799 ¹
723 3771 889 3835 divinitatem]
901 3772 1026 3828 deitatem,
1038 3772 1066 3820 B.
1078 3787 1174 3836 primae
1185 3791 1281 3833 manus,

225 3834 264 3884 ed.
276 3851 313 3898 pr.
427 3837 436 3864 ³
453 3836 489 3899 et]
503 3852 552 3884 om.
565 3838 592 3884 C.
605 3837 728 3886 secundae
738 3852 833 3893 manus
843 3837 875 3885 D
888 3837 925 3885 ed.
937 3853 974 3901 pr.
1084 3838 1221 3905 tantum]
1231 3857 1280 3892 om

226 3899 291 3948 CD.
304 3899 342 3949 ed.
354 3917 390 3965 p.r
457 3901 665 3964 ¹esselesse1ta
679 3902 739 3950 ΑΒ.
810 3901 1037 3966 ‘contradictona]
1049 3905 1280 3963 contradictionem,

227 3965 319 4014 A...BC
354 3918 849 4097 7ρειι]υ1υᾞεω1ωηιηιιεεᾱ.ρτ.;
867 3967 898 4016 cs.
912 3967 1027 4016 Hebr.ii.
1042 3978 1099 4032 7.9.
1167 3971 1268 4035 'quarn

225 4045 299 4104 quam
311 4031 453 4085 secuudum
467 4031 526 4080 B.C
736 4032 892 4096 ¹q]uantum
881 4032 986 4096 ].quam
998 4033 1037 4081 ed.
1048 4049 1086 4097 pr.
1196 4038 1268 4086 ¹⁰est

226 4095 334 4159 ipseest,
348 4096 375 4143 B.
387 4095 488 4160 primae
501 4097 529 4145 C.
542 4049 662 4146 secundae
674 4113 767 4152 manus.
762 4050 814 4145 q.D
826 4097 864 4146 ed.
876 4112 913 4161 pr.
1002 4098 1158 4164 ¹¹suscepit]
1170 4103 1281 4168 suscipit,

226 4161 264 4207 ed
276 4175 314 4223 pr
380 4162 398 4189 ¹¹
414 4159 444 4209 cl
460 4160 694 4210 1Corinth.xi.16.
808 4164 825 4192 ¹¹
842 4161 1279 4225 nmenJ0mCsenndremanus,

227 4222 260 4273 D.
272 4225 310 4273 ed
323 4240 358 4289 pr
426 4224 443 4254 ¹⁴
460 4225 668 4291 philosophicum]
681 4227 894 4292 philosophorum
906 4229 944 4276 ed
957 4243 994 4292 pr.
