2864 4836
73 444 154 488 cane
435 424 777 487 TRIALOGUS.

72 587 168 644 noscit
183 587 290 664 aliquid
305 606 378 658 esse,
393 602 461 647 tunc
476 588 546 647 illud
559 598 619 659 est;
642 604 713 663 ergo
728 605 745 644 a
760 585 855 661 primo
874 584 912 643 ad
929 584 1085 654 ultimum¹,
1100 584 1123 642 si

71 684 182 760 aliquid
197 685 249 744 fuit
263 687 307 744 vel
321 687 381 756 erit,
397 689 492 761 ipsum
507 696 559 745 est.
599 758 601 764 Ι

113 782 152 841 Et
167 802 203 842 ex
223 785 329 843 eodem
349 786 485 860 sequitur,
500 783 581 862 quod
595 783 677 841 Deus
697 784 733 841 sit
752 784 923 856 omnipotens,
938 781 1006 857 quia
1021 779 1124 839 melius
1157 803 1274 887 gffippm

72 892 118 939 est
132 900 197 941 esse
212 882 321 958 aliquid
335 884 375 941 ita
388 896 503 959 potens,
518 901 607 958 quam
621 892 665 940 est
679 899 743 939 esse
758 879 865 955 aliquid
880 896 941 936 non
956 880 995 936 ita
1009 890 1123 954 potens.
1275 867 1282 885 '

70 977 109 1036 Et
123 979 147 1038 si
162 978 249 1050 dicas,
262 981 342 1056 quod
356 982 386 1038 in
401 982 538 1039 omnibus
552 981 613 1038 istis
624 981 719 1055 primo
733 979 839 1053 petitur
853 976 1123 1044 demonstrandum,

71 1077 169 1134 statim
188 1078 270 1136 adest
289 1078 431 1153 primum¹
445 1079 628 1155 principium,
644 1077 724 1153 quod
738 1076 821 1134 Deus
839 1075 897 1134 est³
911 1075 950 1132 ita
964 1075 1076 1133 bonum
1096 1082 1125 1130 et

71 1172 233 1249 perfectum
258 1177 330 1234 sicut
355 1187 450 1252 potest
475 1176 595 1251 intelligi
620 1175 761 1251 quidquid
786 1192 859 1232 esse.
912 1171 993 1231 Nota
1016 1181 1123 1240 tamen,

71 1271 168 1347 quod¹
182 1291 219 1331 ex
233 1273 281 1331 illo
302 1291 364 1332 non
383 1276 519 1351 sequitur,
535 1273 616 1350 quod
635 1273 717 1331 Deus
735 1281 832 1349 potest
852 1270 975 1330 deficere
994 1269 1040 1328 vel
1059 1286 1124 1327 cor-

70 1369 176 1446 rumpi,
187 1374 256 1447 quia
269 1372 326 1432 hoc
341 1391 403 1432 non
415 1385 459 1432 est
470 1391 567 1450 posse,
579 1373 631 1435 sed
643 1392 660 1431 a
671 1390 759 1450 posse
774 1371 907 1430 deficere.
949 1369 1014 1429 Nec
1028 1369 1124 1445 sequi-

71 1477 127 1538 tur,
143 1469 222 1544 quod
238 1479 269 1528 tu
282 1482 368 1546 potes
388 1471 482 1530 facere
502 1471 610 1548 aliquid
625 1471 705 1547 quod
724 1470 807 1529 Deus
826 1488 888 1528 non
903 1479 1001 1545 potest
1015 1469 1121 1538 facere,

71 1582 109 1624 eo
129 1567 210 1643 quod
225 1577 257 1625 tu
276 1579 361 1645 potes
381 1569 476 1628 facere
490 1569 676 1628 mendacium
690 1579 721 1629 et
734 1569 889 1638 defectum,
904 1567 962 1628 hoc
977 1578 1021 1626 est
1034 1584 1118 1625 men-

70 1666 116 1722 tiri
130 1674 159 1723 et
173 1665 305 1737 deficere,
326 1667 378 1725 sed
393 1685 454 1725 non
469 1668 512 1726 sic
531 1667 630 1739 Deus;
652 1686 722 1725 nam
741 1669 783 1726 sic
802 1667 918 1725 mentiri
935 1666 981 1724 vel
995 1665 1122 1725 deficere
1214 1731 1221 1741 ,

70 1778 133 1821 non
142 1773 187 1821 est
198 1764 307 1840 aliquid
317 1764 421 1836 facere,
434 1765 487 1825 sed
501 1784 519 1824 a
533 1764 660 1824 factione
671 1765 742 1823 boni
754 1764 886 1823 deficere.
928 1762 1010 1821 Deus
1025 1774 1123 1821 autem

68 1858 139 1919 facit
154 1879 245 1920 omne
259 1863 415 1938 positivum
430 1862 511 1939 quod
526 1874 657 1922 creatura
672 1881 724 1920 sua
738 1861 846 1931 fecerit,
858 1871 887 1919 et
901 1871 1000 1918 tamen
1014 1878 1051 1918 ex
1065 1859 1123 1918 boc

69 1976 132 2017 non
154 1960 291 2035 sequitur,
313 1961 393 2037 quod
418 1960 554 2031 comedit,
576 1961 710 2036 loquitur,
733 1959 869 2028 ambulat,
892 1967 921 2017 et
941 1959 982 2017 sic
1003 1957 1040 2017 de
1061 1957 1123 2015 aliis

67 2056 257 2133 praedicatis⁶
270 2057 436 2129 formaliter,
452 2058 488 2117 de
504 2059 662 2134 suppositis
675 2057 859 2134 imperfectis.
901 2055 940 2114 Et
954 2056 996 2114 sic
1011 2053 1048 2113 ad
1063 2053 1122 2113 dis-

67 2156 261 2232 tinguendum
272 2157 453 2233 praedicata¹
464 2157 512 2217 illa
522 2155 688 2227 formaliter,
699 2165 815 2232 oportet
827 2163 937 2224 notare,
949 2155 1030 2230 quod
1040 2171 1124 2230 prae·

68 2253 213 2312 dicatum¹
234 2255 269 2313 sit
290 2255 392 2314 melius
413 2273 478 2313 esse
497 2254 655 2314 formaliter
668 2254 735 2312 Deo
757 2256 942 2322 conveniens,
958 2269 1049 2328 quam
1069 2251 1123 2309 sibi

69 2369 132 2409 non
146 2352 241 2410 taliter
253 2354 419 2423 convenire,
435 2352 472 2411 ad
483 2354 564 2429 quod
575 2354 727 2429 requiritur
737 2353 906 2411 intellectus.
948 2351 1030 2409 Deus
1045 2352 1124 2408 enirn

66 2447 136 2508 facit
155 2450 392 2520 ambulationem,
413 2451 465 2509 sed
485 2469 547 2510 non
566 2451 703 2521 ambulat,
720 2469 787 2509 curn
807 2451 911 2508 melius
925 2459 970 2507 est
986 2467 1047 2506 rem
1062 2465 1123 2506 non

67 2547 218 2606 ambulare
244 2557 273 2607 et
294 2567 358 2607 esse
380 2551 504 2608 omnino
525 2549 715 2619 immobilem,
737 2566 826 2625 quam
847 2558 891 2606 est
912 2564 973 2604 rem
995 2546 1123 2621 aliquam

66 2662 133 2704 esse
149 2646 356 2706 ambulantem.

108 2742 148 2802 Et
162 2762 199 2802 ex
213 2744 320 2803 eodem
334 2745 477 2820 principio
492 2747 629 2821 sequitur,
641 2745 722 2821 quod
733 2744 815 2803 Deus
829 2755 873 2803 est
887 2744 1011 2802 omnino
1026 2743 1122 2801 insen·
1157 2767 1273 2808 mma„

66 2840 159 2899 sibilis
174 2851 203 2900 et
216 2842 396 2912 inextensus,
411 2843 477 2901 licet
492 2843 648 2901 virtualiter
662 2843 697 2902 sit
716 2844 887 2902 immensus.
930 2841 1036 2900 Pruna
1055 2858 1123 2917 pars

65 2948 149 3016 patet
163 2957 201 2997 ex
215 2938 282 3010 hoc,
297 2940 377 3017 quod
391 2941 496 2999 melius
510 2951 555 2999 est
568 2959 634 3000 esse
649 2959 710 3000 rem
725 2941 932 3010 insensibilem,
947 2957 1037 3016 quam
1058 2957 1122 2997 esse

65 3056 131 3097 rem
146 3038 321 3098 sensibilem.
365 3038 446 3098 Sicut
465 3041 544 3097 enim
564 3041 672 3099 sanitas
691 3041 819 3099 hominis
834 3051 863 3099 et
877 3041 941 3115 ejus
959 3040 1017 3097 vita
1037 3056 1122 3097 exce·

66 3136 141 3194 dunt
155 3137 301 3195 sensibilia
320 3138 350 3195 in
365 3137 480 3209 eodem,
501 3140 542 3197 sic
561 3140 694 3198 armonia
712 3140 837 3216 partium
855 3138 957 3196 mundi
977 3148 1006 3196 et
1020 3138 1121 3196 mundi

67 3233 247 3311 principium
261 3235 408 3293 excedunt
423 3236 524 3293 omnia
539 3236 687 3294 sensibilia
700 3236 785 3312 hujus
800 3236 911 3295 mnndi.
953 3235 1035 3293 Deus
1051 3252 1121 3310 ergo

65 3332 118 3406 qui
139 3341 183 3389 est
205 3331 347 3408 quidquid
368 3332 471 3390 melius
492 3332 551 3391 est⁸
566 3351 630 3391 esse
652 3330 741 3409 quam
763 3351 823 3391 non
844 3351 917 3402 esse,
932 3342 976 3390 est
997 3333 1121 3390 omnino

65 3427 274 3501 insensibilis¹5
308 3440 336 3488 et
360 3448 414 3506 per
435 3430 513 3488 idem
534 3430 715 3491 indivisibilis
737 3449 797 3506 quo
823 3429 860 3487 ad
885 3429 1028 3498 molem¹⁰,
1054 3446 1122 3486 cum

67 3526 171 3587 melius
192 3527 228 3585 sit
246 3545 312 3586 esse
331 3529 487 3586 virtualiter
507 3528 675 3605 quidquid¹¹
690 3528 774 3586 fuerit
794 3528 832 3586 ad
851 3528 1121 3586 denominationem

66 3625 254 3703 perfectionis
274 3626 305 3682 in
327 3627 478 3701 supposito
501 3628 679 3702 requisitum,
702 3645 791 3704 quam
812 3626 919 3685 habere
940 3637 1038 3702 partes
1063 3625 1121 3684 dis-

66 3734 163 3784 tantes
177 3742 195 3782 a
209 3742 240 3782 se
255 3724 379 3782 invicem
400 3724 437 3781 ad
452 3725 496 3782 sui
515 3725 749 3800 magnitudinem
768 3725 928 3802 requisitas·
972 3725 1045 3784 ldeo
1059 3742 1121 3782 non

99 3958 295 4025 ¹adultimum]
308 3977 358 4010 om.
371 3961 403 4009 D.
503 3963 647 4028 ¹primum]
660 3967 734 4028 prius,
747 3965 779 4013 D.
796 3966 834 4014 ed.
847 3981 882 4029 pr.
982 3963 1056 4027 ¹cst]
1071 3979 1119 4011 orn.

64 4026 104 4076 ed.
117 4040 154 4090 pr.
204 4026 213 4054 ¹
229 4025 308 4090 quod]
320 4042 369 4076 orn.
383 4029 415 4075 A.
471 4027 481 4056 ¹
497 4029 655 4093 praedicatis]
667 4031 783 4095 peccatis,
794 4030 832 4079 ed.
845 4047 881 4095 pr.
940 4029 950 4058 ⁶
967 4029 1107 4093 praedicata

65 4091 226 4156 peccataed.
239 4107 275 4155 pr.
382 4093 586 4169 ¹praedicatum]
599 4095 786 4158 peccatumed.
799 4111 835 4159 pr.
946 4094 1107 4143 ¹meliusest

64 4165 102 4206 est
113 4156 209 4210 melius.
222 4158 253 4205 A.
299 4157 308 4185 ¹
325 4156 483 4221 insensibilis]
496 4158 625 4216 sensibilis,
636 4160 674 4210 ed.
688 4176 723 4225 pr.
771 4161 788 4190 ¹⁰
806 4159 909 4223 molem]
922 4160 1022 4213 mobile.
1033 4159 1071 4207 ed.
1083 4174 1120 4222 pr.

64 4223 82 4251 ¹¹
100 4221 231 4286 quidquid]
244 4237 317 4285 quam
327 4222 393 4286 quid,
402 4223 440 4271 ed.
453 4239 488 4286 pr.
499 4239 555 4273 cum
568 4224 596 4274 C.
1326 4076 1330 4277 ¹
