2864 5242
139 369 182 429 24
484 350 941 413 PROLEGOMENA.

138 516 273 592 rapine,
306 510 473 573 mvnere
505 515 656 583 aarum,
690 513 877 590 perimine!
913 509 1059 569 usundi
1092 506 1289 584 omupmdiis,

138 619 252 699 μετέω
277 632 308 679 et
333 620 495 680 die-imina
522 621 632 678 exarati
660 629 738 677 snut.
792 617 908 675 literae
934 615 1060 674 inuiater
1085 631 1192 672 omnes
1218 615 1290 671 sim·

137 724 716 804 plumnmutlrminiorubropictae„
757 721 1291 800 Cepimmiudioaebmifflfflss

137 828 1116 909 ddroesfflunmrqoeaddimetipsiminiomhrosuipd
1158 825 1290 884 Remiu

137 936 255 1015 reliquis
281 936 414 1013 Tr‘nugi
441 936 592 995 codialrm
619 935 697 994 haud
724 937 873 993 inventam
899 934 958 992 hoc
983 934 1016 991 in
1046 933 1121 990 hino
1146 931 1289 1004 videmus,

137 1041 585 1119 usskawionlnmfitum
613 1041 795 1118 ungulorum
828 1037 1290 1114 literisABAEaeliquisin

137 1145 1290 1226 mgiseadufipmuirrincrmidqoodplermnquenonsioejudicio

139 1255 246 1316 baum
271 1267 326 1316 est
367 1254 522 1315 Praeterea
548 1267 787 1332 argumentorum
814 1253 1039 1314 indicandormn
1060 1271 1150 1312 eausa
1172 1252 1290 1328 glossae

137 1362 314 1440 meinaim
334 1361 412 1439 apud
433 1363 538 1422 librum
555 1364 681 1439 primum
695 1373 725 1421 et
744 1362 907 1420 semmdum
925 1360 1158 1437 frequentissime
1174 1357 1290 1416 additae

138 1479 217 1538 mut,
237 1466 316 1545 apud
337 1467 442 1528 librum
462 1479 598 1544 quartum
621 1467 714 1525 multo
736 1468 860 1525 rariores
883 1467 1075 1524 inveniunmr.
1116 1465 1290 1541 Trialogum

137 1573 276 1652 sequitur,
290 1582 323 1632 ut
343 1590 431 1650 snpra
451 1573 560 1632 dictum
581 1587 634 1644 est,
648 1575 745 1651 primo
763 1573 1006 1650 Suppiementum
1026 1572 1168 1647 Trialogi,
1183 1570 1290 1629 deinde

138 1688 276 1739 uatwus
296 1679 417 1757 quidam
437 1679 552 1738 brevior
567 1679 605 1738 de
624 1680 796 1739 saltuatione
815 1679 965 1756 angelica;
985 1679 1054 1738 huic
1074 1678 1203 1754 denique
1224 1695 1290 1736 suc·

137 1784 215 1846 cedit
238 1785 326 1845 index
351 1785 595 1862 locupletissimus
618 1805 715 1846 rerum
739 1789 772 1845 in
795 1787 937 1863 Trialogo
960 1796 1154 1856 tractatarum,
1178 1803 1198 1843 a
1220 1783 1291 1844 lolio

139 1890 215 1969 ²0⁹²
234 1912 329 1973 utque
351 1893 390 1954 ad
414 1893 516 1954 lolium
539 1912 595 1970 227
619 1915 673 1973 per
693 1898 778 1956 binas
799 1896 960 1966 columnas,
983 1897 1038 1954 'ne
1060 1914 1114 1972 per
1137 1894 1293 1954 columnas

138 2011 176 2075 72
203 2017 319 2061 summa
343 2000 492 2076 diligentia
516 2001 676 2063 oonseems.
717 2003 767 2061 Ad
791 2002 903 2061 calcem
930 2002 1035 2060 indicis
1059 2019 1198 2060 numerus
1221 2002 1293 2060 anni

141 2122 218 2181 terp
242 2107 393 2179 inuenitur,
416 2109 466 2185 qui
491 2125 552 2166 non
575 2119 635 2167 tam
659 2107 766 2168 librarii
788 2126 878 2186 quam
901 2108 1017 2167 lectoris
1040 2117 1090 2166 aut
1112 2107 1293 2184 possessoris

136 2208 259 2287 elienjm
280 2220 405 2271 aetatem
426 2212 554 2272 indicare
576 2213 696 2272 videtur.

179 2314 282 2375 order
303 2315 350 2376 hie
370 2329 401 2376 ut
421 2336 482 2377 non
500 2336 561 2378 una
581 2337 671 2378 manu
692 2319 870 2396 perscriptus
890 2329 944 2392 est,
960 2321 999 2379 ita
1019 2321 1116 2377 minus
1137 2317 1293 2393 aequalem

137 2418 268 2497 Trialngi
294 2421 419 2482 formam
446 2423 570 2484 exhibet.
613 2423 810 2484 Posteriorum
834 2426 914 2484 enim
938 2424 1077 2483 librorum
1101 2433 1197 2482 textus
1222 2423 1294 2482 inde

137 2525 241 2586 alibri
266 2526 321 2586 111.
345 2529 471 2606 capitulo
494 2548 511 2604 3
535 2530 716 2589 emendatior
740 2542 869 2608 apparet,
891 2548 980 2606 quarn
1001 2530 1140 2589 librorum
1161 2529 1293 2604 priorum

136 2646 242 2697 textus.
292 2636 429 2696 Ceterum
458 2637 552 2696 codex
580 2636 615 2697 C.
643 2656 711 2696 curn
739 2636 774 2696 Β.
803 2638 960 2714 plurimum
988 2646 1141 2707 consonat,
1170 2646 1293 2712 uterque

137 2739 216 2801 haud
239 2758 304 2800 raro
329 2753 527 2802 correctorum
551 2759 609 2819 ope
634 2743 755 2802 easdem
780 2745 900 2820 praebet
923 2743 1072 2814 lectiones,
1097 2760 1171 2820 quas
1197 2741 1295 2802 codex

137 2846 174 2907 A.
190 2848 284 2925 prima
304 2864 394 2907 manu
416 2849 537 2925 scriptas
558 2848 684 2908 exhibet

180 2951 283 3014 Codex
309 2951 355 3025 Ι),
378 2952 449 3012 olim
473 2971 597 3014 numero
620 2957 689 3030 883,
711 2955 817 3016 deinde
843 2958 902 3031 388
926 2954 1039 3027 (Danti,
1061 2957 1127 3016 loco
1149 2957 1192 3031 1.),
1213 2976 1295 3018 nunc

141 3077 219 3136 39³2
243 3070 464 3130 neutrarum
489 3064 566 3132 1418
587 3071 730 3131 exaratus,
745 3061 815 3120 folio
837 3063 941 3121 minori
962 3062 1031 3122 lolia
1052 3081 1110 3123 210
1130 3066 1294 3136 continens,

139 3182 192 3243 per
216 3165 300 3225 binae
326 3165 478 3226 columnae
502 3166 644 3226 linearum
669 3169 790 3241 55—64
816 3166 980 3227 charactere
1005 3168 1089 3240 sacili,
1115 3187 1204 3247 quem
1229 3188 1296 3229 cur·

139 3272 231 3332 rivum
254 3270 409 3349 appellant,
424 3273 517 3349 probe
538 3274 669 3349 scriptus,
684 3273 781 3349 plures
795 3272 900 3332 Wiclifi
920 3284 1055 3334 tractatus
1075 3277 1295 3353 complectitur:

143 3377 366 3453 r.'1'riaiogurn,
391 3395 417 3437 a.
432 3375 593 3455 Dialogum
616 3397 643 3453 3.
660 3378 759 3455 plures
782 3397 933 3439 sermones
954 3379 1154 3452 dominicales,
1177 3401 1205 3454 4.
1220 3391 1295 3441 trac-

139 3492 232 3543 tatum
257 3481 293 3542 de
319 3501 369 3542 rex
393 3484 480 3561 jugis,
507 3498 534 3557 5.
556 3493 709 3544 tractatum
735 3485 772 3544 de
798 3485 987 3556 Eucharistia,
1013 3497 1163 3563 postremo
1188 3488 1295 3547 disser-

140 3590 279 3646 tationem
302 3586 428 3665 aliquam
451 3589 481 3647 in
502 3588 725 3649 Proverbiorum
748 3609 812 3668 cap.
828 3611 863 3667 31
882 3610 997 3651 versum
1022 3611 1059 3651 10
1079 3601 1109 3651 et
1130 3604 1295 3671 sequentes.

141 3689 258 3751 Praeter
280 3690 335 3750 hor
366 3702 502 3755 tractatur
530 3696 632 3771 procul
657 3697 746 3756 dubio
774 3696 934 3757 aWicliso
956 3699 1020 3775 ipso
1043 3700 1225 3776 compositos
1250 3701 1296 3758 in-

142 3808 208 3858 sunt
228 3795 366 3857 volumini
388 3796 463 3857 duae
485 3803 797 3862 commentatiunculae
817 3822 835 3862 a
854 3804 1000 3881 discipulis
1021 3805 1197 3880 quibusdam
1218 3806 1296 3882 ejus·

141 3903 207 3966 dem
240 3902 372 3983 Anglicis
405 3905 596 3983 conscriptae,
629 3925 752 3985 quarum
784 3911 878 3988 prior,-
907 3909 1065 3987 Dialogum
1097 3929 1232 3988 sequens,
1265 3913 1296 3971 in

142 4022 358 4089 persecutorem
385 4011 511 4089 aliquem
535 4013 681 4090 'piorum’
703 4016 720 4073 i.
732 4034 757 4074 e.
779 4014 982 4075 Lollardorum
1004 4016 1119 4089 invehit,
1141 4018 1298 4094 posterior,

145 4117 275 4177 tractatui
298 4117 334 4177 dc
360 4135 411 4178 rex
434 4118 511 4197 jugis
537 4119 705 4191 succedens
730 4121 766 4180 de
790 4122 853 4198 jure
878 4123 954 4199 regis
979 4123 1102 4200 Angliae
1127 4125 1157 4182 in
1185 4124 1296 4183 clerum

144 4221 210 4299 agit.
254 4219 324 4283 Post
346 4223 434 4284 linem
456 4224 572 4303 Dialogi
595 4236 680 4304 atque
703 4226 922 4288 declamationis
945 4230 1031 4288 istum
1053 4231 1201 4306 sequentis
1222 4231 1296 4291 haec
