2864 4836
142 479 233 526 cren.
504 456 842 518 TRIALOGUS.

140 617 277 679 stultitiae
291 619 321 676 in
335 619 441 696 quibus
456 619 558 678 iratres
572 618 744 690 balbutiunt,
759 620 925 680 redundant
939 622 1075 681 directius
1091 631 1193 681 contra

141 715 217 776 illos.
262 715 354 775 Tertio
372 715 474 776 iratres
495 717 566 777 false
580 727 714 792 arguunt,
734 716 815 794 quod
835 720 909 777 sicut
931 718 1059 778 dominis
1080 729 1194 794 tempo·

124 813 251 876 ¹mlibus
271 814 338 874 licet
359 815 438 874 bona
458 833 533 891 quae
554 814 707 874 habuerint
728 816 817 891 gratis
837 817 1009 887 concedere,
1031 818 1194 893 cuicunque

141 911 307 982 voluerint¹,
334 913 375 971 sic
399 922 428 970 et
452 913 523 989 ipsis
550 913 800 988 participationem
825 914 869 972 sui
892 909 1009 972 meriti'.
1058 913 1118 974 Sed
1140 915 1195 973 ista

142 1009 263 1070 simialis
284 1010 404 1069 stultitia
422 1010 554 1086 ponitur³
577 1010 725 1070 induxisse
747 1010 942 1087 Symoniacos
963 1012 994 1069 in
1014 1030 1194 1072 commerca-

140 1103 269 1167 tionem⁴
278 1108 425 1168 bonorum
439 1108 588 1179 ecclesiae,
600 1126 675 1185 quae
686 1119 825 1168 vocantur
835 1110 978 1168 beneficia
991 1110 1194 1181 ecclesiastica,

140 1204 210 1265 lioet
230 1207 288 1266 sint
307 1205 345 1266 de
366 1205 443 1264 lacto
464 1205 613 1266 maleficia.
656 1206 715 1266 Sed
736 1207 831 1266 adhuc
852 1206 941 1285 longe
962 1209 1000 1266 ab
1021 1209 1076 1266 ista
1097 1209 1195 1266 simili·

140 1302 252 1374 tudine,
267 1321 356 1381 quam
370 1302 470 1363 fratres
485 1304 646 1363 simialiter⁸
659 1304 855 1375 introducunt,
871 1323 938 1363 cum
958 1304 1103 1364 humanae
1117 1307 1194 1365 ordi·

140 1400 255 1461 nationi
269 1402 399 1478 subjacet
413 1401 505 1460 taliter
515 1401 552 1460 de
565 1401 669 1460 officiis
680 1402 818 1461 ecclesiae
833 1402 993 1479 providere,
1005 1403 1057 1461 sed
1072 1404 1194 1463 omnino

141 1499 237 1558 caret⁸
250 1499 362 1558 ratione
377 1498 577 1568 similitudinis,
589 1499 670 1575 quod
683 1498 784 1558 fratres
795 1500 836 1558 sic
850 1518 903 1558 sua
914 1501 1016 1558 merita
1027 1502 1194 1577 partiantur,

142 1613 212 1656 cum
237 1596 307 1655 nihil
330 1605 427 1673 potest
451 1596 558 1654 habere
582 1597 726 1655 rationem
753 1597 847 1656 meriti
872 1598 927 1656 nisi
955 1616 992 1657 ex
1018 1597 1074 1657 Dei
1102 1601 1195 1676 gratia

141 1693 272 1770 speciali,
313 1692 386 1753 Ideo
400 1693 482 1770 quod
495 1692 597 1752 iratres
616 1694 835 1753 communicent
854 1704 970 1753 naturas
990 1714 1109 1754 suorum
1123 1715 1195 1774 ope·

142 1808 217 1865 rum,
232 1810 305 1870 quas
319 1802 423 1851 vocant
437 1791 548 1862 merita,
559 1801 604 1850 est
618 1791 762 1851 derisibile
777 1792 886 1851 auditui
900 1793 952 1850 viri
964 1793 1049 1869 justi3
1072 1804 1101 1852 et
1115 1795 1195 1870 quod

141 1890 316 1968 participent
336 1891 479 1949 rationem
493 1889 654 1949 secundum
675 1907 764 1965 quarn
785 1891 912 1967 gratiose
932 1901 999 1949 sunt
1019 1891 1129 1961 merita,
1144 1910 1194 1951 ex·

143 1988 221 2048 cedit
237 1985 408 2047 omnimode
428 1988 587 2065 potentiam
607 1997 764 2058 creaturae,
779 2006 846 2046 curn
866 1989 1028 2048 secundum
1046 1991 1195 2049 veritatem

143 2085 292 2146 orationes
322 2086 433 2163 jejunia
464 2084 695 2162 praedicationes
727 2094 756 2143 et
784 2103 835 2144 sex
863 2103 963 2162 opera,
991 2104 1067 2162 quae
1094 2087 1195 2146 iratres

141 2186 336 2245 communiter
359 2184 525 2261 exprimunt
549 2184 579 2242 in
603 2184 662 2243 suis
676 2184 771 2256 literis,
793 2195 996 2261 pertranseunt
1020 2195 1194 2262 potestatem

140 2301 253 2353 eorum,
268 2292 300 2341 ut
313 2290 428 2341 servent
446 2299 481 2340 ea
495 2290 524 2339 et
542 2282 760 2340 communicent
773 2283 878 2357 quibus
893 2282 1002 2354 volunt,
1017 2294 1046 2343 et
1060 2285 1194 2342 meritum

140 2398 180 2440 ex
202 2380 339 2457 operibus
359 2379 420 2439 istis
441 2396 595 2437 remanens
616 2377 773 2437 formaliter
793 2379 970 2439 intellectum
992 2399 1053 2439 non
1074 2391 1119 2440 est
1140 2383 1194 2440 nisi

140 2477 294 2538 hominem
321 2478 363 2537 sic
391 2477 509 2546 mereri;
546 2485 574 2535 et
598 2476 640 2534 sic
663 2477 862 2552 unusquisque
886 2476 1019 2536 haberet⁷
1044 2480 1195 2555 proprium

139 2577 276 2636 meritum
290 2576 349 2635 sive
366 2574 546 2634 demeritum.
589 2573 694 2631 Merita
712 2573 826 2632 tamen⁸
840 2575 1017 2651 quandoque
1030 2576 1196 2636 redundant

141 2674 173 2734 in
188 2674 337 2733 utilitatem
352 2673 467 2732 alterius
482 2672 695 2740 commerentis,
711 2671 763 2730 sed
777 2681 847 2731 tunc
862 2672 970 2731 faciunt
984 2692 1094 2733 novum
1108 2675 1194 2733 meri·

140 2782 206 2832 tum
229 2770 392 2832 secundum
415 2771 537 2847 gratiam
562 2765 784 2845 acceptationis⁰
808 2769 930 2831 divinae.
985 2770 1015 2830 Si
1039 2791 1110 2849 ergo
1133 2790 1194 2831 non

138 2869 207 2930 licet
227 2869 340 2930 homini
363 2877 543 2928 commutare
565 2867 684 2943 aliquod
704 2868 863 2943 temporale
885 2869 939 2927 nisi
961 2869 1058 2928 habita
1080 2870 1195 2929 licentia

142 2967 255 3028 domini
276 2967 414 3045 capitalis,
436 2965 528 3024 multo
549 2965 644 3040 magis
665 2982 726 3024 non
747 2965 813 3023 licet
833 2965 967 3025 iratribus
988 2968 1195 3027 commutare¹⁰

141 3083 197 3126 sua
209 3067 311 3125 merita
324 3065 379 3124 nisi
393 3063 492 3123 habita
505 3061 623 3138 speciali
637 3062 752 3122 lieentia
763 3061 883 3121 Domini
897 3063 1092 3124 dominorum,
1135 3065 1193 3124 Sed

140 3171 253 3223 certum
274 3172 319 3222 est
339 3162 420 3238 quod
440 3160 522 3219 Deus
543 3177 693 3235 nunquam
714 3159 839 3217 licentiat
860 3161 915 3218 nisi
935 3159 1033 3218 habita
1054 3162 1193 3238 dignitate

141 3260 289 3331 merentis,
304 3261 341 3320 ad
356 3260 438 3337 quod
456 3259 637 3319 cumulantes
653 3256 824 3333 temporalia
842 3257 975 3316 iratribus
989 3257 1099 3318 iaciunt
1113 3278 1193 3320 com-

140 3358 267 3418 muniter
290 3376 322 3418 se
346 3357 492 3433 indignos,
517 3374 584 3414 cum
608 3354 743 3413 inimicos
768 3352 874 3412 Christi
899 3372 986 3430 saepe
1011 3358 1139 3415 nutriunt
1163 3368 1193 3417 et

141 3456 309 3517 defendunt
352 3454 382 3514 Si
401 3454 511 3530 igitur¹¹
532 3452 602 3511 nihil
621 3462 734 3529 praeter
748 3451 845 3509 Deum
865 3461 960 3527 potest
979 3452 1048 3511 dare
1066 3454 1192 3526 virtutes,

140 3571 196 3614 nec
217 3555 296 3613 abuti
316 3553 370 3612 illis
385 3550 632 3612 communicando
653 3548 733 3607 aliter
753 3567 841 3625 quam
863 3549 979 3625 requirit
997 3552 1071 3610 ratio
1092 3570 1110 3610 a
1130 3555 1192 3629 pari

94 3756 96 3759 ’
175 3759 337 3822 ¹cuicunque
347 3756 480 3821 voluerint]
493 3771 543 3805 om.
555 3755 588 3804 D.
600 3755 638 3804 ed.
650 3770 688 3819 pr.
819 3755 1191 3822 'sic-meritiJsiclicetipsis

139 3824 288 3876 habentibus
300 3838 372 3900 super
386 3823 480 3871 meritis
494 3821 545 3871 suis
559 3835 636 3915 aequ'e
647 3836 732 3897 venun
746 3820 890 3876 dominium,
901 3822 979 3886 gratis
993 3823 1127 3917 oouqedere
1138 3824 1188 3873 cui·

140 3887 574 4019 ulttffihtthdrsllfn
604 3885 1190 4026 ,mlitlrhtlfitnmmlln

140 4020 229 4085 odpr.
338 4016 501 4080 ⁶simialiter]
514 4015 632 4070 similiter,
644 4016 688 4071 C.;
706 4031 777 4064 asuo
790 4015 871 4071 simili,
883 4016 921 4065 ed.
933 4032 970 4081 pr.
1084 4017 1189 4083 ἐπεὶ]

139 4083 347 4141 sureret.A.B.C.
455 4081 593 4145 'haberet]
606 4080 841 4134 habet.A.B.C.ed.
854 4096 891 4144 pr.
1002 4081 1190 4147 'tameu]nisi,

137 4149 177 4200 od
190 4166 228 4215 pr.
292 4147 505 4223 'acceptationisl
517 4145 675 4211 acceptionis,
687 4145 716 4195 C.
728 4145 821 4210 primae
832 4161 926 4203 manus,
937 4145 974 4195 ed.
987 4161 1024 4210 pr.
1089 4148 1108 4176 ¹⁰
1125 4163 1190 4198 oom-

140 4213 248 4279 mutare]
260 4228 447 4268 commumoare,
460 4211 553 4263 A.B.C.
564 4212 603 4261 ed.
614 4226 652 4275 pr.
751 4210 768 4240 ¹¹
786 4209 872 4274 igitur]
884 4225 951 4274 ergo,
963 4212 1026 4261 ΑΩ.

627 4312 710 4353 ΔΗ
