2864 4836
140 438 236 490 cam
494 421 846 486 YRIALOGUS.

141 581 288 643 humiliter
308 585 463 661 patiuntur.
505 584 550 644 Illi
571 594 668 643 autem
688 585 738 661 qui
761 581 966 652 contendunt¹,
987 582 1037 660 qni
1059 591 1193 659 pugnant

140 681 189 740 vel
210 682 424 759 subterfugiunt
444 682 521 742 hanc
541 683 718 760 patientiam,
740 682 900 741 vecorditer
925 681 975 739 fini
999 681 1138 754 ambiguo
1160 698 1192 738 se

142 792 305 858 exponunt.
345 781 384 840 Et
398 783 440 841 sic
458 781 634 858 exemplum,
649 781 722 840 ratio
736 790 765 839 et
784 781 922 840 autoritas
942 779 1102 838 animarent
1122 777 1192 836 fide-

141 878 202 940 lem
216 879 255 939 ad
268 898 301 939 se
314 880 524 956 exponendum
537 880 682 952 martiri03
704 878 756 938 sed
771 879 905 938 diabolus
924 887 1036 936 tanturn
1055 888 1193 937 excaecat

140 975 278 1036 homines
298 996 398 1037 amore
419 979 514 1037 carnis
535 988 563 1037 et
584 978 682 1048 seculi,
696 977 777 1054 quod
791 977 837 1035 vix
858 994 950 1034 unum
970 977 1100 1035 invenies
1121 976 1193 1051 quin

141 1075 353 1153 praevaricetur
367 1076 397 1134 in
412 1077 538 1152 primum
557 1074 728 1134 mandatum
747 1073 888 1150 decalogi.
931 1073 1032 1132 Sciunt
1046 1074 1125 1132 enim
1138 1090 1193 1148 pro

141 1171 199 1230 levi
212 1173 293 1231 bono
307 1171 440 1230 fortunae
454 1171 499 1230 vel
514 1171 634 1230 seculari
649 1171 780 1230 dominio
795 1188 878 1230 suam
892 1171 1028 1248 injuriam
1038 1171 1192 1240 vindicare,

140 1268 197 1330 sed
210 1287 264 1345 pro
277 1270 451 1330 vindicanda
464 1268 521 1329 Dei
538 1269 642 1347 injuria
661 1280 728 1328 sunt
741 1269 888 1338 vecordes,
905 1287 972 1327 curn
992 1268 1094 1327 nimis²
1108 1269 1193 1345 pauci

140 1366 252 1427 sudent
276 1366 333 1426 Dei
356 1367 500 1444 injuriam,
524 1366 687 1428 secundum
710 1367 806 1443 legem
830 1367 1011 1442 scripturae³,
1036 1367 1193 1426 antichristi

138 1464 291 1541 discipulis
316 1482 453 1525 reserare.
495 1464 657 1538 Quomodo
681 1482 753 1541 ergo
777 1465 849 1523 tales
873 1463 1031 1523 vindictam
1056 1474 1193 1541 caperent

139 1579 198 1642 pro
218 1562 274 1623 Dei
295 1564 399 1641 injuria
418 1563 463 1622 vel
486 1582 540 1641 pro
562 1562 732 1622 defensione
754 1563 880 1640 justitiae
900 1565 1085 1639 paterentur?
1120 1562 1193 1622 Ideo

138 1678 213 1722 cum
225 1679 331 1721 omnes
344 1663 455 1721 viantes
469 1661 577 1721 debent
590 1679 654 1720 esse
670 1660 775 1720 Christi
790 1660 902 1731 milites,
913 1670 1001 1738 patet,
1016 1679 1105 1737 quam
1119 1661 1192 1720 mul-

140 1770 191 1821 tos
204 1777 306 1820 eorum
319 1760 456 1820 vecordia
469 1759 701 1829 condemnabit⁴,
716 1775 784 1816 cum
799 1758 885 1816 timor
899 1758 1063 1817 amissionis
1078 1768 1192 1835 tempo·
1302 1773 1304 1775 ’

139 1856 254 1927 talium,
265 1858 407 1917 amicitiae
422 1858 597 1928 mundanae,
609 1867 638 1915 et
652 1857 737 1914 timor
752 1854 861 1931 fragilis
875 1856 945 1914 boni
960 1856 1091 1931 corporis
1106 1856 1192 1915 nimis

140 1955 251 2016 multos
268 1954 377 2015 faciunt
395 1955 536 2026 infideles,
551 1955 596 2014 vel
615 1953 796 2030 detegendo⁵
811 1971 930 2012 cansam
951 1953 1007 2012 Dei
1021 1953 1066 2012 vel
1087 1953 1192 2013 stando

139 2070 197 2130 pro
215 2054 271 2113 ista
283 2053 405 2122 viriliter,
419 2053 465 2112 vel
481 2063 615 2124 mortem,
630 2054 654 2112 si
669 2062 811 2129 oporteat,
826 2051 972 2129 patiendo.
1014 2050 1102 2110 Unde
1121 2052 1191 2111 luci-

139 2150 235 2211 ferina
254 2162 299 2210 est
318 2152 474 2222 excusati0,
490 2169 549 2228 qua
568 2151 737 2228 hypocritae
758 2149 891 2208 moderni
912 2150 1020 2220 dicunt,
1035 2150 1116 2226 qnod
1130 2168 1191 2208 non
1225 2217 1259 2241 m
1296 2175 1334 2241 332

139 2259 259 2327 oportet
278 2248 375 2319 hodie,
397 2249 470 2308 sicut
489 2250 521 2306 in
542 2249 685 2324 primitiva
705 2248 834 2319 ecclesia,
853 2247 912 2324 pati
933 2249 1101 2319 martirium,
1122 2249 1191 2325 quia
1224 2254 1287 2324 {32⁸⁸
1309 2249 1362 2282 ‘1⁵⁵⁰

139 2365 223 2414 nunc
236 2364 341 2407 omnes
353 2347 399 2405 vel
413 2347 507 2423 major
521 2365 588 2423 pars
608 2347 822 2405 conviventium
840 2357 907 2405 sunt
924 2346 1032 2417 fideles,
1047 2347 1115 2406 ideo
1129 2365 1190 2405 non

139 2455 273 2522 superest
293 2454 440 2520 tyrannus,
461 2445 511 2521 qui
532 2455 723 2520 prosequatur
743 2455 846 2503 contra
866 2443 1015 2504 Christum
1039 2462 1131 2521 usque
1152 2445 1190 2505 ad

139 2552 268 2603 mortem
291 2542 424 2601 membra
447 2544 528 2621 ejus;
559 2552 589 2601 et
614 2542 686 2601 haec
708 2543 790 2613 ratio,
814 2560 904 2618 quare
928 2542 1016 2601 hodie
1040 2560 1102 2601 non
1123 2554 1191 2602 sunt

139 2640 274 2700 martires
285 2641 357 2700 sicut
367 2640 446 2699 olim.
489 2637 548 2699 Sed
563 2650 674 2699 certum
688 2640 832 2718 estquod
847 2659 865 2699 a
878 2640 995 2700 diabolo
1009 2641 1190 2700 adinvenitur

140 2737 215 2798 haec
228 2739 379 2798 excusatio
393 2739 423 2797 in
442 2749 573 2815 peccato,
588 2756 656 2798 cnm
675 2738 782 2798 fidelis⁰
799 2738 904 2798 stando
923 2757 977 2816 pro
996 2738 1061 2815 lege
1076 2738 1191 2812 Christi,

139 2838 216 2897 sicut
239 2837 303 2914 ejus
326 2836 433 2905 miles⁷,
454 2837 555 2895 omnia
579 2855 597 2896 a
618 2839 741 2914 satrapis
762 2837 928 2914 pateretur⁸,
949 2848 982 2897 ut
1002 2838 1079 2898 dicat
1099 2838 1191 2897 homo

139 2952 236 3012 papae
249 2944 280 2994 et
292 2935 494 3006 cardinalibus,
505 2936 652 3012 episcopis
666 2945 694 2995 et
708 2936 841 3013 praelatis
854 2937 916 2997 aliis
930 2946 1106 3010 constanter,
1117 2955 1191 3013 quo<

141 3033 235 3093 modo
249 3051 286 3092 ex
300 3032 357 3091 fide
372 3032 512 3109 evangelii
527 3033 632 3111 injuste
646 3034 809 3093 ministrant
823 3034 890 3093 Deo
910 3037 940 3094 in
959 3035 1018 3094 suis
1037 3035 1146 3106 officiis,
1161 3045 1191 3095 et

139 3131 249 3192 iaciunt
263 3130 455 3208 periculosam
473 3131 608 3208 injuriam
627 3133 687 3190 suis
705 3132 858 3211 subjectis;
887 3143 916 3194 et
934 3133 1030 3193 statim
1050 3132 1086 3191 de
1103 3134 1190 3191 inter-

139 3229 284 3290 emtione⁹
298 3247 352 3288 sua
364 3229 409 3287 vel
423 3247 483 3288 uno
498 3230 589 3288 modo
603 3229 647 3287 vel
662 3230 718 3289 aiio
732 3231 933 3307 providebunt.
974 3230 1013 3289 Et
1032 3229 1191 3290 conformis

139 3337 185 3389 est
199 3328 272 3386 ratio
293 3327 332 3386 de
352 3327 478 3387 dominis
498 3327 706 3403 temporalibus
727 3339 756 3388 et
776 3329 847 3398 aliis,
862 3328 915 3388 sed
935 3346 997 3386 non
1018 3338 1105 3398 tanta,
1122 3330 1191 3405 quia

139 3424 357 3485 ‘abhominatio
369 3424 592 3485 desolationis¹⁰'
605 3426 705 3502 incipit
719 3444 737 3484 a
751 3426 828 3484 clero
844 3443 988 3501 perverso,
1000 3426 1073 3487 sicut
1084 3444 1102 3486 a
1112 3426 1191 3504 clero

139 3540 285 3590 converso
296 3522 459 3582 consolatio
470 3521 522 3582 fuit
532 3532 605 3583 orta.
641 3523 680 3582 Et
691 3524 732 3582 sic
744 3541 805 3582 non
819 3534 934 3600 oportet
944 3542 999 3583 nos
1010 3523 1191 3584 Christianos

139 3624 255 3683 visitare
270 3640 403 3699 paganos
417 3641 472 3700 pro
490 3621 561 3698 ipsis
578 3621 781 3682 convertendis
795 3622 864 3681 vel¹¹
880 3623 1009 3682 martirio
1028 3623 1190 3690 subeundo,

173 3821 619 3888 ¹conteudunt]conceduut,edpr.
718 3820 978 3885 ’nimis]minus,sd.
989 3836 1027 3896 pr.
1130 3819 1191 3870 ¹se-

100 3909 103 3919 ·
139 3888 248 3939 cnndtun
264 3887 345 3952 legem
362 3886 507 3952 scripturae]
525 3886 659 3937 secundnm
677 3885 757 3941 fidem.
775 3886 836 3935 alins
853 3887 932 3949 legem
949 3885 1140 3950 scnpturae.ed.
1172 3903 1190 3934 r.

139 3954 149 3984 ⁴
165 3951 352 4016 condemnabit]
364 3953 544 4010 condemnavit,
555 3953 593 4002 ed.
605 3968 642 4017 pr.
750 3952 760 3981 ⁵
776 3952 815 4001 vel
827 3951 979 4044 detegendo]
990 3901 1190 4064 ”tf‘m‘K‘lXQ

140 4021 188 4076 Aa
205 4025 233 4068 ut
245 4018 361 4082 tegendo,
373 4017 433 4069 B.C.
538 4019 549 4048 ⁸
565 4017 656 4082 fidelis]
668 4016 760 4073 fideles,
769 4017 808 4066 ed.
819 4032 856 4081 pr.
996 4031 1030 4064 mr
1040 4015 1078 4078 es]
1090 4015 1187 4073 mrhtes,

139 4084 235 4135 A.B.C.
319 4084 329 4113 ¹
345 4082 482 4148 pateretur]
492 4091 641 4147 paterentur,
653 4084 685 4132 A.
772 4083 781 4111 ⁸
798 4081 981 4146 intererntione]
993 4081 1092 4145 proprie
1104 4081 1190 4129 ‘inter-

137 4148 292 4215 emptioue3’
310 4148 474 4205 internitione,
486 4149 525 4199 ed.
536 4165 573 4213 pr.
680 4149 698 4179 ¹⁰
714 4147 745 4197 ci.
758 4146 848 4196 Matth.
860 4147 923 4195 xxiv.
938 4159 975 4208 ¹5-
1096 4147 1113 4177 ¹¹
1130 4147 1201 4211 ipsis-

137 4214 313 4266 conveiteudis
325 4214 377 4280 vel]
389 4215 449 4280 ipsis
460 4213 626 4266 convertendo
638 4214 685 4272 vel,
695 4214 742 4271 Aa
760 4213 814 4262 istis
823 4212 992 4262 convertendis
1003 4226 1068 4270 cum,
1078 4212 1117 4262 ed.
1128 4229 1165 4277 pr.
