2864 4836
486 342 942 405 PROLEGOMENA.
1251 361 1287 405 11

137 505 276 582 suspicati
290 513 367 575 sunt,
382 504 524 581 majorem
538 505 721 565 obscuritatis
734 523 769 564 ac
783 504 955 565 difficultatis
968 513 1081 581 partem
1103 517 1165 566 non
1179 507 1291 566 auctori

136 612 193 688 ipsi
207 611 260 670 sed
273 611 393 671 librariis
413 622 461 671 aut
480 612 639 672 editoribus
657 611 841 671 tribuendam
855 629 928 671 esse.
971 610 1119 671 Robertus
1141 611 1288 689 Vangion,

139 716 178 776 de
205 717 262 774 vita
289 725 318 775 et
345 715 478 775 doctrina
501 715 606 775 Wiclifi
634 714 801 774 illustranda
828 715 974 793 praeclare
1002 717 1128 786 meritus,
1156 717 1290 795 conjecit,

138 822 298 882 multorum
318 840 448 882 errorum
469 830 500 880 tn
520 832 601 882 textu
619 820 750 898 Trialogi
771 825 971 882 occurentium
993 822 1109 900 culpam
1130 834 1178 883 aut
1199 842 1291 901 penes

139 928 276 989 codicum
297 927 453 1005 scriptores
474 937 523 986 aut
543 944 635 1004 penes
651 927 851 1005 typographos
872 927 960 988 fuisse
980 928 1062 1006 (Life
1078 929 1139 987 ond
1158 928 1292 1004 opsono

138 1030 263 1111 osJohn
284 1033 315 1091 de
339 1031 468 1110 Wycltffl,
484 1033 544 1092 and
558 1033 604 1093 ed.
621 1035 709 1107 1831,
723 1031 763 1092 11.
782 1036 863 1108 176).
904 1033 1151 1094 Lnoaldriasvero
1165 1037 1195 1094 in
1210 1053 1291 1094 com·

139 1142 319 1200 mentatione
352 1159 440 1217 supra
471 1139 587 1200 laudata
618 1139 697 1217 apud
730 1141 887 1201 nonnullos
918 1142 1002 1202 locos
1034 1143 1194 1219 periculum
1222 1142 1291 1202 tecit

140 1247 310 1323 conjectura
336 1246 519 1324 assequendi,
544 1244 614 1324 quid
641 1255 743 1306 auctor
770 1247 833 1324 ipse
862 1248 1011 1323 scripsisse
1034 1248 1181 1325 putandus
1205 1259 1290 1309 esset.

140 1356 271 1434 Uterque
283 1358 413 1433 scriptor,
429 1357 482 1416 etsi
493 1364 593 1415 neuter
604 1373 707 1415 eorum
718 1355 807 1415 libros
821 1374 911 1416 manu
924 1367 1060 1417 exaratos
1073 1357 1199 1427 vidisset,
1211 1356 1290 1417 haud

139 1464 282 1522 aberravit
309 1482 328 1522 a
354 1481 432 1523 vero.
484 1461 576 1534 Quod
603 1463 642 1521 ita
669 1480 702 1522 se
729 1461 836 1522 habere
865 1463 1066 1540 intelligemus,
1095 1464 1119 1523 si
1148 1463 1291 1524 editiones

140 1569 273 1648 Trialogi
286 1571 407 1648 propius
420 1570 640 1648 inspexerimus.

701 1808 755 1883 ΙΙ.

468 1961 529 2034 De
552 1961 591 2033 T
585 1959 725 2058 rooboga'
738 1959 965 2034 editionibus.

183 2119 269 2179 Duae
282 2130 382 2180 extant
395 2119 526 2196 Trialogi
541 2120 692 2180 editiones.
734 2118 832 2179 Editio
838 2120 979 2197 prrirceps,
994 2136 1073 2180 anno
1090 2134 1167 2196 1525
1183 2121 1290 2197 publici

137 2227 212 2305 juris
223 2225 299 2287 facta
309 2238 337 2286 et
352 2237 390 2299 4⁸
399 2226 494 2286 forma
507 2237 633 2299 exarata,
644 2227 695 2286 ubi
705 2226 838 2287 locorum
851 2226 998 2304 prodierit,
1008 2228 1141 2304 ignotum
1156 2239 1208 2300 est,
1223 2247 1290 2287 curn
1393 2260 1397 2266 ι

142 2350 239 2420 neque
253 2335 283 2392 in
306 2332 389 2392 titulo
411 2351 506 2433 neque
524 2335 556 2393 in
574 2332 632 2392 line
647 2332 801 2393 voluminis
815 2332 990 2411 typographi
1010 2343 1061 2392 aut
1080 2335 1159 2394 urbis
1180 2351 1290 2394 nomen

141 2439 301 2499 indicatum
323 2440 367 2498 sit.
408 2437 540 2499 Basileae
561 2439 667 2498 libmm
687 2456 828 2499 excusum
851 2457 915 2499 esse
936 2439 1033 2515 plures
1053 2440 1103 2498 viri
1126 2439 1205 2499 docti
1227 2441 1290 2516 opi·

141 2557 256 2605 nantur.
299 2545 358 2605 Sed
379 2544 526 2623 Joannem
553 2544 716 2622 Oporrirum,
742 2545 947 2618 Basileensem,
972 2545 1167 2605 redemtorem
1194 2546 1290 2618 fuisse,

143 2650 217 2712 falso
245 2652 377 2712 nonnulli
404 2653 598 2730 conjecentnt.
641 2652 732 2712 Hunc
759 2654 847 2723 enim,
873 2670 952 2712 anno
981 2665 1056 2726 1507
1087 2661 1196 2722 natum,
1221 2671 1290 2711 cum

143 2760 291 2820 decimum
305 2770 441 2819 octavum
455 2767 553 2836 ageret
567 2776 686 2830 annum,
697 2761 744 2820 vir
759 2759 894 2820 credibile
909 2768 953 2818 est
966 2760 1096 2835 potuisse
1107 2770 1138 2818 ut
1149 2766 1156 2790 ‘
1166 2759 1290 2819 solertis·

143 2867 250 2926 simum
268 2864 491 2943 typographum'
511 2865 644 2926 laudibus
662 2865 766 2937 efferri,
782 2865 812 2925 id
831 2864 913 2942 quod
931 2867 960 2923 in
975 2865 1101 2942 prologo
1115 2864 1223 2924 lactum
1238 2874 1290 2924 est

143 2971 240 3031 Multo
264 2974 359 3048 magis
385 2971 532 3050 Joannem
555 2971 724 3030 Frobem'um
752 2972 840 3031 iuisse
868 2970 1084 3049 typographum
1110 2971 1191 3030 illurn
1219 2989 1290 3030 con·

140 3077 306 3154 jecerimus,
322 3079 429 3155 quippe
441 3079 490 3154 qui
500 3076 575 3137 etde
585 3087 715 3138 veterum
730 3077 910 3138 Graecorum
925 3088 954 3137 et
967 3077 1004 3136 de
1019 3076 1137 3136 Patnrm
1151 3076 1290 3136 ecelesiae

142 3194 173 3244 et
200 3185 237 3244 de
265 3184 380 3244 Erasmi
406 3186 543 3261 operibus
570 3184 691 3244 edendis
719 3186 876 3262 plurimum
903 3186 1047 3255 meruerit,
1075 3184 1194 3243 Lutberi
1221 3202 1290 3244 vero

142 3291 309 3352 tractatibus
320 3290 541 3351 disseminandis
552 3308 673 3367 operam
683 3290 802 3351 dederit.
837 3290 977 3365 Quicum
987 3308 1066 3352 anno
1079 3303 1154 3364 1527
1166 3299 1291 3349 mortem

144 3400 255 3470 obierit,
284 3398 354 3458 nihil
381 3400 474 3471 obest,
502 3401 574 3477 quin
601 3417 681 3460 anno
712 3413 789 3475 1525
814 3400 987 3477 Trialogum
1014 3397 1161 3458 edendum
1190 3415 1290 3458 curare

143 3507 277 3584 potuerit.

186 3613 359 3690 Trialogum
379 3613 426 3672 die
448 3612 573 3690 septimo
594 3612 703 3672 mensis
717 3610 815 3670 Martii
836 3610 905 3670 anni
924 3608 1074 3670 aChristo
1094 3619 1165 3669 nato
1179 3625 1289 3668 unxxv

143 3720 317 3779 ‘excusum'
338 3720 355 3779 i.
367 3738 392 3779 e.
421 3718 587 3779 confectum
614 3736 688 3789 esse,
709 3718 740 3776 in
762 3729 911 3795 postrema
937 3717 1091 3778 voluminis
1113 3719 1222 3794 pagina
1245 3718 1289 3776 in·

145 3827 273 3886 dicatum
294 3836 346 3886 est.
388 3825 485 3903 Hujus
506 3826 641 3885 editionis
662 3825 797 3902 exempla
818 3835 919 3885 nostra
942 3836 1036 3885 aetate
1057 3826 1203 3884 rarissima
1224 3843 1288 3885 esse

144 3932 213 3992 viris
230 3932 457 4011 bibliographiae
478 3934 577 4010 peritis
599 3942 721 3993 constat.
764 3933 892 3992 Fuerunt
911 3934 990 3992 enim
1010 3932 1154 4008 prioribus
1175 3932 1289 4003 seculis,

144 4039 195 4117 qui
219 4038 293 4100 libro
318 4040 528 4117 supprimendo
556 4057 591 4100 ae
616 4039 748 4100 tollendo
775 4039 945 4099 industriam
970 4047 1117 4097 navarent
1159 4037 1229 4110 Qua
1253 4038 1290 4099 de

144 4164 235 4207 causa
257 4146 449 4206 bibliothecae
473 4145 630 4206 nonnullae
655 4147 800 4206 variorum
822 4156 852 4205 et
874 4146 1015 4205 rariomm
1039 4145 1177 4206 librorum
1206 4146 1292 4223 copia

144 4252 330 4314 abundantes
351 4253 405 4312 hac
427 4252 559 4329 Trialogi
580 4253 707 4313 editione
727 4262 835 4320 carent.
