2864 4836
135 467 221 503 cnm
506 439 848 504 TRIALOGUS.

138 606 224 682 quod
251 624 288 664 ex
316 605 496 665 institutione
525 603 684 663 antichristi
711 603 861 680 pendeant
885 584 1084 661 venerabiliter
1109 616 1197 674 supra

141 703 234 763 altare
261 704 369 763 multae
393 703 506 763 hostiae
530 712 727 771 consecratae,
752 711 780 761 et
804 711 904 760 tamen
932 699 1032 758 fideles
1055 708 1198 773 cogantur

141 802 319 873 concedere,
334 801 415 878 quod
429 801 574 878 quaelibet
588 799 652 859 talis
666 798 769 870 hostia,
784 817 874 875 quam
893 816 949 856 nos
969 798 1114 856 credimus
1130 813 1197 854 esse

143 918 255 978 panem
281 911 310 959 et
337 918 444 975 corpus
468 898 584 966 Christi,
613 898 649 957 sit
677 897 774 973 pejus¹
800 896 967 972 simpliciter
991 913 1081 972 quarn
1110 894 1195 971 panis

143 999 271 1075 equinus
291 998 336 1057 vel
354 1014 463 1073 corpus
481 995 599 1072 aliquod
618 994 827 1072 quantumlibet
848 1012 1038 1062 venenosum,
1053 1011 1121 1051 curn
1136 1010 1198 1051 cer·

143 1107 210 1156 tum
225 1097 268 1167 sit,
283 1095 363 1172 quod
380 1113 470 1153 omne
489 1094 545 1153 tale
565 1094 701 1152 accidens
720 1110 902 1168 corporeum,
918 1093 977 1151 sive
997 1092 1033 1150 sit
1052 1090 1198 1167 quantitas

144 1194 209 1254 sive
226 1193 349 1269 qualitas
370 1193 429 1252 sive
449 1202 640 1269 aggregatum
661 1190 715 1249 err²
735 1191 831 1249 multis
853 1190 1060 1259 accidentibus,
1079 1190 1115 1247 sit
1136 1189 1200 1246 infi-

145 1292 242 1350 uitum
266 1289 463 1367 imperfectius
482 1308 572 1366 quam
597 1306 703 1364 corpus
725 1288 843 1364 aliquod
868 1287 1098 1363 assignandum?
1135 1285 1199 1345 Nec

145 1388 269 1466 prodest
283 1387 416 1446 fratribus
431 1387 605 1464 negantibus
622 1387 707 1446 istam
726 1386 851 1445 hostiam
870 1386 997 1454 adorari,
1013 1384 1065 1444 sed
1080 1394 1199 1460 propter

145 1487 343 1546 assistentiam
357 1486 489 1561 corporis
503 1484 624 1543 Domini
638 1485 774 1554 venerare,
789 1484 858 1561 quia
877 1493 988 1542 certum
1007 1493 1059 1552 est,
1074 1480 1155 1559 quod
1169 1482 1200 1539 in

148 1583 280 1660 qualibet
293 1594 422 1642 creatura
436 1593 480 1642 est
494 1582 623 1640 Trinitas
637 1582 772 1652 increata,
784 1593 814 1639 et
827 1581 874 1640 illa
888 1590 932 1640 est
946 1580 1033 1655 longe
1048 1579 1201 1656 perfectior

147 1699 240 1759 quam
267 1691 311 1740 est
344 1680 473 1757 corpus³.
530 1680 604 1739 Ideo
630 1689 746 1755 oportet
773 1678 828 1737 hos
856 1679 957 1736 iratres
985 1678 1090 1747 dicere,
1119 1677 1201 1754 quod

147 1779 276 1857 populus
299 1778 426 1838 adorans
450 1777 527 1837 hanc
547 1776 673 1836 hostiam
694 1788 724 1835 ut
746 1794 853 1852 corpus
873 1776 995 1834 Domini
1018 1777 1054 1833 sit
1077 1774 1200 1833 idolatra

148 1877 186 1936 de
200 1877 310 1935 lumine
325 1876 393 1935 fidei
406 1875 570 1946 desolatus;
599 1876 641 1933 et⁴
652 1885 751 1933 tamen
773 1890 828 1931 nos
843 1891 880 1932 ex
894 1873 952 1931 fide
966 1875 1125 1948 scripturae
1140 1872 1200 1930 evi·

148 1973 265 2033 dentius
286 1984 315 2032 et
334 1974 466 2032 devotius
484 1974 640 2032 adoramus
654 1971 730 2031 hanc
744 1970 871 2031 hostiam
885 1971 930 2030 vel
949 1988 1066 2030 crucem
1080 1970 1201 2029 Domini

147 2071 195 2142 vel
209 2071 282 2130 alias
296 2071 439 2146 imagines
453 2053 621 2130 humanitus
635 2070 798 2129 fabricatas.

580 2529 675 2591 CAP.
697 2530 783 2592 VIII.

390 2687 531 2746 Doctrina
545 2688 576 2746 de
590 2690 774 2763 impanatione
788 2686 970 2763 improbatur.

193 2843 315 2902 Alr'lhriz.
358 2843 456 2919 Rogo,
472 2843 565 2913 frater,
580 2845 688 2920 probes
707 2845 825 2903 ulterius
844 2862 896 2919 per
913 2844 1056 2903 rationem
1070 2842 1203 2900 vivacem

151 2942 198 3001 vel
219 2943 388 3018 scripturam
410 2943 593 3012 autenticam,
609 2942 690 3018 quod
711 2960 764 3000 non
785 2943 821 3001 sit
842 2942 1018 3019 identificatio
1034 2942 1120 3016 panti·
1139 2958 1206 2998 cum

151 3048 264 3114 corpore
279 3038 393 3098 Christi
410 3058 455 3096 nec
473 3042 631 3114 impanan'o.
675 3038 745 3098 Non
765 3040 843 3097 enim
863 3039 992 3098 delector
1010 3040 1040 3096 in
1060 3037 1206 3112 scripturis

153 3134 321 3212 apocriphis
345 3135 466 3213 quibus⁶
488 3147 606 3195 utuntur
630 3137 764 3196 moderni
792 3136 829 3195 ad
854 3136 1048 3211 probandum,
1071 3134 1207 3192 accidens

153 3249 219 3291 esse
235 3233 297 3290 sine
311 3233 453 3309 subjecto,
468 3234 537 3309 quia
552 3234 676 3293 ecclesia
690 3235 729 3293 ita
748 3234 834 3304 dicit;
859 3232 931 3291 tales
945 3234 1025 3291 enim
1046 3231 1207 3289 evidentiae

154 3331 306 3388 neminem
320 3332 491 3406 quietarent.

196 3426 360 3486 Phrenesis.
402 3428 555 3500 Quantum
576 3428 613 3486 ad
634 3427 899 3496 identificationem,
922 3435 1038 3503 oportet
1060 3427 1154 3501 primo
1177 3426 1207 3482 in
1303 3458 1325 3482 ω

155 3526 368 3602 significatione
390 3528 504 3585 termini
526 3527 690 3595 convenire,
706 3527 786 3601 quod
808 3525 844 3583 ad
865 3526 953 3583 istum
974 3543 1094 3583 sensum
1112 3527 1207 3601 ipsum

154 3622 307 3698 intelligas,
329 3624 409 3699 quod
430 3635 547 3682 naturas
569 3624 718 3682 distinctas
743 3625 773 3680 in
795 3623 891 3699 specie
912 3623 957 3680 vel
979 3641 1103 3681 numero
1127 3622 1208 3681 Deus

155 3717 257 3778 saciat⁶
279 3739 343 3781 esse
364 3739 456 3779 unum
479 3732 508 3780 et
532 3722 611 3780 idem
636 3721 666 3777 in
692 3738 824 3791 numero,
847 3739 881 3779 ac
906 3722 931 3780 si
952 3738 1109 3797 personam
1131 3720 1207 3779 Petri

155 3815 264 3876 laceret
277 3836 343 3877 esse
358 3818 488 3877 Paulum.
532 3819 570 3877 Et
584 3829 653 3877 tunc
669 3820 767 3877 recolo
786 3837 834 3877 me
855 3818 956 3879 secisse
971 3820 1099 3878 rationes
1113 3818 1207 3877 multi·

158 4029 557 4145 e]
597 4031 848 4145 ,ing-egg-
978 4030 1106 4160 qq]
1119 4047 1208 4145 ,q

156 4111 420 4275 aqiqibqisgffalibus,
434 4162 494 4209 ΑΒ.
506 4112 600 4226 primape
609 4133 714 4216 inanum
732 4112 850 4224 qrtlrjalihet:
861 4160 893 4208 D.
906 4160 944 4209 ed.
956 4177 993 4225 pr.
1096 4132 1107 4190 r‘
1122 4113 1208 4226 lmigtj
