2864 4836
56 451 151 489 cnm
424 429 765 493 rnrrrooua
1198 429 1260 515 165

57 589 153 648 modo
161 608 170 662 ;
191 600 221 650 ct
234 609 288 667 per
297 590 376 650 idem
390 592 415 651 si
429 602 507 651 totus
521 593 648 652 mundus
659 595 887 652 condensaretur
896 592 934 651 ad
948 611 1010 652 non
1021 611 1113 670 quan·

57 695 132 758 tum,
142 706 197 764 per
207 689 395 765 impossibile,
407 708 506 750 versus
517 700 657 749 centrum.
699 690 737 749 Et
751 691 854 749 eadem
869 701 913 749 est
923 692 1004 761 ratio,
1016 691 1113 767 posito

57 785 142 862 quod
163 785 291 845 mundus
311 786 463 847 fluctuaret
476 788 521 847 vel
540 788 685 846 infinitum
701 789 935 865 quoviscunquc¹
949 799 1114 847 moveretur

56 884 90 942 in
104 901 198 944 vacuo
217 884 340 945 infinito.
384 884 464 945 Sicut
478 903 549 963 ergo
564 904 653 944 nemo
669 895 767 962 potest
781 886 938 962 intelligere
953 886 1113 963 quidquam

57 982 173 1040 bassius
187 999 277 1058 quam
291 993 335 1042 est
348 995 489 1054 centrum,
504 984 546 1043 sic
560 1001 649 1042 nemo
663 993 761 1061 potest
774 984 934 1060 intelligere
954 984 1113 1061 quidquam

57 1077 196 1138 humilius
210 1097 299 1155 quarn
313 1091 358 1142 est
367 1081 508 1140 Verbum.
550 1080 624 1140 Ideo
639 1091 755 1158 oportet
769 1083 928 1158 quemlibet
943 1082 1113 1141 salvandum

57 1177 205 1255 spirituale
224 1178 386 1238 aedificium
406 1181 582 1239 constituere
602 1180 633 1238 in
654 1179 712 1240 hoc
734 1190 844 1250 centro,
865 1182 933 1258 quia
954 1180 1034 1239 aliter
1053 1199 1113 1239 non

57 1286 160 1352 posset
173 1277 237 1353 ejus
251 1276 431 1338 altitudinem
445 1279 555 1354 erigere
569 1295 663 1355 usquc
677 1280 715 1337 ad
731 1279 853 1337 coelum.
896 1278 1013 1337 Turrim
1035 1279 1114 1337 enim

56 1382 121 1432 tam
135 1373 223 1432 altam
241 1385 357 1451 oportet
376 1374 483 1434 habere
502 1376 652 1434 immobile
672 1375 910 1448 fundamentum;
940 1377 993 1435 sed
1010 1394 1113 1434 secun·

57 1469 131 1530 dum
141 1471 322 1547 apostolum¹
332 1473 571 1532 ‘fundamentum
582 1472 659 1531 aliud
670 1490 758 1531 nemo
770 1492 879 1550 ponere
892 1483 989 1549 potest
1000 1484 1114 1549 praeter

56 1568 90 1628 id
109 1567 189 1644 quod
208 1571 336 1644 positum
355 1579 408 1640 est,
428 1569 508 1647 quod
529 1582 573 1629 est
594 1569 727 1630 Christus
748 1567 866 1648 Jesus³.'
908 1570 1111 1630 Describendo
1148 1580 1281 1656 ppgpgpg·

57 1675 157 1725 autem
172 1667 306 1725 virtutem
327 1667 494 1727 humilitatis
509 1666 697 1727 conformiter
718 1669 756 1726 ad
777 1667 923 1743 praedicta
937 1678 1033 1744 potest
1048 1668 1113 1738 dici,
1148 1663 1204 1697 ΝΜ·

56 1763 140 1840 quod
154 1763 299 1824 humilitas
316 1775 360 1824 est
373 1766 462 1825 virtus
479 1766 539 1824 vel⁴
553 1783 637 1824 amor
655 1766 805 1824 ordinatus
827 1768 857 1824 in
878 1766 970 1841 gradu
992 1766 1046 1823 sibi
1065 1764 1113 1822 de-

56 1862 120 1920 bito
133 1862 316 1938 persistendi,
329 1863 379 1939 qui
390 1881 474 1922 amor
483 1864 514 1921 in
526 1862 643 1922 Christo
655 1863 818 1921 secundum
829 1863 892 1938 ejus
904 1862 1113 1920 humanitatem

57 1959 243 2018 immobiliter
257 1971 428 2036 perseverat
471 1961 527 2019 Alii
542 1971 639 2019 autem
653 1971 686 2019 ut
705 1959 788 2019 sunt⁶
802 1961 855 2020 sibi
871 1961 901 2018 in
920 1959 978 2018 hoc
997 1959 1113 2018 confor-

56 2058 175 2128 miores,
190 2068 258 2116 sunt
271 2067 303 2116 ut
318 2059 359 2116 sic
372 2058 540 2117 humiliores
555 2058 636 2117 etad
655 2059 769 2134 apicem
783 2058 919 2116 virtutum
938 2056 1049 2115 facilius
1069 2066 1112 2115 at·

55 2155 230 2230 tingendum
243 2157 445 2233 promptiores.
488 2156 526 2214 Et
539 2165 619 2232 patet
627 2158 730 2231 primo,
745 2156 896 2232 quomodo
917 2154 1049 2215 Christus
1069 2154 1111 2212 di·

55 2263 136 2311 recte
152 2254 341 2312 contrariatur
366 2254 493 2324 diabolo,
516 2255 667 2330 cumipse
692 2255 726 2312 sit
752 2271 865 2312 summe
889 2254 1032 2329 superbus
1059 2253 1111 2311 sed

56 2349 190 2410 Christus
204 2368 318 2410 summe
333 2350 457 2410 humilis.
499 2350 571 2410 Ideo
586 2351 610 2410 si
624 2353 667 2408 vis
682 2351 794 2426 placere
809 2349 884 2421 Deo,
901 2351 1042 2426 despicias
1061 2368 1109 2408 su-

55 2449 166 2524 perbos
180 2449 316 2524 cogitatu,
332 2449 446 2507 animo⁶
461 2460 548 2525 atquc
562 2449 628 2507 vita.
670 2448 752 2506 Talis
767 2449 845 2506 enim
861 2448 968 2505 domus
982 2465 1043 2505 non
1058 2466 1109 2523 pa·

55 2546 125 2604 titur
138 2547 251 2604 ruinam
265 2564 283 2604 a
297 2547 449 2605 contrariis
459 2545 673 2622 impellentibus
684 2545 728 2602 vel
739 2544 897 2623 procellis⁷.
941 2543 1020 2602 Sicut
1031 2544 1110 2602 enim

55 2652 174 2719 oportet
194 2662 258 2702 esse
278 2661 369 2704 unam
391 2643 518 2702 radicem
539 2643 677 2713 vitiatam,
699 2660 717 2700 a
742 2660 800 2719 qua
823 2652 928 2717 cuncta
952 2642 1112 2718 posteriora

55 2741 180 2800 crimina
189 2751 255 2800 sunt
266 2752 423 2812 contracta,
436 2740 492 2800 sic⁸
503 2749 620 2817 oportet
630 2757 695 2798 csse
709 2757 799 2797 unam
811 2740 939 2798 radicem
953 2729 1112 2797 salvantem

55 2847 162 2908 cetera,
177 2856 253 2914 quae
268 2840 303 2898 sit
321 2839 409 2915 plena
422 2840 524 2897 virtute
543 2848 572 2896 et
593 2838 693 2914 gratia
735 2836 813 2895 Cum
832 2837 910 2895 enim
926 2837 1057 2897 Christus
1077 2837 1112 2895 sit

55 2934 140 2995 Deus
153 2945 182 2995 et
194 2935 296 3008 hom0,
310 2938 407 3015 posito
427 2935 507 3013 quod
527 2935 628 3012 aliquis
648 2936 683 2993 sit
702 2935 767 3010 ipso
782 2934 926 3005 humilior,
945 2944 1014 2993 tunc
1035 2934 1108 2993 soret

54 3033 88 3093 in
101 3032 264 3093 voluntate⁹
278 3034 374 3093 standi
394 3034 425 3092 in
446 3033 538 3110 gradu
560 3033 613 3091 sibi
634 3031 759 3090 debito¹⁰
771 3031 888 3090 Christo
910 3033 1107 3102 constantior;

55 3111 110 3191 sed
131 3132 201 3209 quid
221 3132 447 3209 impossibilius?
484 3130 523 3188 Et
543 3141 622 3207 patet
642 3129 764 3200 secundo,
782 3129 863 3204 quod
883 3129 1028 3187 humilitas
1049 3146 1110 3186 non

56 3229 189 3288 consistit
210 3231 240 3288 in
254 3230 400 3289 voluntate
421 3229 540 3287 inferius
561 3226 740 3304 persistendi,
756 3245 823 3284 cum
843 3226 976 3285 Christus
997 3243 1110 3284 summe

54 3325 173 3386 humilis
196 3327 256 3386 vult
280 3345 345 3387 esse
370 3326 524 3387 altissimus
549 3326 579 3382 in
602 3326 731 3384 bonitate
755 3323 874 3381 humani
896 3324 1020 3399 generis,
1042 3339 1110 3380 cum

54 3423 158 3496 homo,
172 3436 204 3483 ut
218 3425 362 3496 humilior,
377 3424 472 3484 estad
490 3422 674 3483 serviendum
688 3420 781 3479 Deo¹¹
796 3422 966 3496 promptior,
981 3428 1011 3476 et
1024 3428 1054 3475 ut
1069 3417 1110 3476 sic

55 3521 162 3582 clarius
176 3523 341 3582 considerat
355 3540 387 3581 se
401 3540 466 3582 esse
481 3522 644 3579 ministrum
659 3517 723 3576 Dei.
767 3517 825 3576 Sed
844 3527 873 3575 ct
893 3517 933 3574 sic
953 3525 996 3574 est
1011 3515 1109 3574 Chris-

55 3629 104 3680 tus
117 3619 329 3692 humillimus¹²,
341 3621 409 3697 quia
423 3619 461 3679 ad
475 3617 658 3678 serviendum
672 3614 738 3675 Deo
758 3624 787 3674 et
801 3615 939 3673 ecclesiae
952 3614 1108 3691 promptis·

90 3793 99 3822 ¹
116 3791 311 3858 quoviscunqne]
323 3805 544 3856 quorsumcunque.
555 3790 593 3839 ed.
606 3806 642 3854 pr.
719 3788 729 3817 ¹
746 3786 899 3853 apostolum]
915 3800 925 3835 1
940 3786 1053 3836 Corinth.
1065 3786 1107 3843 iii..

55 3856 151 3906 A.B.C.
163 3857 202 3906 ed.
215 3872 251 3922 pr.
381 3857 391 3886 ⁸
406 3854 589 3920 aliud-Jews]
602 3871 651 3904 orn.
663 3853 702 3904 cd.
714 3870 751 3919 pr.
881 3851 891 3881 ¹
907 3852 983 3901 virtus
994 3850 1045 3915 vel]
1058 3867 1107 3899 om.

55 3920 201 3972 A.B.C.ed.
231 3938 250 3971 r.
380 3921 475 3985 usunt]
488 3937 538 3970 om.
550 3922 609 3971 B.C.
621 3920 742 3969 secundae
753 3933 848 3968 manus.
985 3916 1106 3979 ἀπίω]

54 3987 162 4042 animae,
173 3937 267 4037 ABE.
279 3986 317 4036 ed.
335 4002 372 4051 pr.
470 3986 479 4014 ⁷
496 3987 526 4035 ci.
540 3987 631 4035 Matth.
643 3985 682 4033 vii.
694 3999 734 4045 ²5·
748 3997 786 4046 ²7·
893 3982 902 4011 ⁸
919 3981 966 4044 sic]
979 3980 1014 4029 sic
1026 3982 1107 4037 etiam,

55 4052 150 4102 huc.
224 4052 234 4080 ⁹
250 4051 389 4116 voluntate]
400 4050 546 4107 humilitate,
558 4052 596 4101 ed.
609 4066 660 4114 pn:
680 4049 707 4097 B.
719 4050 813 4113 primae
824 4062 918 4096 manus.
996 4046 1014 4074 ¹⁰
1030 4046 1107 4108 gradu

54 4116 186 4181 —debit0]
243 4116 401 4175 tia—debita,
412 4117 451 4167 ed.
463 4132 500 4181 pr.
598 4117 616 4146 ¹¹
634 4115 702 4179 Deo]
716 4129 764 4163 om.
777 4113 810 4161 D.
910 4110 928 4140 ¹²
944 4110 1106 4174 humillimus]

54 4181 180 4238 humilior.
215 4182 270 4232 .ed.
283 4198 319 4246 pr.
