2864 4836
10 460 147 511 icam
414 443 758 506 PRIMOGUS.

10 536 20 685 i
52 610 157 679 posset
176 600 235 662 hoc
256 602 352 663 facere
372 606 396 664 si
416 603 510 670 vellet,
532 614 561 664 et
580 605 669 682 longe
693 605 777 682 plura
784 624 792 678 ;
825 605 878 664 sed
903 622 965 664 non
987 616 1111 683 expecto

10 776 12 781 Ι
53 698 202 759 rationem
222 709 311 772 tuam,
333 719 392 778 qua
411 701 533 762 inferes¹
554 703 635 780 quod
656 702 738 762 Deus
759 712 856 779 potest
877 704 920 762 sic
940 704 1021 775 velle,
1043 706 1113 782 quia

10 830 14 839 ·
53 804 155 857 nerins
167 798 326 875 sumquod
344 817 400 858 nec
419 799 477 859 hoc
491 800 549 859 scis
568 819 624 860 nec
642 811 727 877 potes
742 792 839 859 scire‘.
883 799 953 860 Non
972 803 1051 862 enim
1068 813 1113 861 est

54 890 141 955 Dens
161 895 277 955 mobilis
297 906 329 956 ut
349 895 484 956 homines
504 898 535 956 in
556 899 682 975 agendo,
704 899 756 957 sed
777 899 801 957 si
824 899 984 976 quidquam
1005 899 1113 972 fecerit,

53 989 187 1052 rufium
207 993 319 1069 priores
337 1003 470 1053 aeternae
489 997 665 1055 necessitant
682 1007 714 1055 ut
735 997 777 1056 sic
796 996 851 1056 fiat.
895 997 933 1055 In
953 998 1113 1057 rationibus

55 1096 159 1149 antem
171 1090 297 1150 aeternis
309 1091 422 1150 videtur
435 1091 507 1150 mihi
520 1110 584 1153 esse
598 1093 779 1164 rationabile,
794 1094 874 1171 quod
890 1105 1013 1172 peccato
1027 1096 1113 1172 primi

54 1185 157 1264 mgeli
176 1197 208 1247 et
218 1187 305 1265 primi
325 1188 453 1248 hominis
474 1192 707 1268 praesupposito,
723 1202 870 1251 creaturae
892 1193 965 1251 aliae
986 1192 1114 1252 habeant

54 1283 277 1345 inclinationem
297 1287 459 1346 naturalem
480 1289 510 1346 in
531 1306 586 1347 suo
607 1306 697 1366 opere
718 1290 792 1349 sicut
812 1291 918 1366 primo,
933 1290 1018 1349 etsie
1040 1291 1112 1350 defi-

55 1382 155 1444 ciente
176 1383 367 1460 proportione
388 1403 423 1444 ac
443 1386 545 1445 virtute
566 1387 686 1464 regitiva
709 1386 837 1446 hominis
858 1404 917 1469 quo
939 1386 977 1446 ad
997 1405 1113 1464 corpus,

54 1479 176 1541 delicia
195 1482 272 1540 actio
293 1492 322 1541 et
343 1485 524 1542 conservatio
539 1483 668 1544 hominis
681 1485 761 1561 prius
776 1484 870 1557 sacta;
893 1485 978 1544 etsie
999 1487 1115 1562 agentia

43 1594 205 1655 ¹corporea
224 1579 263 1638 ad
287 1581 535 1657 corrumpendum
559 1580 771 1642 hominemex
794 1581 912 1641 delectu
935 1583 1115 1642 resistentiae

56 1675 131 1753 natis
144 1686 242 1752 agant
283 1674 322 1736 Et
336 1678 377 1737 sic
391 1678 457 1738 dico
472 1680 531 1750 tibi,
542 1680 624 1756 quod
635 1678 716 1738 Deus
727 1688 829 1756 posset
839 1697 952 1739 servare
962 1680 1114 1738 hominem

57 1772 91 1833 in
106 1781 184 1833 statu
197 1774 302 1851 prioris
321 1775 516 1847 innocentiae,
536 1777 561 1835 si
580 1778 638 1835 hoc
652 1775 754 1848 vellet;
781 1774 833 1835 sed
847 1775 937 1834 debes
951 1777 1115 1848 ostendere,

58 1871 84 1932 si
98 1880 194 1949 potes,
208 1873 289 1950 quod
302 1872 339 1934 sit
352 1874 491 1934 rationale
505 1885 537 1933 ut
554 1876 595 1933 sic
609 1873 701 1932 vellet
744 1872 913 1932 Rationale⁸
926 1873 1046 1950 quidem
1060 1883 1113 1943 est,

56 1976 92 2029 nt
119 1986 181 2028 non
208 1971 343 2030 obstante
370 1981 493 2048 peccato
521 1971 648 2031 hominis
676 1971 735 2030 sive
764 1970 881 2042 diaboli,
911 1970 1116 2029 irrationabilia

57 2067 178 2143 agentia
197 2065 340 2126 habeant⁴
354 2086 457 2128 cursus
477 2085 556 2128 suos.
599 2067 680 2140 Quid
699 2068 778 2126 enim
800 2068 943 2127 demeruit
963 2067 1116 2127 naturalis⁶

59 2164 200 2241 potentia,
224 2164 306 2242 quod
330 2165 393 2225 sine
417 2182 472 2224 suo
497 2166 638 2225 demerito
665 2178 784 2243 propter
809 2175 962 2242 peccatum
987 2165 1115 2224 hominis

58 2280 132 2324 suae
145 2263 267 2322 actionis
281 2263 447 2322 naturalitas
461 2263 498 2322 sit
512 2266 672 2340 suspensa?
714 2265 786 2325 ldeo
802 2265 875 2324 sicut
889 2263 960 2323 nihil
974 2263 1116 2341 pertinet⁸

57 2359 100 2422 nd
111 2359 284 2420 infinitatem
298 2360 412 2420 divinae
426 2361 582 2437 potentiae,
597 2361 677 2438 quod
692 2363 733 2420 sic
752 2373 852 2438 posset
866 2361 972 2432 facere,
987 2361 1031 2420 vel
1046 2379 1114 2438 pec·

58 2468 159 2518 catum
183 2459 247 2518 sine
272 2475 360 2517 causa
384 2458 534 2529 dimittere,
560 2461 601 2518 sic
626 2459 696 2517 nihil
721 2460 843 2536 pertinet
867 2460 906 2518 ad
929 2455 1115 2518 infinitatem⁷

59 2572 132 2615 snae
155 2555 398 2632 magnificentiae,
420 2557 451 2615 in
473 2556 608 2633 injuriam
631 2574 700 2615 suae
723 2556 810 2632 legis⁸
832 2556 874 2615 sic
895 2554 999 2616 lacere.
1042 2556 1116 2614 Ideo

57 2653 289 2731 improbabiliter
307 2655 382 2731 petis
401 2654 483 2731 quod
501 2654 559 2713 hoc
579 2653 668 2713 loret⁹
683 2653 721 2712 ad
739 2653 796 2712 Dei
817 2653 1072 2730 magnificentiam,
1088 2664 1116 2711 et

58 2751 103 2811 sic
118 2749 184 2828 plus
197 2751 253 2809 sibi
266 2749 481 2824 honorificum3
510 2770 572 2811 non
592 2753 671 2810 enim
691 2751 774 2812 decet
789 2751 895 2823 Deum,
911 2752 961 2828 qui
976 2769 1117 2828 personas

57 2865 124 2909 non
137 2848 252 2925 accipit,
266 2848 363 2925 legem
384 2850 497 2925 agentis
515 2850 653 2908 naturalis
674 2862 794 2927 propter
815 2860 969 2927 peccatum
989 2848 1118 2908 hominis

59 2946 242 3023 suspendere
256 2945 302 3006 vel
322 2956 443 3005 mutare.
485 2947 533 3006 Ad
546 2949 657 3006 lanum
672 2957 876 3025 argumentum
890 2957 973 3006 tuum
986 2958 1066 3024 patet
1080 2966 1118 3006 ex

36 3043 146 3105 'dictis
160 3043 274 3104 solutio.
317 3044 388 3103 Non
402 3045 481 3103 enim
496 3044 596 3104 dicunt
610 3045 697 3122 aliqui
711 3046 774 3104 sani
789 3045 929 3121 theologi,
943 3045 1025 3120 quod
1036 3043 1117 3104 Deus

58 3150 162 3221 posset
176 3143 239 3201 sine
253 3141 448 3201 satisfactione
463 3142 579 3218 culpam
594 3143 745 3212 dimittere,
760 3142 899 3218 quiahoc
913 3152 1089 3217 repugnaret
1095 3141 1118 3174 ¹⁰

57 3239 169 3317 regulis
189 3240 314 3299 actenus
335 3239 449 3299 divinae
467 3240 601 3316 justitiae.
645 3239 704 3298 Sed
728 3240 799 3317 quid
823 3239 1027 3299 demeruerunt
1051 3238 1115 3298 illae

57 3335 188 3416 regulae,
212 3345 244 3395 ut
266 3346 385 3413 propter
409 3336 526 3414 culpam
554 3335 681 3396 hominis
706 3335 788 3395 sint¹¹
814 3336 995 3394 destructae?
1037 3333 1119 3395 Deus

58 3445 162 3495 tamen
175 3445 276 3510 posset
289 3434 313 3493 si
328 3433 412 3493 vellet
425 3433 483 3492 hoc
498 3433 601 3505 lacere,
613 3443 641 3492 et
656 3433 815 3491 mirabilius
829 3432 978 3508 ampliora,
990 3431 1043 3490 sed
1057 3449 1119 3490 non

58 3541 189 3610 expecto
203 3531 347 3590 rationem
360 3548 420 3608 qua
432 3533 573 3607 probares
587 3530 822 3606 omnipotentem
836 3529 935 3588 Deum
949 3531 1004 3590 ista
1017 3529 1098 3589 velle.

102 3628 228 3689 Abilae.
268 3627 376 3701 Placet,
397 3627 465 3688 mi¹²
484 3627 599 3688 frater¹³
617 3626 784 3698 Phronesis,
806 3628 842 3687 de
864 3637 914 3686 tua
934 3629 1003 3688 satis
1024 3628 1120 3687 subtili

95 3817 209 3868 ¹inieres
233 3816 343 3874 inferres,
355 3818 402 3874 Α.;
420 3817 517 3874 inieras.
530 3819 560 3867 C.
571 3819 611 3868 ed.
623 3834 660 3883 pr.
825 3818 925 3882 ²scire]
937 3834 987 3868 om.
1000 3817 1030 3867 C.
1041 3818 1080 3867 ed.
1092 3833 1122 3883 pr

57 3885 115 3933 ’nt
126 3883 162 3932 aie
172 3898 203 3933 ve
222 3889 255 3933 et.
269 3947 275 3958 ι
288 3882 431 3948 Rationale]
442 3898 492 3931 om.
504 3883 543 3932 ed.
556 3899 593 3948 pr.
766 3883 1021 3958 'habeant]habent‚
1033 3882 1121 3947 edpr.

56 3946 217 4012 ’naturaliq
229 3947 364 4005 rationalis,
377 3947 404 3996 B.
416 3948 512 4025 primae
522 3949 669 4004 manuaed.
681 3964 719 4013 pr.
873 3947 1019 4023 ‘pertmetJ
1031 3953 1121 4022 potest,

59 4013 166 4078 eripr.;
183 4028 234 4062 om.
247 4012 281 4062 D.
389 4011 575 4078 'infinitatem
586 4013 716 4069 finitatem.
726 4015 755 4063 B.
767 4014 806 4064 ed.
836 4029 856 4061 r.
946 4012 1122 4075 'inmJuriam

59 4092 121 4129 snae
130 4076 206 4142 legis]
218 4075 333 4141 injuriam
344 4092 403 4128 suae
413 4076 472 4142 legi,
484 4078 516 4126 Α.
614 4078 717 4142 'loretl
731 4078 781 4135 fiat,
827 4094 881 4143 ,pn
997 4078 1044 4125 ¹⁰1
1076 4092 1118 4141 ug·

58 4141 144 4206 naret]
201 4148 287 4206 ugnat,
299 4142 332 4190 D.
431 4143 450 4175 ¹¹
467 4142 705 4208 sint]sunt‚od.pr.
813 4141 831 4174 ¹¹
848 4141 894 4207 mi]
906 4141 976 4200 mihi,
989 4142 1021 4191 D.
1067 4158 1121 4206 .pr.

60 4209 81 4241 ”
96 4157 250 4271 irateffom.
264 4206 292 4255 B.
