2864 5242
516 438 771 517 JOANNJS
811 440 1024 502 urcrrr
1223 469 1308 507 ω...

670 876 765 939 CAP.
787 877 873 939 VIII.

343 1033 483 1110 Arguuue
496 1035 538 1093 od
547 1035 722 1112 defendendos
737 1037 947 1095 mendicantium
960 1039 1069 1096 ordines
1077 1039 1207 1113 prolalae

654 1135 874 1210 redarguuntur.

53 1304 200 1387 ww
283 1284 341 1344 Pro
365 1286 582 1364 complemento
606 1288 684 1348 finali
709 1301 795 1350 restat
819 1291 919 1351 tollere
943 1292 1084 1369 objectus,
1105 1293 1156 1368 qui
1183 1292 1257 1350 fiunt
1282 1311 1300 1351 a

52 1387 209 1468 amm
243 1383 390 1461 discipulis
409 1386 576 1445 antichristi
616 1387 756 1464 Arguitur
776 1389 856 1448 enirn
875 1390 1076 1460 communiter,
1093 1389 1177 1466 quod
1196 1389 1299 1448 iratres

52 1470 159 1549 bido?
242 1482 365 1541 multum
389 1493 511 1560 prosunt
533 1483 673 1543 ecclesiae
697 1495 727 1544 et
750 1503 811 1545 non
833 1497 949 1556 nocent,
971 1504 1039 1546 cum
1060 1487 1168 1546 habent
1190 1487 1299 1545 domos

242 1592 328 1657 atque
342 1580 487 1647 ecclesias,
502 1582 609 1657 quibus
625 1601 717 1659 regna
735 1583 929 1661 multipliciter
949 1585 1131 1653 decorantur,
1146 1583 1298 1660 praedica-

241 1678 368 1737 tionibus
393 1679 461 1750 suis,
484 1679 583 1739 missis
606 1691 636 1740 et
660 1681 840 1741 orationibus
864 1683 1024 1759 specialiter
1046 1683 1236 1759 adjuvantur;
1268 1692 1298 1740 et

241 1778 437 1837 communitas
461 1795 563 1838 eorum
587 1779 655 1837 vivit
679 1778 809 1856 parcius¹
834 1781 871 1838 de
895 1781 1063 1840 elemosInis
1090 1781 1220 1850 divimm,
1245 1797 1298 1856 per

241 1891 314 1950 quas
341 1894 465 1952 regnum
493 1875 660 1936 coelorum²
686 1879 859 1953 acquiritur3
894 1880 961 1955 quis
993 1895 1065 1955 ergo
1094 1888 1298 1938 contemneret

241 1972 313 2033 tales
327 1975 442 2034 sectas?

282 2070 342 2131 Sed
355 2071 402 2130 hic
416 2071 528 2144 dicitur,
543 2081 576 2132 ut
590 2091 677 2150 saepe
691 2073 771 2144 alias,
785 2073 866 2151 quod
885 2074 948 2133 Illae
962 2083 1057 2133 sectae
1077 2073 1296 2133 intimdabiliter

240 2168 422 2230 Introductae
442 2169 566 2229 multum
590 2181 698 2230 nocent
720 2172 869 2231 ecclesiae.
912 2170 1039 2244 Nocent,
1061 2173 1191 2249 inquam,
1214 2173 1294 2231 adul-

239 2267 362 2327 terando
382 2270 501 2327 verbum
520 2267 587 2341 Dei,
606 2281 714 2329 nocent
735 2271 765 2329 io
786 2270 958 2330 seminando
979 2271 1115 2331 haereses
1136 2273 1296 2332 contrarias

239 2365 315 2437 fidei,
337 2376 366 2426 et
388 2367 431 2426 sic
451 2376 560 2426 nocent
580 2367 611 2426 ln
635 2368 806 2428 seducendo
828 2368 930 2428 fideles
950 2369 1098 2440 ecclesiae,
1120 2369 1296 2429 sustinendo

238 2465 377 2525 versutias
402 2465 569 2536 antichristi,
595 2466 678 2543 eujus
702 2477 906 2542 argumentum
935 2467 1084 2544 probabile
1111 2477 1156 2526 est
1184 2466 1296 2526 fmctus

240 2565 351 2624 notatio
366 2564 497 2624 seminati
512 2566 541 2624 in
555 2563 686 2634 ecclesia,
702 2582 720 2622 a
733 2575 864 2641 tempore
879 2564 955 2640 qu0³
967 2564 1082 2624 fuerant
1095 2566 1260 2625 introducti.

280 2662 318 2721 Et
328 2673 469 2740 quantum
485 2662 522 2721 ad
536 2663 679 2738 argutiam
692 2663 860 2731 triformem,
872 2673 951 2739 patet
964 2674 1105 2739 quantum
1120 2664 1157 2722 ad
1168 2666 1293 2739 prrinom

49 2739 91 2843 ’ἐξ
111 2740 158 2843 *ij
178 2820 201 2844 ue
239 2771 361 2837 partem,
372 2761 453 2836 quod
467 2760 569 2819 fratres
582 2760 692 2819 habent
705 2762 795 2818 donus
806 2774 992 2837 sumptuosas
1006 2772 1034 2820 et
1044 2781 1184 2820 onerosas
1195 2763 1295 2837 regnis

48 2859 69 2925 ξ
95 2861 138 2885 ““
170 2867 175 2876 ·
239 2876 313 2933 quae
328 2854 467 2928 incolunt,
478 2869 507 2916 et
522 2860 644 2917 omnino
659 2859 817 2917 contrarias
828 2860 902 2917 vitae
913 2860 1089 2935 apostolicae
1100 2871 1128 2918 et
1139 2861 1294 2919 imitationi

165 2941 195 2966 ω
238 2954 360 3014 DomIni
375 2956 466 3014 nostri
480 2954 552 3032 Jesu
564 2955 688 3028 christu
711 2955 844 3015 Christus
858 2957 936 3015 enim
950 2968 979 3015 et
995 2959 1038 3016 sui
1053 2959 1177 3033 apostoli
1192 2958 1292 3016 horre-

237 3054 307 3112 bant
332 3055 540 3131 proprietatem
565 3054 722 3112 domorum
750 3055 849 3112 talium
877 3065 909 3113 ut
933 3074 1086 3115 venenum.
1128 3055 1292 3128 Quomodo

237 3152 337 3229 igitur‘
359 3152 477 3211 inolevit
497 3151 575 3211 clero
594 3152 775 3230 privilegium
795 3151 923 3222 fratrum,
942 3164 975 3211 ut
995 3154 1033 3211 ad
1053 3172 1210 3230 regnorum
1233 3155 1292 3213 dis·

235 3252 376 3327 pendium
397 3250 549 3310 aedificent
570 3252 623 3310 sibi
644 3251 832 3328 proprietarie
853 3251 925 3309 tales
946 3252 1057 3311 turres?
1093 3252 1164 3310 Non
1179 3253 1291 3311 videtur

236 3352 314 3409 enim
330 3368 417 3409 causa
432 3350 584 3426 patentior,
600 3368 688 3426 quam
703 3349 793 3426 quod,
808 3350 882 3408 sicut
896 3350 1029 3410 diabolus
1043 3351 1072 3408 in
1088 3350 1171 3426 Cayn
1189 3364 1291 3411 contra

235 3459 340 3508 statum
352 3448 534 3507 innocentiae
548 3448 708 3507 aedificavit
723 3448 867 3507 civitatem
882 3457 913 3506 ut
928 3449 1021 3524 spolia
1035 3450 1174 3526 praedata
1188 3463 1291 3509 contra

235 3544 427 3605 caritativam⁶
441 3547 737 3605 communicationem
753 3548 853 3624 populi
873 3557 1007 3616 tueretur,
1025 3549 1066 3605 sic
1080 3548 1125 3606 isti
1140 3546 1242 3606 fratres
1260 3549 1289 3606 in

235 3644 370 3703 domibus
384 3642 586 3703 defensionum
602 3663 717 3703 suarum
732 3647 856 3722 praedas
870 3645 970 3724 populi
987 3663 1060 3721 quas
1079 3647 1203 3721 rapiunt,
1218 3665 1290 3705 con-

235 3753 388 3802 servarent.
439 3741 526 3801 Unde
552 3754 688 3818 quattuor
709 3744 828 3804 ordines
850 3744 968 3803 fratrum
994 3744 1023 3800 ln
1047 3739 1145 3818 Cayn⁰
1168 3747 1289 3803 nomine

235 3842 401 3918 figurantur.
453 3838 530 3900 Utile
559 3840 660 3918 igitur⁷
687 3840 760 3901 foret
784 3844 890 3919 regnis,
915 3842 995 3919 quod
1020 3840 1191 3918 expensael,
1216 3861 1290 3918 quas

268 4029 275 4056 ¹
294 4026 402 4093 parcius]
415 4027 506 4092 potius,
518 4028 549 4077 C.
620 4094 625 4103 .
648 4027 658 4056 ²
674 4027 812 4092 coelorum]
825 4037 941 4084 ceterum,
953 4030 983 4103 C:
1050 4028 1058 4055 ³
1075 4043 1090 4075 a
1102 4035 1214 4103 ternpore
1226 4029 1288 4093 quo]

234 4102 307 4156 atque
335 4093 453 4147 uomodo.
465 4093 495 4142 C.
594 4093 601 4120 ⁴
619 4093 705 4156 igitur]
717 4109 785 4157 ergo,
797 4096 826 4144 C.
907 4095 917 4123 ³
933 4093 1097 4157 caritativam]
1110 4102 1246 4148 caritatem.
1258 4097 1288 4144 C.

234 4109 444 4288 ἓχῦμιιξῇιῗέω,
456 4159 525 4214 b.C.;
544 4157 575 4208 cf.
587 4158 664 4208 Trial.
676 4158 721 4207 IV.
733 4173 774 4221 33.
823 4159 833 4188 ⁷
851 4160 936 4225 igitur]
949 4176 1017 4223 ergo.
1029 4160 1059 4209 C.
1126 4159 1135 4187 ⁸
1152 4161 1286 4224 expensae]
