2864 4836
491 339 947 401 Pnoraoonrrva.
1252 353 1293 422 23

143 496 338 575 gravibusque
365 497 460 558 lucide
487 500 607 577 quidem
635 499 687 560 sed
720 518 782 559 non
811 501 874 560 sine
902 497 1000 558 multis
1033 498 1179 558 scribendi
1212 517 1293 558 com·

144 603 260 679 pendiis
274 615 407 664 exaratus
425 614 478 664 est.
519 604 634 664 Literae
652 606 780 682 capitum
799 604 922 666 initiales
941 605 1105 681 simplicem
1120 606 1151 663 in
1171 605 1294 665 modum

144 708 185 766 ita
211 710 306 785 pictae
334 722 410 781 sunt,
437 720 468 769 ut
496 712 621 771 caerulei
648 723 678 770 et
705 712 782 771 rubri
810 711 916 771 coloris
943 711 1111 770 vicissitudo
1139 720 1294 788 spectetur.

144 813 260 874 Primae
281 816 458 892 singulamm
478 820 688 878 sententiarum
712 818 810 878 literae
831 819 925 878 mbris
949 818 1040 895 signis
1060 827 1090 876 et
1110 826 1178 877 ante
1199 817 1295 877 literas

143 929 174 978 et
201 938 290 997 supra
316 939 367 981 eas
395 923 508 995 additis,
533 942 590 983 nec
617 942 679 983 non
705 925 821 1002 punctis
848 924 967 983 lineisve
991 925 1065 982 intra
1092 923 1187 982 literas
1215 925 1294 1000 ipsas

143 1026 237 1084 urinio
260 1029 348 1087 rubro
372 1030 474 1104 positis
499 1031 700 1106 insigniuntur.
742 1030 895 1089 Praeterea
917 1030 1003 1106 primi
1028 1029 1206 1108 singularum
1228 1047 1293 1088 ora·

143 1132 232 1190 tionis
252 1133 456 1208 particularum
475 1153 575 1194 versus
595 1136 688 1194 mbris
708 1135 792 1194 lineis
812 1135 960 1195 subductis
981 1134 1203 1212 distinguuntur.
1245 1133 1293 1193 Li-

144 1238 263 1296 brorum
291 1239 422 1317 Trialogi
451 1243 546 1318 capita
573 1242 687 1318 singula
721 1261 817 1318 neque
853 1251 1041 1301 numerantur
1068 1260 1164 1317 neque
1191 1241 1293 1301 distin·

142 1354 278 1420 guuntur.
319 1344 416 1405 Notae
445 1347 619 1423 marginales
649 1366 729 1407 rarae
757 1366 854 1408 rerum
881 1349 1047 1425 graviorum
1074 1364 1221 1406 summam
1247 1347 1293 1405 in·

143 1460 246 1508 nuuut.
308 1450 413 1529 Neque
448 1453 554 1511 desunt
592 1471 734 1512 manuum
769 1464 817 1513 aut
852 1454 1008 1530 digitorum
1043 1452 1186 1529 imagines
1220 1452 1293 1512 locis

143 1566 307 1616 memoratu
329 1557 509 1634 dignioribus
531 1547 570 1618 ad
592 1561 755 1637 marginem
779 1561 941 1637 appositae.
983 1558 1164 1619 Correctoris
1186 1577 1292 1645 manus

142 1662 309 1739 frequenter
329 1664 555 1742 deprehenditur
579 1676 667 1744 atque
688 1684 726 1726 eo
746 1667 858 1727 facilius
880 1666 1072 1742 distinguitur,
1094 1683 1154 1742 quo
1176 1666 1292 1742 saepius

142 1768 190 1828 ille
214 1771 302 1830 rubro
326 1772 425 1832 colore
447 1791 517 1834 usus
541 1784 594 1834 est.
637 1773 721 1833 ldem
747 1782 901 1844 corrector,
925 1773 975 1848 qui
1000 1772 1102 1848 procul
1125 1772 1214 1830 dubio
1239 1771 1292 1831 fuit

140 1875 275 1954 Joannes
306 1879 338 1936 de
367 1878 500 1952 Tarnow,
527 1880 606 1940 haud
637 1898 703 1938 raro
731 1880 820 1938 verba
848 1880 954 1955 scripta
986 1879 1027 1937 ita
1059 1877 1231 1948 emendavit,
1260 1888 1292 1936 ut

142 1994 253 2043 rectam
281 1995 369 2063 atque
396 1988 556 2063 genuinam
584 1987 741 2046 lectionem
769 1986 972 2056 introduceret,
1000 1983 1126 2044 eandem
1158 2000 1233 2058 quae
1260 1984 1292 2041 in

141 2090 246 2150 codice
274 2089 310 2150 A.
337 2093 431 2168 prima
457 2110 547 2151 manu
575 2095 683 2170 scripta
709 2090 942 2169 deprehenditur.
992 2090 1062 2149 Duo
1088 2090 1182 2166 prima
1210 2088 1290 2146 volu-

142 2196 231 2254 minis
251 2196 320 2256 solia
340 2197 465 2256 indicem
486 2216 582 2256 rerum
604 2200 633 2257 in
654 2197 795 2275 Trialogo
816 2197 1013 2273 expositarum
1034 2194 1172 2255 exhibent
1192 2193 1291 2271 alpha·

142 2303 239 2361 betico
252 2303 355 2362 ordine
370 2306 574 2381 compositum,
589 2306 639 2383 qui
657 2307 769 2365 circiter
786 2303 926 2363 ducentas
945 2301 1137 2380 quadraginta
1155 2301 1290 2358 notiones

140 2410 352 2486 complectitur.

184 2514 287 2574 Codex
308 2515 344 2576 C.
358 2516 429 2576 olim
449 2534 572 2577 numero
590 2537 660 2594 931,
674 2527 778 2596 postea
797 2536 856 2592 403
873 2515 985 2590 (Dlnis,
997 2516 1016 2575 1.
1029 2515 1072 2587 l.),
1085 2514 1147 2591 jam
1166 2529 1288 2572 numero

142 2634 224 2694 4505
249 2631 374 2694 notatus,
399 2622 575 2693 chartaceus
601 2625 631 2682 in
660 2633 700 2695 40,
726 2623 861 2682 foliorum
887 2634 955 2695 227,
980 2622 1042 2679 sine
1067 2619 1210 2679 columnis
1238 2637 1290 2694 per

141 2728 255 2803 integra
278 2727 355 2799 lolia,
381 2746 442 2788 non
465 2748 525 2788 una
549 2747 638 2788 manu
660 2729 845 2805 perscriptus,
870 2727 998 2804 quinque
1022 2725 1127 2784 Wiclifi
1152 2733 1289 2783 tractatus

141 2833 288 2891 continet:
321 2851 346 2891 1.
367 2832 542 2910 Dialogum3
577 2852 603 2892 a.
626 2832 868 2910 supplementum
890 2830 1024 2907 Dialogi;
1059 2848 1086 2904 3.
1107 2830 1288 2906 Trialogum,

141 2940 161 2997 l.
184 2943 342 3016 34-1873
364 2960 392 3013 4.
408 2940 649 3018 Supplementum
663 2941 810 3017 Trialogi;
834 2954 862 3014 5.
876 2941 1047 2999 Tractatum
1061 2938 1098 2997 de
1117 2938 1288 2998 salutatione

140 3048 282 3125 angelica.
324 3047 384 3107 Hic
405 3066 531 3126 quoque,
552 3049 635 3107 utin
657 3047 769 3107 Codice
790 3046 824 3107 B.
846 3063 956 3105 nomen
977 3045 1104 3104 hominis
1125 3044 1287 3115 Bohemici,

139 3157 191 3233 qui
215 3156 341 3214 exaravit
363 3155 477 3225 librum,
502 3156 532 3214 in
557 3154 628 3214 solio
653 3172 690 3229 23
716 3154 754 3213 ad
778 3153 890 3214 calcem
912 3152 1029 3228 Dialogi
1054 3151 1201 3229 adjectum
1225 3151 1287 3223 suit,

140 3261 194 3320 sed
222 3273 331 3339 postea,
359 3272 390 3320 ut
418 3279 486 3321 cum
513 3260 658 3322 Michae'le
686 3259 803 3319 Denisio
829 3260 991 3335 loquamur,
1020 3263 1056 3315 ‘a
1082 3257 1212 3334 quodam
1240 3257 1288 3332 pie

139 3367 255 3443 inepto'
276 3385 392 3426 erasum
412 3375 465 3426 est.
506 3365 632 3436 Deinde,
654 3384 722 3426 cum
746 3366 776 3424 in
799 3363 946 3424 nonnullis
966 3362 1162 3421 voluminibus
1182 3359 1287 3418 Wiclifi

139 3491 232 3550 opera
258 3473 460 3532 exhibentibus
484 3474 608 3533 auctoris
632 3473 722 3550 ipsius
750 3489 860 3529 nomen
887 3469 1028 3528 cautionis
1056 3484 1144 3526 causa
1168 3483 1288 3542 prorsus

138 3580 282 3639 omissum
302 3580 347 3649 sit,
366 3581 492 3638 auctoris
512 3596 623 3638 nomen
643 3577 699 3637 hoc
720 3578 750 3634 in
770 3576 844 3635 libro
865 3584 928 3634 non'
947 3575 1040 3652 plenis
1061 3573 1179 3650 quidem
1200 3572 1287 3631 literis

138 3688 317 3762 exscriptum
345 3696 443 3746 tamen
470 3687 572 3763 paucis
600 3688 638 3745 ita
665 3684 858 3761 significatum
885 3693 938 3753 est,
966 3692 998 3741 ut
1021 3682 1161 3741 dubitatio
1189 3681 1287 3740 omnis

138 3795 318 3855 excludatur.
374 3794 510 3872 Namque
540 3792 578 3853 ad
605 3793 715 3853 calcem
742 3791 869 3868 Dialogi,
897 3791 916 3850 l.
947 3811 994 3867 23,
1023 3790 1095 3850 haec
1123 3791 1287 3849 invenimus

138 3904 263 3980 scripta:
299 3902 441 3980 ‘Explicit
463 3901 606 3979 dyalogus
627 3901 722 3960 editus
746 3919 765 3959 a
785 3919 842 3960 rev.
863 3917 941 3975 mag.
982 3897 1029 3977 Jo.
1050 3899 1096 3957 de.
1117 3897 1182 3974 Wy.
1204 3915 1286 3957 sacre

139 4009 305 4086 Theologie
327 4009 491 4086 professore
513 4010 692 4084 doctoreque
713 4006 880 4082 evangelico
901 4003 1043 4063 Nacionis
1064 3990 1233 4079 anglicane!

181 4116 312 4193 Trialogi
337 4117 447 4193 priores
476 4115 538 4175 libri
565 4125 594 4174 et
621 4115 718 4173 minus
742 4122 862 4171 venuste
887 4121 916 4170 et
940 4128 1008 4169 cum
1032 4110 1191 4169 innumeris
1216 4112 1285 4169 scri·
1348 4123 1353 4130 '

137 4224 228 4284 bendi
252 4222 433 4301 compendiis
458 4222 617 4301 perscripti,
640 4221 700 4281 libri
727 4219 901 4299 posteriores
926 4216 982 4277 aha
1003 4235 1100 4291 manu,
1123 4227 1285 4277 atramento
