2864 4836
58 449 141 492 can,
423 425 761 486 TRIALOGUS.

59 604 79 648 a
100 586 168 646 Deo
192 587 328 658 infusam,
349 590 414 647 sine
438 588 534 665 aliqua
557 589 748 664 trepidatione
773 587 840 646 fidei
865 589 1018 658 contraria,
1039 607 1115 665 quae

58 702 133 745 strae
155 686 222 746 fidei
243 687 279 746 sit
299 689 466 746 commixta
511 686 624 746 Omnes
645 699 742 745 autem
763 687 896 762 praesciti
918 695 947 744 et
968 687 1116 745 criminosi

60 784 224 843 secundum
243 796 427 861 praesentem
447 785 614 861 injustitiam
634 796 702 843 sunt
721 786 808 843 etiam
823 785 964 854 infideles,
980 803 1048 843 cum
1064 786 1115 843 im-

60 882 202 958 possibile
223 883 260 941 sit
280 900 458 959 quemquam
479 902 611 959 peceare,
626 885 681 942 nisi
703 883 739 941 de
755 893 836 941 tanto
857 885 888 940 in
903 883 960 942 fide
975 883 1115 955 deficiat¹,

60 979 133 1056 quia
147 981 170 1038 si
184 997 313 1056 poenam
332 980 522 1056 infligendam
542 977 599 1039 sic²
613 983 802 1057 peccantibus
820 981 906 1057 plene
921 981 1073 1052 crederet³,
1089 991 1118 1039 et

59 1076 182 1138 baberet
196 1078 285 1137 fidem
300 1078 414 1138 divinae
433 1080 560 1151 notitiae,
576 1080 728 1156 quomodo
748 1081 823 1138 clare
841 1081 994 1156 cognoscit
1008 1082 1116 1151 omnia,

62 1194 133 1236 cum
153 1177 216 1235 aliis
235 1177 401 1236 veritatibus
420 1177 584 1248 credendis,
602 1195 663 1236 non
685 1188 755 1236 tunc
776 1178 894 1236 indubie
913 1179 954 1236 sic
974 1188 1117 1254 peccaret.

62 1275 139 1334 Ideo
160 1274 310 1352 apostolus
332 1285 419 1334 vocat
443 1276 516 1333 inter
540 1294 592 1335 sex
620 1276 780 1351 spirituales
805 1286 964 1335 armaturas
985 1278 1118 1335 virtutem

59 1374 148 1434 istam
170 1379 301 1433 ‘scutum
321 1373 421 1445 fidei⁴,'
443 1392 519 1451 quae
540 1376 628 1434 virtus
647 1375 737 1433 tribus
754 1373 850 1432 modis
864 1383 961 1449 potest
983 1373 1118 1444 deficere,

61 1471 160 1547 primo
171 1471 263 1530 modo
275 1471 321 1529 in⁶
331 1472 504 1541 infirmitate,
516 1472 647 1530 secundo
658 1471 749 1530 modo
761 1473 791 1530 in
802 1472 968 1546 porositate,
980 1471 1024 1529 et·
1034 1472 1119 1531 tertio

62 1568 157 1627 modo
171 1587 306 1644 perversa
320 1570 524 1645 applicatione.
566 1569 665 1628 Primo
679 1569 770 1628 modo
786 1571 815 1627 in
830 1569 888 1628 fide
908 1569 1053 1639 deficiunt,
1069 1571 1119 1645 qui

62 1667 95 1726 in
111 1667 260 1726 credendo
275 1667 407 1738 titubant,
422 1680 451 1727 et
471 1686 533 1726 non
552 1685 645 1743 usque
660 1668 714 1727 ad⁷
727 1677 853 1725 mortem
873 1685 927 1742 pro
948 1667 1118 1727 defensione

64 1764 134 1824 fidei
154 1776 348 1841 perseverant.
391 1765 528 1825 Secundo
549 1765 640 1824 modo
661 1767 691 1823 in
713 1765 770 1823 fide
791 1764 938 1834 deficiunt,
960 1765 1009 1840 qui
1031 1766 1121 1824 multa

63 1861 213 1921 credenda
238 1864 356 1921 firmiter
378 1864 509 1933 credunt,
531 1874 559 1922 et
583 1864 613 1921 in
637 1863 733 1921 multis
757 1861 908 1920 credendis
929 1871 1068 1938 tanquam
1090 1863 1120 1919 in

64 1960 257 2019 foraminibus
276 1963 374 2020 vacuis
388 1980 406 2019 a
425 1962 482 2020 fide
498 1962 643 2020 deficiunt.
688 1960 741 2019 Et⁸
755 1961 847 2030 tertio,
863 1961 1026 2036 supposito,
1040 1961 1120 2037 quod

64 2059 133 2135 quis
146 2057 252 2116 habeat
266 2059 382 2117 firmum
396 2059 528 2118 habitum
543 2059 765 2128 credendorum,
777 2059 815 2116 ab
830 2069 895 2117 actu
909 2070 1008 2117 tamen
1023 2059 1121 2136 operis

63 2156 203 2214 meritorii
224 2167 343 2232 propter
364 2157 451 2215 vitam
475 2158 670 2216 inordinatam
692 2156 829 2226 deficiat⁰,
850 2169 919 2215 tunc
942 2176 1023 2216 arma
1049 2176 1120 2216 suae

63 2253 135 2313 fidei
158 2265 225 2313 sunt
249 2274 392 2331 perversa.
433 2255 472 2314 Et
495 2265 576 2330 patet
597 2257 679 2326 ratio,
702 2274 791 2331 quare
813 2255 885 2313 fides
907 2257 1065 2332 scripturae
1090 2257 1120 2313 in

64 2353 228 2430 evangelio
244 2353 335 2414 Paulo
350 2364 379 2412 et
393 2353 542 2430 Jacobo¹⁰‚
558 2354 649 2413 taliter
664 2354 761 2412 laudat
777 2353 874 2412 fidem.

506 2778 602 2837 CAP.
624 2778 681 2837 ΙΙΙ,

455 2935 501 2994 De
512 2946 557 3012 spe
570 2943 596 2994 et
607 2939 732 2996 caretate.

108 3086 231 3146 Alr'tfiia.
274 3086 335 3145 Ista
354 3085 431 3145 dicta
449 3086 565 3162 placent
580 3085 658 3156 mihi,
678 3085 743 3142 mi¹¹
766 3085 852 3143 frater
871 3085 1034 3157 Phronesis‚
1054 3104 1120 3144 cum

66 3189 126 3248 sint
140 3185 262 3262 pulchra
277 3195 305 3243 et
319 3186 484 3243 necessaria
494 3184 604 3243 viatori.
649 3183 708 3243 Sed
723 3184 778 3253 die,
790 3201 871 3259 rogo,
883 3184 920 3242 de
935 3185 996 3243 aliis
1008 3184 1121 3242 duabus

66 3285 228 3356 virtutibus,
243 3293 275 3341 ut
289 3283 418 3358 coepisti.

108 3381 271 3439 Phronesis‚
313 3379 382 3456 Spes
395 3380 426 3438 in
440 3379 537 3439 multis
551 3381 636 3439 afide
652 3379 753 3438 diflert.
797 3378 899 3436 Prtino
913 3381 943 3436 in
958 3378 1024 3447 hoc,
1040 3378 1121 3454 quod

66 3498 136 3558 spes
151 3480 246 3539 solum
261 3489 304 3537 est
318 3479 355 3536 de
375 3477 470 3537 futuro
490 3478 621 3554 praemio
635 3478 805 3547 obtinendo
822 3476 893 3534 fides
913 3486 1010 3534 autem
1025 3485 1068 3533 est
1083 3475 1119 3534 de

66 3579 185 3638 veritate
208 3576 418 3654 quantumlibet
439 3577 554 3634 variata.
606 3572 729 3632 Semnan
751 3592 817 3650 spes
840 3591 901 3632 non
923 3575 1036 3650 attingit
1057 3573 1122 3632 ad¹²

68 3677 351 3737 demonstrationem
370 3674 414 3733 vel
435 3673 502 3733 fidei
522 3675 653 3732 notitiam
673 3673 710 3731 de
725 3683 849 3748 sperato,
865 3672 918 3730 sed
935 3673 1077 3748 quietatur
1091 3674 1120 3730 in

102 3843 110 3872 ¹
127 3839 237 3905 deficiat]
249 3838 338 3895 deficit,
351 3839 383 3887 Α.
514 3837 525 3866 ²
541 3836 587 3900 sic]
600 3835 660 3893 sore,
671 3837 710 3887 ed.
722 3852 758 3901 pr.
889 3834 899 3863 ³
915 3833 988 3899 plene
999 3834 1119 3884 crederet]

68 3906 189 3972 cogitaret
201 3914 225 3958 et
237 3906 310 3971 plene
320 3905 438 3960 crederet,
451 3903 544 3952 A.B.C.
556 3902 595 3952 ed.
607 3918 643 3965 pr.
743 3902 753 3930 ⁴
770 3901 800 3950 cs.
814 3900 878 3964 Eph.
890 3901 921 3949 vi.
938 3898 974 3948 16.
1057 3899 1067 3927 ⁵
1083 3887 1120 3962 in]

68 3973 164 4022 om.A.
272 3969 495 4046 ‘et]om.ed.pr.
599 3967 807 4080 'adponnlbss⁸
935 3964 1121 4040 ⁸et]in.C.l).

68 4038 107 4088 ed.
135 4053 153 4086 r.
250 4034 386 4098 ’deficiat]
399 4033 488 4090 deficrt,
501 4032 610 4089 a.13.c.;
628 4033 659 4083 de
677 4032 752 4088 ciunt,
763 4032 802 4080 cd.
815 4047 851 4095 pr.
951 4031 968 4059 ¹⁰
985 4029 1121 4093 evangello,

68 4104 104 4152 Pa
132 4110 183 4153 oet
210 4102 302 4166 acobo]
319 4101 448 4165 cvangelio
461 4099 530 4149 Pauli
544 4105 569 4148 et
600 4098 681 4153 acobi‚
694 4098 722 4146 C.
735 4096 773 4146 ed.
790 4112 842 4160 pr.;
864 4094 1000 4159 evangelio,
1011 4094 1121 4158 epistolis

69 4167 175 4218 Peuliet
201 4166 354 4223 acobi,A.B.
439 4165 455 4195 ¹¹
473 4164 533 4213 mihi
545 4164 579 4212 mi
605 4164 638 4211 mi
650 4178 700 4212 om.
714 4162 793 4217 C.‚B.
806 4161 899 4225 primae
911 4176 1006 4216 manus,
1018 4160 1056 4209 ed.
1069 4176 1120 4224 pr.;

68 4233 129 4284 mihi
140 4248 190 4282 om.
203 4233 235 4281 D.
335 4231 353 4262 ¹¹
370 4231 414 4296 ad]
427 4246 476 4281 om.
489 4229 554 4279 C.D.
566 4229 604 4278 ed.
617 4245 653 4292 pr.
