2864 4836
515 414 772 497 Joruurs
806 414 1027 479 necare
1232 439 1298 475 mn

243 577 828 657 observaruntquodpeniercbaelegis
847 578 958 639 novae¹
981 578 1104 639 debent
1124 580 1298 656 ipurncun

243 674 944 754 duueobsmeutpatetde⁸eircurncisioue.
981 674 1296 755 Nouergoeethun

243 774 1296 843 silexvetustalemobserventiemservevitinsummisneerdotrln.

243 871 1190 951 quodipsanuncdebeutnsummissaoerdotibusohoemi

283 968 345 1030 Sed
367 970 513 1047 quaelibet
535 968 650 1031 fictu*
672 968 777 1029 harum
800 977 937 1047 quartum
961 970 1208 1047 responsionum
1230 978 1298 1029 erret

243 1065 507 1140 budedonncum
525 1068 590 1145 peri
608 1066 753 1127 evidentia
772 1066 1024 1143 iundaripunet⁸
1043 1068 1209 1145 quodlibet
1224 1084 1298 1127 nau·

242 1162 1298 1243 datumDomininegetimoumilleqni'inlegeveteridedt

243 1260 1196 1339 decalogundeditetianrinlegegratiaebocmndatm
1234 1260 1299 1323 lduu

155 1366 197 1432 ²,
244 1357 1299 1439 cumspectatndmoresetjnmspiuiminlegegntinen'tprt·

244 1455 1300 1534 cepnm‚videurquoddebetessemudenmueuemm‚eunrt

244 1542 1299 1627 destamiunooeutiaeetrationeaeternracsufficiendn‘nllitnrhr

245 1652 459 1712 confirmatum.
507 1651 573 1712 Nee
596 1652 718 1712 dubium
745 1653 817 1729 quin
843 1650 1030 1711 mucium·
1056 1654 1189 1730 posset*
1213 1670 1299 1731 aeque

245 1748 365 1809 faciliter
387 1749 518 1827 glossare
542 1750 694 1827 quodlibet
714 1750 887 1811 mundaum
912 1749 1058 1827 decalogi,
1084 1752 1176 1828 qnod
1195 1753 1240 1813 sis
1260 1758 1300 1810 est

245 1845 401 1907 vivendum
421 1864 576 1926 quousque
599 1866 678 1907 unus
700 1864 827 1925 mugnus
845 1845 954 1909 Christi
972 1846 1105 1907 vicenus
1131 1846 1300 1910 decreverit⁸

245 1926 425 2022 opponam.
478 1942 1302 2023 umunmepnsnugevemnue

245 2043 367 2103 Numer.
381 2044 457 2105 xviii.
470 2042 694 2105 Deuteronomii
706 2042 783 2103 xviii.
795 2042 841 2102 et'
858 2041 1119 2111 Ezechielisxliv„
1138 2045 1302 2123 simpliciter

246 2142 421 2219 praecipitur
447 2142 590 2219 negative,
618 2140 699 2217 quod
725 2158 823 2219 neque
853 2139 1022 2201 sacerdotes
1048 2140 1221 2203 Ausoniae
1250 2158 1302 2201 nee

246 2239 363 2299 levitae
383 2239 534 2299 babebnm
554 2238 876 2316 purtem-baereditatis
900 2256 969 2297 curn
991 2236 1055 2298 eliis
1078 2240 1231 2313 tribubus,
1253 2238 1301 2301 sed

245 2336 327 2414 quod
340 2354 414 2415 pure
426 2338 523 2397 vivant
537 2338 574 2397 de
587 2336 709 2397 decimis
721 2345 752 2397 et
765 2336 970 2397 oblationibus.
1010 2334 1091 2415 Cum
1111 2348 1301 2415 ergoputres

246 2436 319 2512 legis
338 2436 442 2496 veteris
462 2444 545 2495 erant
565 2435 596 2494 in
616 2432 719 2511 puerili
742 2444 836 2494 aetate
860 2434 949 2493 seculi
970 2434 1199 2496 manuducendi
1219 2437 1302 2496 bonis

248 2533 464 2610 temporalibus,
486 2533 598 2593 videtur
622 2531 703 2608 quod
726 2533 824 2592 minus
848 2531 948 2592 luisset
971 2532 1101 2590 illicitum
1124 2534 1212 2610 ipsos
1232 2546 1301 2594 tem·

247 2632 359 2708 poralia
371 2631 517 2702 habuisse,
532 2648 621 2708 quam
634 2641 768 2707 tempore
781 2631 854 2707 legis
867 2632 984 2706 gratiae,
998 2648 1068 2689 cum
1081 2632 1140 2691 ista
1160 2632 1209 2692 lex
1223 2647 1302 2693 vetus

248 2729 327 2789 luit¹⁰
341 2748 393 2807 per
406 2729 554 2788 Christum
568 2739 629 2788 tarn
639 2729 729 2787 verbo
743 2746 832 2805 quam
845 2746 935 2805 opere
950 2727 1143 2801 confirmata;
1165 2741 1196 2790 et
1210 2732 1302 2791 clerus

249 2830 336 2889 debet
368 2828 433 2905 plus
469 2829 597 2904 aspirare
625 2827 663 2886 ad
691 2826 828 2886 coelestia
854 2837 884 2886 et
907 2836 1078 2886 senescente
1098 2828 1220 2889 mundo
1239 2829 1303 2907 plus

249 2927 394 2987 declinare
408 2929 446 2986 ab
459 2928 584 2985 avaritia.
626 2923 726 2984 Ideo¹¹
742 2924 964 2983 eoncedendum
977 2933 1068 2984 estut
1081 2942 1137 3001 per
1152 2945 1187 2986 se
1200 2939 1302 2987 notum

248 3024 390 3096 fidelibus,
405 3024 485 3101 quod
499 3024 636 3094 officium,
651 3023 732 3099 quod
746 3020 877 3081 Christus
895 3023 1015 3081 instituit
1029 3023 1060 3080 iu
1075 3023 1137 3082 suis
1152 3025 1303 3100 apostolis,

249 3123 335 3182 debet
348 3124 379 3181 in
393 3141 495 3183 eorum
508 3123 621 3181 vicariis
635 3121 789 3199 praecipue
803 3122 964 3192 observari3
993 3120 1045 3178 sed
1064 3120 1136 3180 illud
1151 3122 1208 3181 luit
1220 3142 1303 3200 prae·

248 3219 354 3279 dicatio
375 3222 454 3279 verbi
474 3220 531 3279 Dei
554 3230 583 3279 et
608 3227 795 3295 contemptus
822 3220 917 3279 carnis
940 3218 1042 3278 mundi
1068 3228 1160 3296 atque
1186 3221 1303 3281 diaboli

249 3317 308 3377 Sed
329 3319 461 3394 episcopi
481 3329 510 3377 et
531 3317 697 3376 sacerdotes
717 3318 807 3375 cirrati
828 3317 987 3376 succedunt
1000 3317 1031 3375 in
1051 3327 1161 3375 statum
1183 3330 1303 3395 aposto·

248 3416 352 3487 lorum,
373 3434 445 3492 ergo
467 3417 574 3476 debent
595 3416 750 3492 praecipue
772 3414 875 3473 istud¹¹
896 3417 1057 3473 observare.
1101 3414 1163 3474 Sed
1188 3429 1303 3477 constat

248 3514 352 3571 iterum
366 3532 404 3572 ex
417 3514 475 3572 fide
489 3524 518 3573 et
532 3514 709 3590 experientia
728 3511 876 3585 infallibili,
891 3512 972 3589 quod
989 3512 1133 3572 affectio¹⁸
1146 3516 1195 3574 vel
1215 3534 1302 3576 occu·

248 3612 328 3687 patio
343 3611 420 3670 circa
432 3612 576 3671 muudum
590 3612 721 3672 distrahit
735 3615 773 3672 ab
792 3612 890 3672 officio
909 3610 1097 3687 praedicandi
1105 3630 1113 3682 ;
1138 3629 1216 3689 ergo
1235 3632 1303 3673 cum

248 3710 379 3785 epioeopi
397 3711 489 3768 nostri
508 3728 569 3768 non
587 3719 656 3769 sunt
675 3712 811 3770 acutioris
829 3711 939 3787 ingenii
951 3726 1042 3785 quarn
1060 3719 1145 3768 erant
1164 3712 1303 3788 apostoli,

281 3915 682 3983 ¹legisnovae]novaelegis,C.
814 3916 945 3984 ’de]orn.
958 3917 1026 3975 C..
1108 3917 1303 3985 ’nuncdebetl

248 3979 496 4073 debetnuucebc.
589 4049 598 4076 r
640 3982 762 4047 ⁴fictitia]
775 3982 850 4040 fictio,
863 3985 892 4033 C.
963 4049 972 4076 ι
1028 3982 1153 4059 ‘posset]
1165 3995 1263 4063 potest.
1275 3987 1303 4036 C.

248 4045 480 4175 diligiti?
603 4049 892 4178 nuntietis.
988 4047 1122 4163 Ἥ
1144 4050 1304 4169 iltuit:

248 4173 266 4202 ¹¹
282 4177 413 4242 praecipue
424 4177 501 4242 istud]
514 4179 579 4229 istud
591 4179 727 4244 praecipue.
739 4180 787 4228 ab.
888 4178 906 4209 ¹³
921 4178 1031 4241 allectio]
1043 4179 1155 4235 allectus.
1167 4181 1199 4230 C.
