2864 4836
543 399 802 482 somme
841 366 1064 466 nrum
1260 424 1329 465 m

261 563 371 627 tathei
390 563 548 625 adoranda
589 561 716 625 Adorari
734 563 816 625 euim
834 561 924 625 debet
943 580 984 624 ex
1004 562 1068 625 hoc
1089 565 1330 644 praecipuam

278 661 361 741 quod
374 661 439 740 ipsa
450 671 496 722 est
514 678 622 740 corpus
636 660 744 723 Christi
762 660 930 740 eliqualiter,
943 659 999 722 sed
1017 663 1095 740 qtria
1113 663 1202 742 ipsa¹
1219 660 1332 731 oout‘nti

279 758 790 838 mseabsconditecorpuschnstt
831 757 1333 838 Cumergoinqualsssetcreatn

279 859 384 920 realius
398 860 435 920 sit
448 858 579 921 Trinitas
591 860 729 931 increata,
742 876 819 938 quae
832 870 878 920 est
889 858 979 936 louge
996 858 1169 936 perfectior
1181 877 1273 939 quam
1287 858 1333 918 hot

280 975 396 1035 corpus,
410 957 521 1018 videtin
538 956 621 1037 quod
638 968 759 1036 propter
777 967 950 1020 contentum
967 957 1189 1019 absconditum
1202 958 1333 1037 quaerite

280 1065 411 1117 erenum
428 1056 465 1117 sit
477 1055 602 1134 amplius
619 1055 779 1117 adoranda
820 1053 931 1117 Dicunt
947 1054 1039 1128 euim,
1058 1056 1150 1134 quod
1171 1056 1233 1118 hoc
1249 1070 1332 1118 saue

279 1151 1332 1232 mentuminuaturasuasitpejuuquampauislirrfureumelcorpu

279 1249 399 1329 aliquod
422 1268 613 1312 venenosum.
663 1249 729 1312 Nec
756 1250 857 1313 dubito
883 1251 957 1330 quin
982 1248 1097 1312 dehent
1124 1262 1333 1332 consequente

280 1346 385 1420 dicere,
399 1346 481 1426 quod
499 1365 606 1427 oorpus
620 1345 728 1409 Christi
746 1349 782 1408 sit
800 1347 832 1407 in
848 1347 982 1426 quolibet
998 1346 1050 1407 tali
1067 1364 1204 1427 corpore
1220 1366 1289 1413 eum
1302 1347 1333 1408 ἐι

280 1446 380 1523 utique
393 1445 575 1524 spiritualiter
588 1447 619 1505 in
632 1444 762 1525 quolibet
779 1462 904 1524 corpore
920 1445 1005 1522 regni
1017 1442 1139 1507 (timu
1184 1445 1261 1508 Non
1271 1462 1334 1523 ergo

281 1542 421 1620 fingenda
433 1554 479 1605 est
497 1543 552 1605 illis
572 1543 654 1616 ratio,
668 1544 740 1621 quin
758 1561 812 1621 per
831 1542 930 1605 locum
942 1560 962 1602 a
973 1541 1132 1603 sufficienti
1152 1543 1334 1605 similitudine

282 1641 432 1720 quodlibet
445 1658 552 1721 corpus
566 1641 706 1720 signabile
720 1641 758 1702 sit
770 1649 885 1701 tantum
899 1638 946 1700 vel
958 1639 1086 1718 amplius
1103 1650 1139 1702 nt
1155 1640 1238 1704 inec
1248 1639 1335 1703 tom

282 1739 474 1812 adorandum,
488 1757 557 1800 cum
576 1739 607 1799 iu
624 1749 729 1800 natura
744 1736 814 1799 sue¹
826 1738 864 1799 sit
875 1737 989 1810 melius,
1002 1747 1033 1798 et
1051 1755 1149 1817 aeque
1167 1740 1286 1801 realiter
1296 1735 1335 1799 rel

283 1839 386 1899 realius
399 1839 531 1899 continet
543 1837 574 1897 iu
588 1855 620 1898 se
635 1855 743 1916 corpus
756 1835 948 1899 Domiuicum
960 1844 991 1897 et
1002 1834 1095 1897 etiam
1108 1834 1297 1899 Trinitatem

297 1922 301 1935 '
323 1937 411 1998 unde
422 1937 533 1997 uretur
546 1935 644 2026 murus
657 1934 799 2009 fidelibus,
812 1935 894 2014 quor
906 1932 1010 1995 mnes
1021 1933 1070 1995 uu
1081 1935 1117 1995 n
1129 1933 1191 1997 uoc
1205 1934 1336 2014 bunne

282 2045 397 2096 mantes
409 2032 598 2094 iuChristum
612 2031 1069 2112 infinitum³p1mqmntum⁴in
1081 2032 1128 2094 eis
1139 2032 1335 2107 minuunt

281 2133 340 2193 hoo
356 2131 520 2193 venerabile
538 2141 761 2203 samameutum,
775 2147 865 2209 quam
883 2130 910 2191 si
926 2129 1042 2191 linirent
1060 2130 1162 2208 ipsum
1182 2148 1255 2192 oum
1273 2148 1335 2192 eor·

282 2230 375 2308 porali
398 2247 513 2289 veneno
537 2239 567 2290 et
588 2228 782 2289 intoxicarent
803 2244 963 2306 personum
985 2227 1180 2305 praecipuam
1198 2228 1335 2295 eccle&

282 2327 439 2402 militantis,
454 2330 537 2407 quial
555 2329 725 2408 blaspheme
745 2329 861 2390 mentiri
878 2329 911 2389 in
924 2328 1074 2390 Christum
1093 2338 1142 2390 est
1159 2331 1258 2411 maJus
1269 2348 1336 2409 pee-

284 2436 494 2504 enumquam
514 2427 588 2489 foret
608 2427 673 2489 talis
690 2427 862 2488 intoxicatio
875 2425 1010 2488 Caesaris
1026 2426 1090 2487 sive
1106 2444 1217 2507 papae.
1255 2428 1336 2503 Quo-

283 2526 375 2585 modo
395 2544 467 2603 ergo
487 2528 622 2586 timerent
641 2525 713 2586 tales
733 2535 831 2585 sectae
850 2525 966 2585 mentiri
985 2542 1076 2602 super
1094 2524 1173 2586 ulios
1192 2526 1335 2605 simplices

286 2621 478 2695 Christianos,
490 2623 610 2700 quando
624 2641 686 2683 non
697 2623 801 2683 timent
810 2624 927 2683 mentiri
937 2631 997 2682 tam
1010 2620 1128 2699 publice
1141 2640 1233 2702 super
1244 2623 1335 2684 Ohris·

284 2730 397 2779 tumet
419 2721 598 2781 Dominum⁸
622 2720 776 2780 veritatis?
811 2718 843 2780 Si
866 2737 938 2797 ergo
962 2718 1056 2781 fidelis
1079 2720 1204 2783 tenens*
1224 2732 1336 2800 tempo·

285 2817 352 2875 ralis
376 2817 487 2877 domini
511 2818 668 2877 offenditur
688 2815 732 2878 et⁸
752 2817 839 2878 offert
860 2835 892 2879 se
915 2817 954 2878 ad
977 2835 1111 2896 pugnam
1135 2831 1259 2898 propter
1280 2819 1334 2880 hoe

284 2913 366 2990 quod
389 2915 476 2974 alius⁹
496 2917 633 2975 mentitur
657 2916 688 2974 in
710 2914 942 2977 diffamationem
963 2932 1053 2992 super
1072 2932 1161 2976 suum
1184 2919 1336 2978 dominum

285 3012 483 3089 temporalem,
505 3024 616 3090 quanto
637 3013 732 3090 magis
752 3012 845 3075 fidelis
864 3012 992 3090 quilibet,
1006 3014 1058 3090 qui
1079 3011 1170 3075 debet
1188 3014 1336 3077 Christum

285 3128 399 3170 summe
418 3111 545 3187 diligere,
560 3111 756 3172 offenderetur
769 3122 799 3171 et
812 3111 997 3189 impugnaret
1010 3112 1225 3189 spiritualiter¹⁰
1237 3124 1337 3174 contra

284 3207 372 3267 talem
400 3208 557 3285 quemlibet
584 3208 825 3285 pseudofratrem.
881 3207 913 3268 Si
939 3218 1039 3270 eutem
1065 3211 1193 3287 experiri
1220 3213 1337 3273 voluerit

286 3307 379 3367 fidelis
397 3307 533 3385 populus,
547 3318 645 3368 utrum
665 3307 738 3368 tales
758 3318 855 3369 sectae
875 3308 918 3369 sic
937 3306 1058 3369 credunt
1077 3318 1108 3369 et
1126 3308 1292 3371 defendunt
1307 3322 1338 3370 ut

285 3405 356 3482 ipsis
372 3406 539 3482 imponitur,
554 3406 649 3468 videat
667 3405 819 3483 diligenter
832 3414 861 3466 et
879 3405 1045 3484 prudenter,
1059 3406 1130 3485 quid
1147 3407 1207 3486 ipsi
1224 3418 1339 3486 ponunt

286 3501 344 3563 hoc
358 3503 521 3563 venerabile
536 3513 760 3563 sacramentum.
801 3501 892 3576 Quod
905 3504 931 3564 si
943 3503 1057 3575 nolunt,
1070 3506 1206 3566 nendum
1218 3507 1265 3566 vel
1277 3522 1338 3566 non

287 3600 394 3659 audent
423 3599 528 3672 dicere,
553 3603 618 3679 quis
645 3620 707 3662 non
734 3601 853 3662 habehit
880 3601 961 3679 ipsos
987 3612 1150 3680 suspectos,
1174 3622 1245 3664 cum
1270 3623 1339 3683 pars

286 3697 339 3758 illis
352 3699 496 3758 contraria
510 3700 591 3771 sciat,
606 3699 673 3760 velit
685 3710 715 3759 et
728 3698 834 3761 audeat
848 3716 885 3759 ex
899 3697 1070 3759 fundatione
1083 3701 1228 3779 evangelii
1241 3702 1337 3763 dicere

319 3854 411 3920 ‘ipsa]
423 3854 531 3920 ipse,ed
543 3871 580 3921 pr.
687 3854 771 3922 ἐπα]
784 3855 933 3923 om.ed.pr.
1039 3856 1200 3924 ⁸inlinitum]
1212 3858 1299 3917 hlium,
1311 3860 1339 3910 R

304 3921 486 3998 rimaemnuus,
497 3920 536 3970 ed.
565 3937 585 3971 r.
691 3921 986 4000 ‘quantumlqumA.
1015 3922 1337 3992 rimaemmRedpr.

285 3937 304 4080 ξ
312 3985 381 4051 quta]
394 3986 532 4043 narn‚A.B.
557 4022 563 4036 .
628 3984 905 4065 'Dominum]Deum,
917 3987 988 4044 ΑΩ,
1039 3988 1135 4054 primae
1143 3991 1337 4056 Ναθάμ.

286 4116 296 4146 ·
311 4050 512 4193 reim
523 4052 556 4168 t:
568 4053 696 4184 itit·
708 4053 737 4105 ⁰·
749 4068 843 4149 ‘'“mi‘
850 4067 1007 4184 &w
1026 4052 1337 4188 uiritim

287 4180 432 4247 specialiter,
444 4180 537 4233 ΑΜ.
548 4181 587 4232 ed.
598 4197 636 4248 pr.
