2864 4836
57 453 156 492 ccam
427 428 771 493 TRIALOGUS.

59 592 102 653 de
117 594 224 653 nostn's
248 591 449 652 sacerdotibus
473 602 503 651 et
527 593 663 670 supponi.
713 591 926 652 Verumtamen
951 594 1019 670 quia
1041 594 1120 654 istud

59 706 128 750 non
142 701 186 750 est
205 690 287 762 fides,
302 708 364 749 non
384 699 500 766 oportet
519 690 600 766 quod
618 690 749 749 credatur
762 692 800 749 ab
819 691 951 761 ecclesia,
967 692 1019 750 sed
1039 691 1120 769 quod

60 789 253 867 probabiliter
277 797 467 864 supponatur.
517 787 582 846 Nec
607 798 724 864 oportet
749 788 829 866 quod
854 791 1026 866 ambigatur,
1051 808 1120 850 cum

60 886 158 945 multa
181 896 250 946 sunt
273 886 468 963 proponenda
492 885 581 944 vianti
605 904 681 962 quae
706 904 762 946 uec
787 886 875 946 debet
902 888 1035 947 dubitare
1065 906 1119 946 nec

62 984 232 1045 concedere
252 1003 308 1043 nec
327 1001 444 1062 negare,
462 993 495 1043 ut
508 984 660 1060 proposito
675 984 755 1056 mihi,
770 984 850 1061 quod
865 984 946 1043 sum¹
960 985 1119 1062 praedesti·

61 1092 161 1154 nanu,
176 1093 225 1141 aut
239 1082 276 1141 de
290 1091 431 1159 peccante
442 1082 574 1158 graviter,
585 1081 666 1158 quod
680 1083 733 1140 erit
747 1082 902 1142 damnatus
916 1084 1050 1161 propter²
1061 1085 1119 1143 hoc

61 1180 148 1258 quod
169 1182 221 1240 erit
242 1180 364 1238 finaliter
384 1180 555 1251 obstinatus,
571 1198 626 1238 nec
647 1180 714 1239 talia
736 1180 868 1239 concedo
890 1199 946 1240 nec
964 1200 1042 1258 nego
1063 1200 1118 1240 nec

60 1277 177 1350 dubito,
198 1278 251 1337 sed
274 1277 393 1354 reputo³
414 1295 505 1336 unam
528 1288 649 1353 partem.
700 1277 738 1337 Et
763 1280 803 1336 sic
828 1279 888 1337 visa
910 1278 1004 1338 hostia
1026 1279 1118 1338 adoro

60 1377 161 1455 ipsam
181 1375 423 1446 conditionaliter,
443 1385 472 1433 et
493 1374 681 1434 omnimode*
706 1374 836 1434 deadoro
862 1393 968 1452 corpus
987 1375 1117 1447 Domini,

61 1474 147 1552 quod
160 1483 205 1533 est
219 1491 343 1533 sursum.
385 1472 423 1531 Et
437 1473 479 1531 sic
497 1473 650 1548 responsio
670 1472 708 1532 ad
722 1474 792 1532 istas
812 1491 863 1532 sex
883 1474 1009 1550 argutias
1023 1485 1119 1551 potest

62 1588 131 1632 esse
145 1571 274 1631 medium
289 1570 328 1631 ad
341 1570 519 1631 tollendum⁸
532 1571 695 1630 consimilia
709 1581 888 1648 argumenta.
1065 1570 1072 1600 ⁸

505 1998 600 2058 CAP.
622 1999 676 2058 XI.

484 2153 529 2211 De
556 2154 696 2231 baptismo.

105 2312 228 2371 Alitheiz.
271 2310 360 2387 Rogo
378 2320 414 2381 te,
430 2310 517 2370 frater
530 2310 696 2383 Phronesis,
712 2323 806 2372 cesset
824 2314 948 2391 litigiosa
967 2314 1116 2376 contentio
1150 2324 1268 2400 3¹32ng-

62 2411 193 2471 Pseustis
213 2410 312 2480 nostri,
327 2418 356 2467 et
375 2408 570 2485 procedamus
591 2428 643 2486 per
660 2409 792 2469 ordinem
814 2412 853 2470 ad
874 2431 925 2471 sex
946 2413 1001 2472 alia
1021 2431 1116 2474 sacra·

62 2517 172 2567 menta.
214 2506 252 2566 Et
274 2507 344 2584 quia
365 2523 427 2565 non
447 2507 582 2582 procedis
602 2506 764 2566 secundum
785 2509 918 2567 ordinem
940 2529 999 2587 quo
1022 2529 1117 2570 sacra-

63 2616 166 2664 menta
191 2604 339 2681 superius⁸
359 2605 493 2675 recitasti,
515 2603 568 2662 sed
592 2606 689 2681 potius
715 2607 876 2665 secundum
899 2609 1033 2668 ordinem
1057 2627 1117 2686 quo

64 2713 249 2762 sacramenta
264 2702 295 2761 in
309 2703 451 2778 scriptura
465 2719 548 2760 sacra
562 2703 727 2779 expressius
747 2715 814 2762 suut
829 2705 955 2778 lundata,
970 2708 1037 2766 ideo
1050 2717 1118 2784 post

63 2810 281 2862 sacramentum
296 2799 486 2858 eucharistiae
501 2799 690 2860 videturesse
711 2802 871 2862 evidentius
891 2805 1074 2865 tractandum
1088 2806 1120 2863 de

62 2897 206 2974 baptismo.
248 2898 321 2956 Ideo
336 2897 439 2956 vellem
454 2896 534 2973 quod
549 2898 585 2956 de
600 2898 665 2975 ipso
681 2899 788 2975 aliquid
802 2901 968 2978 loquereris

104 2994 268 3054 Phrenesis.
310 2995 410 3055 Placet
431 2996 468 3054 de
489 2997 545 3055 isto
567 2997 677 3056 ordine.
719 2997 759 3056 Et
779 3001 873 3075 primo
894 3002 1053 3073 videamus,
1067 3003 1118 3061 ubi
1153 3007 1303 3083 mm,

60 3093 227 3170 baptismus
245 3095 275 3151 in
295 3094 448 3170 evangelio
463 3094 611 3153 stabilitur.
653 3094 733 3154 Nam
753 3096 836 3172 lego⁷
850 3097 992 3158 Matthaei
1006 3100 1118 3168 ultimo,
1152 3059 1254 3126 'mim

62 3191 219 3268 quomodo
236 3190 370 3250 Christus
389 3190 537 3250 mandavit
556 3193 615 3252 suis
633 3194 789 3269 apostolis:
817 3196 872 3254 ‘ite
892 3196 995 3256 docete
1014 3214 1119 3255 omnes

63 3297 168 3365 gentes
196 3289 375 3365 baptisantes
405 3307 458 3348 eos
486 3290 517 3347 in
541 3291 662 3348 nomine
685 3290 778 3350 Patris
803 3303 832 3350 et
856 3292 920 3352 Filii
944 3305 973 3353 et
998 3295 1120 3372 Spiritus

66 3383 201 3446 Sanctit’
243 3386 282 3446 Et
295 3386 365 3446 hinc
376 3386 529 3463 Philippus
543 3388 695 3464 baptisans
709 3389 876 3448 eunuchum
890 3392 956 3450 Act.
971 3393 1024 3450 viii
1041 3393 1121 3469 prius

65 3485 203 3543 instruxit
226 3502 295 3543 eum
319 3485 351 3543 in
375 3485 442 3555 fide,
464 3485 539 3543 sicut
558 3483 689 3543 fecerunt
710 3486 834 3563 apostoli
855 3488 920 3547 Act.
943 3489 980 3562 ii.,
1002 3489 1121 3566 quando

64 3581 210 3660 populum
221 3583 445 3660 baptisaverunt.
482 3579 630 3640 Christum
642 3592 740 3641 tamen
751 3602 812 3642 non
825 3587 952 3662 oportuit
960 3587 1122 3665 Baptistam

66 3680 234 3752 instrueret
256 3681 293 3740 de
314 3699 374 3758 quo
389 3680 461 3739 Luc.
482 3679 529 3750 iii,
550 3678 603 3738 sed
622 3698 639 3738 e
659 3691 759 3740 contra
780 3682 810 3741 in
832 3682 991 3744 humilitate
1012 3696 1041 3745 et
1060 3686 1124 3745 aliis

67 3778 223 3838 virtutibus
243 3797 263 3837 a
279 3777 412 3838 Domino
433 3788 477 3837 est
498 3777 661 3837 instructus.
703 3779 741 3839 Et
763 3793 881 3858 propter
901 3782 978 3842 hanc
998 3783 1123 3842 sormam

102 3968 110 3998 ¹
127 3966 195 4032 sum]
207 3967 236 4024 si,
247 3967 280 4016 D.
380 3966 390 3995 ¹
406 3964 521 4041 propter]
534 3981 585 4030 per,
597 3967 691 4017 ΑΒΕ.
703 3968 741 4018 ed.
754 3986 791 4034 pr.
889 3971 898 3999 ³
919 3971 1018 4036 reputo]
1031 3979 1124 4036 repeto,

68 4033 109 4084 ed.
122 4048 159 4097 pr.
258 4031 439 4096 ‘omnimode]
451 4046 562 4085 ommno.
575 4030 608 4080 D.
620 4032 659 4081 ed.
671 4048 708 4097 pr.
810 4035 1048 4101 ’tollendum]om.
1061 4037 1123 4086 Α.Β.

68 4100 79 4129 ⁸
98 4097 223 4162 superius]
236 4098 355 4162 inscripta
366 4097 484 4163 superius,
499 4096 592 4146 hnc.
603 4097 643 4146 ed.
654 4113 691 4161 pr.
854 4101 864 4129 ἵ
880 4101 950 4176 lego]
962 4102 1025 4166 lege,
1036 4103 1074 4153 ed,
1086 4118 1124 4168 pr,

68 4165 78 4194 ⁸
97 4178 186 4213 omnes
197 4164 424 4228 gentes-Spiritus
435 4160 533 4226 Sancti]
546 4177 595 4211 om.
608 4161 670 4213 Α.Β.
682 4163 720 4214 ed.
733 4180 770 4228 pr.
880 4167 890 4195 ⁹
907 4181 950 4216 ue.
962 4168 1063 4218 Christo
1073 4184 1124 4219 non

69 4243 136 4294 opus
147 4227 193 4278 fuit
204 4227 366 4280 instructione
378 4227 511 4293 baptistae.
756 4241 757 4246 ¹
