2864 4836
137 452 220 490 cans.
498 434 837 499 TRIALOGUS.

138 593 196 652 nisi
210 594 252 652 sic
266 594 395 653 moriens
408 597 524 671 posset¹
538 597 632 657 vivere
647 608 714 674 post
728 598 804 657 hanc
816 599 919 658 vitam:
941 617 1013 675 ergo
1028 600 1188 660 conclusio.

139 689 334 767 Assumptum
348 703 428 768 patet
441 711 478 753 err
496 694 562 765 hoc,
577 696 659 771 quod
669 695 761 754 homo
775 695 828 755 de'
842 698 1050 756 communitate
1067 699 1190 757 omnino

135 787 224 865 justa,
235 798 332 863 potest
343 789 420 865 juste
433 793 509 850 mori
524 810 579 869 pro
593 792 641 851 illa
655 793 800 865 salvanda,
812 813 880 853 cum
890 795 929 852 illi
944 796 1145 854 communitati
1158 809 1188 855 et

138 883 253 944 homini
272 887 406 946 morienti
424 887 499 947 soret
518 890 549 948 in
569 908 640 949 casu
658 891 785 963 utilius³;
814 910 883 951 cum
902 910 973 968 ergo
988 894 1085 952 omnis
1100 893 1191 953 homo

139 981 228 1042 debet
251 993 388 1059 appetere
415 985 509 1061 majus
533 987 654 1056 bonum,
679 987 760 1064 quod
789 989 983 1047 communiter
1007 999 1051 1048 est
1079 990 1191 1049 bonum

138 1079 298 1155 publicum,
318 1079 443 1139 videtur⁴
457 1082 538 1158 quod
558 1081 649 1141 homo
671 1084 701 1142 in
722 1102 793 1143 casu
814 1084 901 1144 debet
921 1085 1026 1162 eligere
1047 1088 1087 1146 ita
1107 1089 1190 1147 mori.

139 1176 258 1237 Bonum
273 1189 370 1237 autem
389 1180 589 1239 communitati
609 1182 747 1256 possibile
766 1193 810 1242 est
824 1182 861 1242 de
881 1183 945 1260 lege
960 1195 1079 1244 naturae
1095 1188 1191 1262 potius

138 1277 316 1353 eligendum.
360 1275 425 1337 Nec
444 1279 573 1349 dubium,
587 1281 658 1355 quin
678 1281 709 1338 in
728 1281 824 1340 multis
840 1283 955 1341 casibus
969 1281 1045 1343 soret
1058 1301 1190 1343 commu·

139 1375 221 1436 nitati
235 1376 339 1448 utilius,
354 1387 464 1435 certam
478 1394 636 1453 personam
650 1380 734 1449 mori,
749 1397 838 1455 quam
853 1381 947 1455 ipsam
961 1381 1054 1439 vivere
1073 1381 1191 1440 ulterius

138 1474 229 1532 etiam
243 1474 378 1533 virtuose.
420 1473 459 1532 Et
472 1474 576 1534 eadem
594 1486 638 1534 est
656 1477 729 1535 ratio
748 1478 835 1536 etiam
855 1477 892 1537 de
911 1478 1031 1537 homine
1049 1479 1080 1536 in
1100 1479 1191 1556 adop·

140 1571 222 1630 tione
242 1571 351 1647 posito,
370 1571 414 1629 vel
435 1583 589 1647 peccatum
610 1573 791 1632 committere
812 1574 856 1632 vel
878 1574 1038 1633 secundum
1060 1577 1192 1634 virtutem

141 1669 369 1746 temperantiae⁶
386 1671 464 1746 juste
483 1671 566 1729 mori.
611 1670 770 1747 Supposito
790 1689 870 1747 ergo,
885 1682 916 1730 ut
936 1672 993 1730 fide
1008 1691 1060 1748 per
1076 1691 1107 1732 se
1122 1683 1193 1732 nota

138 1765 262 1838 bomini,
277 1768 358 1844 quod
371 1778 448 1826 esset
469 1770 523 1828 sibi
542 1769 701 1828 virtuosum
715 1779 743 1827 et
758 1769 853 1827 utilius
872 1770 911 1827 ita
929 1770 1014 1839 mori,
1028 1782 1192 1846 quaeratur,

137 1865 250 1940 quando
262 1866 317 1924 ista
335 1865 440 1924 utilitas
459 1885 495 1925 ex
515 1876 608 1925 morte
629 1867 683 1926 sibi
703 1867 893 1942 contingeret,
913 1867 958 1925 vel
978 1879 1045 1926 ante
1067 1878 1192 1926 mortem

138 1980 233 2032 suam,
248 1963 293 2022 vel
307 1964 394 2039 post?
435 1962 505 2023 Non
520 1976 587 2024 ante
601 1975 726 2023 mortem
741 1982 833 2034 suam,
852 1982 920 2023 cum
940 1981 1020 2024 mors
1034 1983 1095 2023 non
1110 1976 1191 2024 ante·

139 2078 230 2138 quam
254 2059 346 2131 fuerit,
368 2061 453 2120 infert
478 2062 605 2133 bonum;
638 2063 662 2121 si
687 2072 754 2138 post
775 2074 900 2120 mortem
921 2079 1013 2132 suam
1035 2073 1104 2121 tunc
1125 2075 1193 2139 post

136 2167 262 2217 mortem
284 2176 368 2217 suam
390 2159 500 2234 spiritui
523 2178 577 2218 suo
600 2159 702 2219 inferet
725 2159 794 2218 illud
817 2161 946 2231 bonum;
981 2171 1009 2220 et
1031 2179 1084 2237 per
1111 2161 1190 2220 idem

139 2255 273 2332 semper⁸
286 2257 416 2315 manebit
429 2257 475 2316 ille
490 2258 614 2334 spiritus,
630 2276 697 2316 cum
711 2276 729 2316 a
743 2275 866 2333 corpore
881 2276 942 2316 non
958 2257 1112 2334 dependet.
1154 2259 1193 2319 Et

138 2353 212 2413 tales
226 2364 292 2413 sunt
307 2354 416 2414 mrrltae
434 2356 561 2414 rationes
580 2356 820 2415 demonstrationi
840 2355 1031 2432 propinquae,
1046 2366 1077 2415 ut
1096 2355 1192 2433 qu0d⁷

138 2452 329 2528 sapientiores
350 2463 379 2511 et
399 2454 557 2512 sanctiores
577 2452 713 2512 homines
733 2453 826 2511 taliter
847 2453 1017 2523 moriuntur,
1038 2472 1099 2513 non
1120 2473 1192 2530 ergo

137 2548 177 2608 illi
192 2549 222 2606 in
236 2566 325 2608 causa
339 2559 400 2609 tam
414 2551 580 2609 necessaria
590 2549 734 2626 superflue
750 2552 920 2620 moriuntur,
931 2552 1000 2626 quia
1014 2561 1083 2610 tunc
1094 2563 1192 2611 essent

138 2648 391 2709 ‘miserabiliores'
411 2662 441 2709 et
465 2649 610 2709 stultiores
632 2651 762 2709 ‘cunctis
787 2648 986 2720 homimbus⁸,'
1012 2651 1086 2709 sicut
1110 2650 1191 2709 multi

138 2746 275 2807 homines
297 2765 391 2825 usque
412 2747 449 2807 ad
470 2748 560 2806 finem
581 2748 655 2805 vitae
677 2765 746 2807 suae
768 2748 797 2805 in
819 2748 969 2806 virtutibus
990 2761 1190 2824 perseverant;

139 2844 252 2923 aliqua·
262 2863 333 2922 ergo
347 2845 422 2905 foret
436 2863 549 2905 merces
562 2844 617 2904 illis
631 2845 727 2905 aDeo
740 2845 898 2921 magnifico
912 2846 943 2904 in
957 2846 1014 2906 fine
1029 2848 1191 2918 tribuenda,

139 2961 203 3002 non
223 2943 252 3001 in
271 2945 328 3002 vita
342 2944 405 3015 ista,
420 2961 487 3002 cum
502 2942 584 3001 Deus
599 2943 742 3020 disposuit
757 2944 838 3019 quod
851 2944 882 3001 in
896 2944 1046 3005 virtutibus
1065 2947 1191 3007 morian·

138 3053 203 3113 tur;
235 3059 308 3118 ergo
332 3052 470 3118 superest,
496 3040 577 3118 quod
602 3041 632 3098 in
656 3041 713 3099 vita
733 3040 843 3113 futura;
876 3051 905 3100 et
930 3061 982 3117 per
1006 3061 1191 3121 consequens

138 3140 256 3216 spiritus
284 3149 351 3216 post
379 3149 504 3198 mortem
533 3138 663 3214 corporis
694 3137 821 3198 hominis
850 3139 1000 3198 durabit¹⁰.
1058 3140 1192 3201 Similiter

138 3236 234 3296 eum¹¹
254 3235 337 3295 Deus
353 3237 429 3314 juste
450 3236 593 3295 distribuit
614 3237 744 3311 praemia
764 3237 896 3296 virtuosis
918 3237 980 3296 sine
1002 3256 1192 3314 personarum

139 3334 321 3410 acceptione,
336 3334 446 3393 notatis
466 3334 590 3403 duobus,
605 3351 730 3409 quorum
744 3351 820 3392 unus
834 3335 960 3392 virtuose
975 3335 1059 3404 vivat,
1077 3344 1105 3392 et
1120 3335 1192 3395 alius

137 3432 321 3508 voluptuose,
335 3448 388 3507 per
402 3441 494 3491 totam
511 3449 594 3490 suum
613 3429 776 3507 periodum,
791 3440 915 3506 oportet,
931 3431 1012 3506 quod
1027 3448 1082 3507 pro
1096 3431 1193 3509 aliqua

136 3547 277 3590 mensura
297 3531 437 3605 temporis
458 3531 494 3589 sit
516 3530 592 3606 juste
613 3529 668 3587 illis
689 3528 725 3587 de
747 3546 801 3586 suo
823 3526 981 3603 praemio¹⁹
1001 3528 1192 3607 dispertitum,

137 3648 201 3691 non
224 3632 255 3689 in
275 3630 330 3691 hac
350 3631 415 3701 vita,
434 3640 467 3688 ut
484 3639 564 3706 patet
588 3647 624 3688 ex
646 3646 731 3699 casu;
766 3645 836 3703 ergo
857 3639 997 3702 superest,
1021 3626 1101 3703 quod
1123 3640 1191 3704 post

137 3739 274 3789 mortem.
325 3726 363 3788 Et
384 3727 452 3805 quia
473 3726 546 3786 fides
566 3726 723 3801 scripturae
744 3734 788 3782 est
809 3724 896 3800 plena
917 3724 1084 3783 testimonio
1105 3724 1191 3802 hujus

171 3934 180 3964 ¹
198 3933 294 3998 posset]
306 3936 393 3998 possit,
404 3933 443 3984 ed.
456 3949 492 3998 pr.
615 3931 624 3961 ¹
640 3931 682 3994 de]
696 3947 749 3995 pro,
762 3932 823 3980 Ab.
950 3931 959 3960 ⁸
976 3930 1071 3994 utilius]
1084 3931 1191 3981 medium

138 4000 175 4049 uti
187 3999 233 4053 'us,
245 3999 283 4049 ed.
294 4014 332 4063 pr.
448 3998 457 4027 ⁴
474 3996 580 4060 videtur]
594 3997 689 4046 videtur
699 3997 773 4053 enim,
785 3997 823 4045 ed.
836 4013 872 4090 ρξ.
982 3996 1190 4110 Ηαιιρετιειὲἰαε]

136 4064 427 4180 tutundit,
481 4062 842 4192 ‘vulturnu
855 4060 1211 4200 pl¹q¹¹⁰⁶ll¹ssltunllt

138 4193 247 4250 durabit.
258 4193 321 4244 Α.Β.
421 4144 525 4257 ΙΡἀπ]
537 4192 611 4251 enirn,
622 4192 660 4242 ed.
673 4207 709 4256 pr.
809 4191 827 4222 ¹¹
844 4190 965 4256 praemio]
979 4199 1065 4255 pretio.
1077 4191 1115 4241 ed.
1127 4207 1163 4256 pr.

1268 457 1328 526 ¹03
