2864 4836
56 458 154 502 carae
425 436 764 499 TRIALOGUS.

12 642 21 651 .
57 607 162 671 tatem,
174 597 255 675 quod
270 598 440 672 consuluit¹,
451 610 483 659 ut
498 601 565 678 ‘qui
575 600 657 660 velit⁹
667 610 764 659 tecum
776 598 886 677 judicio
897 595 1074 658 contendere
1088 606 1118 657 et

56 697 191 757 tunicam
204 706 285 756 tuam
298 698 406 770 tollere,
420 698 544 775 praebe³
557 699 584 758 ei
599 707 628 758 et
642 698 778 777 pallium,’
793 708 824 757 ut
840 705 960 757 testatur
977 695 1118 755 Matthaei

57 796 271 872 evangeliumt

103 892 269 955 Phrenesis.
311 893 348 955 Ῑιι
364 895 570 973 prosequendo
585 895 727 965 ordinem,
742 912 832 973 quem
842 893 948 971 incepi,
962 909 1024 952 non
1038 892 1118 953 vide-

58 1003 109 1054 tur
122 993 195 1053 mihi
212 994 282 1053 utile
301 1003 424 1054 tractare
443 994 563 1064 solicite,
578 1012 653 1071 quae
667 994 756 1053 virtus
776 993 822 1053 cui
841 993 963 1053 istorum
983 992 1116 1051 vitiorum

57 1090 172 1151 directe
196 1102 226 1151 et
248 1092 334 1170 plene
357 1093 524 1169 opponitur,
546 1110 614 1152 cum
634 1101 695 1151 tam
715 1092 833 1151 virtutes
853 1108 942 1168 quam
963 1091 1030 1150 vitia
1051 1100 1118 1149 sunt

59 1206 208 1262 connexa,
225 1199 255 1249 et
264 1207 357 1249 unum
367 1191 467 1249 vitium
481 1190 643 1249 secundum
657 1207 747 1249 unam
757 1190 901 1249 rationem
914 1189 1009 1247 virtuti
1023 1205 1118 1265 oppo-

60 1287 148 1359 nitur,
177 1287 254 1348 aliud
281 1297 380 1348 autem
409 1288 570 1348 secundum
598 1288 700 1360 aliam;
736 1287 803 1346 ideo
828 1295 925 1363 potest
948 1287 1014 1357 dici,
1037 1286 1118 1363 quod
1209 1330 1210 1334 ,

59 1397 185 1463 utraque
197 1385 318 1446 istarum
329 1387 464 1445 virtutum
475 1387 633 1468 opponitur
643 1386 711 1444 vitio
722 1386 781 1444 irae
792 1385 955 1445 secundum
969 1385 1117 1461 disparem

59 1485 215 1545 rationem
265 1483 336 1545 Hoc
358 1495 457 1544 tamen
479 1484 639 1544 tenendum
661 1494 755 1543 estut
780 1485 862 1554 fides,
884 1482 964 1559 quod
986 1482 1118 1543 Christus

59 1581 227 1642 secundum
247 1600 337 1642 omne
358 1600 452 1659 genus
472 1583 608 1640 virhrtum
628 1581 682 1641 luit
702 1600 817 1641 summe
838 1593 870 1641 ut
891 1580 973 1640 fons⁶
994 1581 1117 1657 plenitu-

60 1681 141 1742 dinis
154 1681 307 1752 virtuosus,
328 1691 357 1740 et
377 1698 430 1757 per
451 1697 636 1756 consequens
657 1697 719 1738 non
741 1679 794 1739 fuit
814 1679 976 1738 secundum
991 1679 1117 1755 aliquem

63 1777 192 1855 gradum
218 1788 341 1856 peccato
370 1778 536 1838 iracundiae
563 1779 695 1838 irretitus.
745 1777 834 1836 Unde
862 1776 899 1836 de
924 1776 972 1836 illo
999 1786 1119 1835 testatur

59 1878 168 1939 Petrus
183 1897 196 1938 r
210 1878 285 1939 Petr.
296 1879 334 1949 ii,
348 1879 429 1957 quod
444 1878 593 1938 ‘Christus
608 1895 712 1955 passus
726 1888 770 1937 est
784 1895 839 1954 pro
852 1877 938 1936 nobis
952 1876 1118 1953 relinquens
1166 1943 1223 1970 m
1242 1946 1254 1971 e

59 1977 241 2055 exemplum,
254 1987 286 2036 ut
307 1977 469 2054 sequamini
490 1977 612 2053 vestigia
632 1976 704 2053 ejus,
725 1976 774 2053 qui
796 1984 950 2052 peccatum
971 1993 1033 2034 non
1052 1974 1176 2036 lecit

61 2093 122 2135 nec
141 2075 277 2135 inventus
294 2085 339 2135 est
357 2075 442 2134 dolus
456 2075 486 2132 in
505 2092 555 2133 ore
575 2075 647 2151 ejus,
662 2075 712 2151 qui
733 2092 800 2133 curn
819 2072 1038 2133 malediceretur
1057 2070 1163 2132 non

61 2171 266 2244 maledicebat,
282 2190 350 2232 cum
368 2181 514 2251 pateretur
533 2190 594 2231 non
615 2173 855 2243 comminabatur,
871 2172 1003 2232 tradebat
1021 2182 1119 2232 autem

60 2271 206 2350 judicanti
227 2289 260 2331 se
285 2271 399 2348 injuste,
422 2270 491 2347 qnia
517 2270 579 2348 ipse
603 2280 724 2348 peccata
744 2281 844 2330 nostra
864 2270 980 2348 pertulit
1003 2271 1034 2329 in
1055 2289 1119 2331 cor-

61 2388 139 2450 pore
162 2387 217 2430 suo
238 2388 327 2447 super
351 2369 472 2447 lignum,
493 2382 526 2431 ut
550 2371 677 2449 peccatis
703 2370 809 2428 mortui
831 2369 957 2445 justitiae
981 2369 1120 2439 vivamus,

61 2468 150 2546 cujus
164 2467 253 2527 livore
266 2469 361 2527 sanati
379 2469 447 2527 estis
453 2469 481 2528 'l'
524 2468 669 2546 Maj0rem
688 2468 840 2526 mititatem
854 2484 942 2525 nemo
957 2476 1057 2542 posset
1071 2484 1120 2526 os-

63 2564 188 2627 tendere
207 2583 297 2642 quam
317 2567 399 2642 quod
418 2585 546 2644 persona
564 2567 761 2643 omnipotens,
781 2582 856 2642 quae
875 2564 928 2622 levi
944 2565 1119 2640 cogitatione

61 2674 167 2742 posset
185 2681 291 2723 omnes
310 2663 409 2724 hostes
427 2683 506 2736 suos,
521 2666 545 2725 si
564 2665 657 2735 vellet,
672 2675 864 2741 prosternere,
879 2681 982 2722 eorum
1000 2663 1119 2740 injurias

61 2773 126 2823 tam
146 2763 236 2821 verbo
258 2780 347 2839 quam
369 2780 459 2840 opere
482 2763 520 2822 ita
540 2763 684 2823 humiliter
705 2762 869 2822 sufferebat
912 2760 977 2821 Nec
999 2761 1118 2821 dubium

60 2860 135 2939 quin
150 2878 238 2921 causa
252 2879 343 2938 quare
356 2862 398 2921 sic
412 2860 488 2932 lecit,
504 2861 557 2921 luit
570 2872 602 2920 ut
622 2861 703 2920 daret
722 2860 891 2936 exemplum
910 2860 1119 2937 posterioribus

64 2959 206 3019 membris
220 2959 288 3030 suis,
302 2970 334 3019 ut
348 2958 441 3019 taliter
455 2961 608 3037 patiantur.
651 2959 735 3031 Quae
750 2959 888 3035 patientia
903 2959 968 3034 plus
983 2958 1120 3018 florebat⁷

62 3058 95 3117 in
109 3057 170 3117 suis
183 3057 324 3134 apostolis
338 3068 367 3117 et
381 3058 540 3118 carioribus
554 3056 632 3135 ejus⁸
647 3057 810 3134 discipulis:
833 3073 911 3114 nunc
925 3065 1021 3114 autem
1037 3056 1119 3131 quasi

62 3156 188 3215 omnino
202 3155 327 3215 alienata
339 3165 383 3215 est
401 3155 474 3215 haec
489 3155 595 3216 Christi
615 3157 746 3227 imitatio,
761 3156 829 3232 quia
847 3154 893 3213 lex
914 3153 976 3230 ejus
991 3164 1019 3213 et
1034 3172 1118 3212 suurn

62 3254 219 3313 consilium
238 3254 322 3332 quasi
340 3254 465 3314 totaliter
483 3255 613 3314 exulavit
657 3253 745 3312 Unde
764 3254 826 3329 ipse
845 3250 1024 3328 prophetans
1043 3252 1119 3310 istud

62 3352 183 3411 exilium
205 3363 303 3412 narrat
326 3353 386 3411 suis
411 3352 482 3423 filiis,
505 3352 656 3430 quomodo
678 3351 786 3429 praelia
810 3359 839 3408 et
860 3350 1015 3425 opiniones
1036 3367 1120 3425 prae-

62 3449 185 3510 liorum'
206 3459 273 3511 sunt
292 3451 486 3527 multipliciter
505 3452 638 3512 audituri.
680 3450 718 3508 Et
736 3461 835 3506 tamen
854 3464 916 3505 non
937 3447 1120 3506 obstantibus

62 3548 134 3619 istis,
152 3547 279 3625 religiosi
298 3549 399 3626 privati
419 3549 468 3626 qui
488 3549 622 3609 videntur
641 3565 705 3606 esse
724 3543 867 3623 aliquid¹⁰,
889 3545 989 3604 dicunt
1008 3544 1119 3605 tacite¹¹

62 3645 146 3723 quod
163 3647 320 3707 observant
333 3645 430 3724 legem
443 3647 584 3724 evangelii
595 3656 624 3705 et
635 3645 743 3705 docent
753 3644 831 3703 illam
841 3644 996 3704 efficaciter
1006 3644 1121 3705 etiam¹²

97 3852 260 3918 ιοοιιειιΙιιιι]
272 3851 397 3903 mnsulmt
409 3851 500 3902 Matth
512 3868 544 3910 ιι..
557 3852 595 3902 ed.
608 3868 645 3916 pr
802 3850 900 3916 velit]
912 3851 972 3908 vult
986 3851 1015 3901 B.
1027 3852 1121 3916 primae

63 3933 161 3974 manus,
173 3917 254 3968 edr
360 3917 488 3982 ³1)]raebe
501 3917 542 3974 da,
555 3917 588 3966 D.
703 3916 756 3966 ⁴ut
768 3925 871 3967 testatur
884 3917 1005 3968 Matthaei
1017 3933 1121 3980 evange·

62 3983 138 4048 lium]
150 3999 200 4033 orn
205 3934 261 4032 Ιξ
258 3982 297 4033 cd.
310 3999 347 4047 pr.
413 3983 535 4034 ‘summe
545 3992 573 4032 ut
585 3982 651 4046 sons
664 3989 691 4031 ut
703 3983 758 4032 lons
767 3999 884 4037 summae
893 3983 957 4032 A..C
1022 3983 1120 4032 ‘relin-

61 4064 142 4144 poena
159 4064 229 4099 exetn
247 4047 413 4099 lum-sanati
432 4047 504 4112 estis]
521 4049 596 4097 verba
617 4047 666 4096 loci
682 4048 813 4097 rPetriir.
832 4062 1006 4109 21-24.om.
1025 4048 1064 4097 ed.
1082 4064 1120 4112 pr.

91 4113 206 4178 florebat]
237 4114 310 4171 oruit,
321 4114 360 4163 ed
372 4131 409 4179 pr,
541 4112 630 4177 ⁸ejus]
643 4129 692 4161 οιιι.
704 4114 743 4162 ed
755 4129 792 4176 pr.
932 4113 1119 4177 ‘praeliorum

64 4179 254 4236 bellorum,.;C
272 4179 304 4228 ci.
316 4180 408 4230 Matth.
420 4178 519 4229 xxiv..6
586 4179 605 4210 ¹⁰
621 4178 651 4228 ci.
664 4179 720 4228 Gal.
732 4177 792 4228 ito
862 4178 880 4208 ¹¹
896 4178 983 4242 tacite]
996 4188 1074 4236 cante,
1087 4179 1119 4227 D.

64 4245 84 4276 ¹²
101 4244 190 4309 etiam]
201 4260 251 4294 om.
264 4244 357 4296 ΑΒΕ.

567 4346 620 4386 N2
