2864 4836
67 466 155 503 caat
430 441 772 505 TRIALOGUS.

67 618 143 664 runt
157 606 272 665 contriti
286 605 323 665 de
337 605 386 664 tali
396 605 518 678 haeresi,
529 605 574 664 vel
588 615 789 666 remanserunt
802 614 871 682 post
885 613 1010 662 mortem
1024 603 1124 662 haere-

70 705 131 776 tici,
146 722 207 764 non
222 715 266 763 est
286 714 419 764 nostrum
440 713 550 763 temere
574 704 703 764 diffinire.
747 703 830 763 Deus
851 715 951 762 tamen
971 703 1021 779 qui
1043 703 1123 761 novit

71 821 190 874 arcana,
207 803 302 862 noscit
322 803 470 862 veritatem
492 804 522 861 in
540 803 595 861 ista
615 804 743 874 materia,
763 803 851 861 sicut¹
874 803 946 861 aliae
973 818 1125 877 personae,

71 902 181 978 quibus
195 902 257 977 ipse
271 901 393 960 voluerit
406 899 540 959 revelare.
583 899 655 959 Non
669 901 782 959 autem²
794 913 928 961 tenemur
947 901 1065 962 credere
1079 897 1124 957 vel

72 999 170 1058 verbis
184 998 347 1069 ostendere,
361 997 442 1074 quod
458 998 521 1075 ipse
542 1009 609 1074 post
629 1009 753 1057 mortem
774 1001 809 1057 sit
828 1011 910 1075 pater
933 1000 1125 1066 beatissimus,

72 1097 191 1157 sicutin
201 1096 257 1156 vita
267 1097 432 1155 adulatores
443 1095 539 1172 cupidi
551 1097 647 1171 ipsum
661 1096 795 1167 clamant,
811 1097 862 1156 sed
877 1098 901 1156 si
915 1099 946 1156 in
960 1098 1018 1156 vita
1031 1113 1124 1171 usque

73 1195 115 1256 ad
135 1205 260 1254 mortem
273 1213 292 1254 a
305 1195 412 1256 Christi
426 1194 544 1271 sequela
558 1194 624 1271 plus
637 1194 721 1252 fuerit
740 1195 927 1266 deformatus,
941 1207 1011 1255 tunc
1032 1196 1063 1253 in
1082 1195 1126 1251 in-

73 1293 160 1352 iemo
170 1293 343 1369 profundius
354 1302 399 1351 est
410 1293 573 1352 damnatus.
608 1292 719 1352 Multos
730 1303 827 1352 autem
840 1312 977 1370 suppono
989 1293 1126 1352 seductos

72 1390 164 1452 fuisse
192 1390 247 1449 hac
274 1390 395 1460 haeresi,
420 1391 469 1466 qui
497 1390 618 1449 finaliter
646 1391 840 1467 poenitebant,
866 1403 897 1449 ut
925 1407 1061 1467 suppono
1089 1388 1126 1446 de

73 1488 207 1547 Domino
221 1488 414 1547 Laircolm'enst'
425 1499 456 1547 et
470 1489 572 1547 ceteris
586 1489 635 1564 qui
653 1489 683 1545 in
698 1485 827 1564 scriptis³
841 1489 1025 1566 reliquerant,
1044 1486 1126 1563 quod

73 1586 214 1646 accidens
233 1588 344 1663 potest*
357 1604 421 1645 esse
443 1586 505 1644 sine
525 1587 665 1662 subjecto.
707 1587 746 1645 Et
767 1588 850 1646 cum⁶
872 1588 966 1647 dictus
979 1585 1127 1644 Lr'ncolm'-

74 1685 151 1743 ensis
163 1684 194 1741 in
212 1684 311 1760 glossa
325 1702 378 1742 sua
396 1682 433 1742 de
452 1683 555 1742 divinis
575 1685 742 1743 nominibus
761 1685 922 1754 ‘accidens
939 1681 1032 1756 dicitt,
1053 1682 1127 1742 sorte

70 1792 122 1866 'est
143 1782 206 1841 sine
227 1780 378 1857 subjecto,'
395 1791 424 1838 et
444 1781 613 1840 adverbium
634 1780 716 1840 istius
738 1783 849 1842 subtilis
872 1784 1000 1842 doctoris
1022 1782 1063 1839 sic
1083 1781 1128 1837 in-

75 1879 193 1954 telligo:
225 1879 361 1937 accidens
381 1878 437 1937 tale
458 1879 488 1937 in
510 1890 692 1937 sacramento
712 1890 828 1956 oportet
849 1882 879 1938 in
904 1891 971 1939 actu
993 1878 1127 1937 conside-

75 1977 199 2036 rationis
212 1987 328 2036 nostrae
341 1977 473 2047 existere,
485 1994 553 2035 cum
568 1976 680 2035 ιιιοιιιει7
695 1978 842 2036 actualiter
853 1995 972 2036 sensum
984 1985 1126 2046 nostrum,

77 2075 132 2134 sed
146 2075 408 2134 considerationem
422 2074 459 2133 de
473 2074 633 2150 quidditate
648 2075 770 2151 subjecti
785 2077 829 2134 sui
842 2077 925 2135 decet
939 2073 1128 2150 suspendere,

76 2183 107 2234 et
121 2181 213 2232 totam
235 2172 499 2230 considerationem
520 2173 698 2231 substantiae
719 2185 832 2232 creatae
853 2182 968 2250 oportet
989 2175 1019 2232 in
1041 2172 1130 2247 signi·

77 2269 180 2330 iicato⁸
201 2287 255 2328 suo
277 2269 421 2344 colligere,
442 2280 474 2328 ut
494 2268 621 2328 intrans·
642 2270 790 2330 basilicam
811 2289 874 2330 non
897 2272 990 2348 infigit
1011 2288 1130 2329 sensum

77 2384 166 2427 suum
179 2368 210 2425 in
229 2367 462 2426 consideratione
483 2367 519 2425 de
538 2368 697 2443 quidditate
715 2369 786 2445 ligni
802 2371 936 2445 imaginis
956 2370 1014 2428 sive
1029 2369 1130 2438 crucis,

78 2465 134 2525 sed
157 2465 254 2540 ipsum
279 2464 373 2523 colit¹⁰
398 2475 539 2540 quantum
564 2464 707 2524 suffecerit
732 2468 763 2523 in
788 2469 910 2542 signato.
963 2467 1010 2525 Sic
1035 2467 1131 2524 estin

79 2563 201 2622 materia
226 2562 262 2621 de
287 2561 381 2620 hostia
406 2574 585 2632 consecrata,
610 2573 639 2621 et
663 2565 731 2639 quia
755 2565 812 2622 hoc
837 2565 868 2622 fit
892 2563 1076 2640 quandoque,
1102 2573 1131 2621 et

78 2660 258 2737 quandoque
281 2661 459 2736 oppositum,
482 2661 549 2719 ideo
574 2662 703 2737 reput0²¹
728 2662 809 2738 quod
830 2661 1033 2720 Leircolniernis
1054 2661 1130 2732 dicit,

79 2759 219 2819 accidens
233 2758 306 2817 sorte
322 2776 386 2816 esse
400 2759 463 2817 sine
478 2759 617 2834 subjecto.
652 2760 690 2818 Et
704 2760 751 2819 illo
766 2761 858 2820 modo
872 2761 1029 2837 loquuntur
1038 2761 1131 2836 philo·

80 2856 177 2934 sophi,
191 2868 344 2933 ponentes,
359 2857 440 2932 quod
458 2866 574 2933 tempus
593 2857 679 2916 habet
699 2876 763 2917 esse
782 2878 834 2935 per
854 2860 992 2929 animam,
1007 2868 1036 2917 et
1050 2859 1132 2935 quod

80 2955 215 3014 sensibile
229 2973 281 3030 per
292 2955 557 3013 considerationem
570 2956 684 3014 animae
698 2968 742 3014 est
756 2958 785 3014 in
794 2967 868 3015 actu.
904 2958 1037 3033 Tempus
1053 2959 1132 3015 enim

82 3052 170 3112 habet
185 3052 302 3111 anobis
321 3070 385 3110 esse
404 3054 563 3128 cognitum,
579 3053 658 3129 quod
673 3056 708 3112 sit
723 3072 859 3112 mensura
875 3066 972 3121 motus
990 3056 1132 3114 sensibilis

81 3169 135 3228 per
149 3151 412 3210 considerationem
426 3153 541 3209 animae
556 3152 706 3221 actualem,
727 3153 800 3210 sicut
819 3153 953 3211 sensibile
973 3152 1059 3211 habet
1078 3172 1132 3229 po·

81 3250 203 3309 tentiam
223 3248 300 3307 illam
322 3249 467 3324 passivam
486 3248 635 3306 reductam
656 3249 694 3307 ad
715 3259 820 3318 actum,
837 3249 906 3307 dum
924 3250 1071 3307 actualiter
1090 3260 1134 3308 est

82 3348 227 3407 sentitum.
274 3346 312 3403 Et
326 3355 370 3405 est
388 3346 459 3403 mihi
474 3346 630 3421 probabile,
646 3346 726 3422 quod
740 3347 839 3421 magni
855 3346 1022 3422 philosophi
1036 3347 1067 3403 in
1081 3349 1134 3407 ista

83 3445 204 3503 materia
217 3445 258 3503 sic
273 3444 357 3503 tacite
377 3454 536 3502 senserunt.
579 3443 638 3501 Sed
651 3444 720 3519 quia
739 3443 842 3501 frustra
861 3455 904 3502 est
923 3445 1018 3501 rimari
1040 3446 1134 3503 inten-

82 3544 194 3601 tionem
216 3542 341 3601 auctoris
363 3541 448 3616 hujus
465 3541 578 3610 erroris,
592 3541 659 3598 ideo
678 3540 888 3599 discussionem
908 3553 994 3618 atque
1014 3554 1134 3601 conten-

83 3642 196 3700 tionem
218 3643 294 3700 circa
318 3639 395 3697 hanc
419 3638 548 3715 glossam
573 3639 704 3714 relinquo
729 3637 872 3715 theologis
897 3639 1134 3714 dimittendam¹²,

84 3750 182 3799 certus
196 3756 312 3814 semper
326 3737 362 3795 de
376 3737 433 3795 fide
448 3736 598 3811 evangelii,
613 3736 643 3794 in
658 3754 716 3812 qua
729 3736 871 3813 intrepide
886 3739 1072 3816 conquiesco

118 3893 252 3957 ¹sicut]
233 3900 312 3947 sicet.
324 3892 362 3941 ed.
375 3906 412 3955 pr.
494 3889 614 3955 ’autem]
627 3891 700 3948 enim,
713 3892 751 3940 ed.
763 3908 800 3956 pr.
890 3892 1025 3957 'scriptis]
1037 3893 1134 3958 scriptis

86 3960 145 4015 suis,
156 3960 195 4007 ed.
207 3975 244 4023 pr.
421 3955 540 4020 ¹potest]
553 3971 603 4004 non
614 3965 704 4021 potest,
718 3956 776 4006 B.C.
788 3957 882 4020 primae
894 3974 987 4013 manus,
1001 3958 1033 4006 D.
1046 3959 1125 4007 ed.r

84 4024 181 4088 ³cum]
194 4033 284 4078 tamen.
296 4022 335 4072 ed.
348 4037 385 4085 pr.
473 4021 619 4077 “accidens
632 4022 703 4086 dicit]
715 4023 861 4071 itascribit:
878 4023 992 4072 accidens
1004 3974 1132 4084 (dicitffi.

85 4091 124 4140 ed
137 4105 174 4154 pr.
272 4088 281 4116 ⁷
299 4086 394 4150 movet]
408 4093 499 4141 monet.
511 4087 548 4134 ed.
561 4102 598 4150 pr
692 4022 871 4162 ]⁸sigrrilicam]
884 4088 990 4151 signato,
1003 4088 1036 4137 D.
1048 4089 1086 4137 ed
1096 4106 1132 4153 pr.

83 4153 219 4218 '’intrans]
232 4163 330 4209 notans,
343 4152 375 4199 D.
451 4152 470 4180 ¹⁰
486 4150 545 4199 colit
571 4151 674 4216 colligit,
688 4152 720 4199 D.
733 4152 932 4215 primaemanus.
998 4154 1014 4183 ¹¹
1033 4154 1132 4220 reputo]

86 4229 180 4284 repeto
192 4219 230 4268 ed.
242 4235 279 4282 pr.
393 4217 411 4246 ¹²
427 4217 541 4266 dimitten
574 4216 610 4280 m]
623 4216 806 4280 disputandum,
818 4217 856 4266 cd.
869 4233 905 4280 pr.
