2864 4836
78 302 1341 335 -··-----------··⁷--.·----·--——---—————-—----q

560 413 813 494 somma
838 416 1047 479 Wrcrrr
1271 442 1346 490 uer,

291 578 373 654 piens
394 580 425 638 in
445 578 534 639 eorde
555 595 619 648 su0,
637 597 699 639 non
720 590 765 638 est
783 577 885 639 Deus'
925 579 1041 640 Textus
1061 591 1161 640 antem
1182 582 1342 661 scripturae

290 694 351 735 non
371 680 471 738 asserit
491 679 663 754 scripturam
682 676 788 746 dicere,
806 676 851 736 vel
871 696 961 754 posse
981 678 1088 749 dicere,
1109 681 1192 756 quod
1212 699 1277 740 non
1297 692 1344 741 est

289 774 379 835 Deus.
420 776 494 835 ldeo
515 793 583 833 cum
603 775 673 847 nihil
692 776 724 833 in
743 776 885 852 scriptura
902 776 1064 835 obmittitur
1076 777 1122 835 vel
1142 776 1261 836 additur
1279 780 1344 837 sine

289 892 384 946 causa,
406 887 526 952 propter
544 891 663 932 causam
682 872 841 932 notabilem
860 874 1002 950 scriptura
1020 875 1149 933 obmittit
1168 873 1250 934 illam
1270 895 1341 936 con·

285 972 467 1048 junctionem
483 971 598 1048 ‘quod’
1371 980 1375 985 '

328 1073 393 1133 Alia
417 1085 515 1132 autem
539 1073 701 1149 responsio,
725 1090 802 1148 qnae
825 1072 963 1131 admittit¹
987 1072 1075 1132 talem
1104 1073 1341 1151 suppositionem

287 1170 406 1230 mixtam
421 1173 483 1230 sine
498 1171 670 1229 limitatione
684 1170 862 1247 hujusmodi,
875 1170 1004 1230 intricat²
1017 1190 1049 1230 se
1067 1172 1163 1247 ipsam
1181 1171 1337 1247 superflue,

287 1269 352 1329 ideo
366 1270 492 1346 gaudeat
506 1268 600 1328 fructu
613 1268 721 1328 laboris
733 1269 849 1339 inutilis,
865 1269 936 1328 dum
949 1270 1116 1346 respondet
1158 1268 1242 1328 Nihil
1260 1271 1339 1328 enim

286 1367 411 1428 utilitatis
423 1369 509 1428 video
523 1369 555 1426 in
568 1368 761 1426 concessione
774 1368 886 1443 primae
905 1368 1112 1438 conclusionis,
1125 1384 1217 1443 quam
1231 1367 1341 1426 Alithia

285 1471 378 1543 infert,
398 1472 453 1530 nisi
473 1489 578 1528 vanarn
596 1470 720 1546 gloriam
737 1481 768 1529 et
785 1469 924 1539 laborem,
943 1472 1012 1547 quia
1028 1481 1062 1528 ut
1079 1469 1215 1540 videtur’,
1235 1467 1339 1527 intelli·

285 1570 384 1644 gendo
405 1571 446 1630 sic
467 1569 581 1627 mixtim
595 1569 737 1627 terminos
756 1569 940 1627 materialiter
953 1580 983 1627 et
1003 1568 1217 1644 significative⁴,
1233 1583 1338 1626 conce·

286 1666 415 1728 dendum
440 1666 515 1726 loret
542 1676 661 1743 propter
685 1666 928 1742 significationem
955 1666 1142 1738 materialem,
1167 1666 1251 1742 quod
1278 1681 1337 1740 ego

285 1784 406 1842 possum
427 1765 575 1825 destruere
595 1763 693 1823 Deum
714 1767 818 1835 vivum,
839 1776 869 1823 et
890 1765 971 1842 quod
990 1783 1080 1823 omne
1101 1763 1280 1839 intelligibile
1301 1763 1340 1821 sit

285 1882 393 1936 verum,
407 1863 544 1923 omnem⁶
561 1863 712 1921 hominem
733 1881 798 1922 esse
817 1863 940 1933 asinum,
953 1873 985 1922 ut
1004 1863 1145 1940 quidlibet
1163 1880 1230 1921 esse
1252 1859 1340 1937 quid.¹

284 1962 362 2034 libet,
386 1980 446 2040 qno
471 1963 525 2021 nd⁰
548 1963 731 2020 existentiam
756 1961 907 2033 actualem,
932 1979 969 2021 eo
998 1964 1079 2039 quod
1105 1961 1163 2020 tale
1186 1960 1335 2019 materiale

285 2061 401 2136 signum
428 2061 517 2119 habet
539 2060 721 2119 existentiam
745 2059 894 2118 actualem
947 2059 1006 2119 Sed
1031 2060 1134 2136 procul
1158 2076 1177 2118 a
1200 2058 1338 2117 fidelibus

284 2160 338 2217 ista
351 2159 513 2235 responsio,
528 2176 596 2216 cum
617 2157 732 2216 excedit
749 2160 1017 2235 praesumptionem
1031 2158 1166 2229 Luciferi,
1181 2159 1233 2234 qui
1247 2157 1336 2216 voluit

284 2273 348 2314 esse
369 2256 470 2316 similis
490 2255 648 2314 Altissimo.
698 2256 758 2315 Ista
782 2268 880 2315 autem
907 2256 1060 2333 responsio
1087 2256 1233 2327 concedit,
1254 2254 1336 2333 quod

284 2354 374 2413 multa
396 2354 536 2431 intelligit,
561 2371 636 2430 quae
659 2353 742 2414 Deus
765 2372 826 2414 non
850 2365 948 2432 potest
970 2354 1145 2430 intelligere;
1177 2365 1207 2414 et
1234 2349 1333 2414 tamen

283 2453 365 2512 Deus
388 2463 431 2512 est
454 2471 546 2529 aeque
571 2451 767 2522 intellectivus,
791 2462 823 2511 ut
846 2464 890 2512 est
913 2454 1084 2522 causativus,
1106 2462 1135 2512 et
1156 2462 1189 2511 ut
1212 2463 1335 2530 apparet

283 2552 419 2627 pluribus,
434 2550 516 2610 Deus
534 2562 578 2609 est
596 2550 661 2626 plns
679 2550 876 2620 intellectivus,
890 2569 958 2610 cum
976 2549 1107 2627 intelligit
1120 2569 1152 2609 se
1167 2550 1282 2626 ipsum;
1304 2560 1334 2609 et

283 2650 420 2711 deductio
441 2659 485 2708 est
505 2659 649 2725 prompta,
671 2649 739 2724 quia
759 2666 820 2707 non
841 2649 936 2708 solum
958 2648 1102 2725 intelligis
1124 2648 1207 2725 quod
1231 2650 1331 2718 multa,

284 2767 358 2825 quae
372 2747 454 2807 Deus
468 2766 529 2806 non
544 2755 639 2823 potest
652 2746 819 2822 intelligere,
832 2746 1029 2823 intelliguntur
1043 2757 1112 2817 ate,
1126 2764 1228 2805 verum
1244 2748 1332 2805 etiam

283 2848 352 2924 quia
373 2846 508 2924 intelligis
530 2846 660 2904 infinitos
682 2845 865 2905 hircocervos
887 2856 916 2906 et
936 2846 1048 2905 infinita
1070 2845 1146 2916 talia,
1168 2863 1246 2923 quae
1269 2864 1331 2906 non

283 2956 406 3024 possunt
424 2947 531 3004 habere
552 2945 657 3021 ydeam
678 2945 707 3001 in
721 2944 804 3016 Deo;
834 2944 916 3004 Deus
935 2955 1032 3004 autem
1054 2962 1114 3002 non
1135 2955 1234 3021 potest
1246 2946 1330 3021 quid·

282 3064 371 3123 quam
384 3045 550 3120 intelligere,
561 3045 615 3102 nisi
626 3044 663 3102 sit
673 3043 735 3119 ipse
745 3041 827 3101 Deus
837 3043 881 3101 vel
891 3043 921 3101 in
931 3042 998 3102 Deo
1009 3043 1169 3119 aliqualiter
1181 3044 1330 3119 ydeatum.

282 3143 401 3203 Infinita
421 3153 488 3202 sunt
507 3142 574 3201 talia
593 3142 834 3211 inconvenientia,
852 3159 928 3218 quae
949 3142 1027 3218 apud
1048 3141 1182 3201 sedulum
1199 3141 1330 3218 philoso-

175 3265 180 3271 ·
282 3247 374 3326 phum
384 3264 421 3304 ex
431 3245 534 3304 talibus
542 3241 781 3317 responsionibus
789 3238 897 3300 frivolis
906 3252 1100 3319 sequerentur.
1141 3242 1210 3302 Scio
1221 3253 1328 3316 tamen,

281 3348 362 3427 quod
376 3358 437 3407 tam
451 3340 616 3422 philosophi
637 3357 726 3417 quam
739 3337 867 3414 theologi
888 3340 959 3416 ipsis
976 3341 1180 3416 ignorantibus
1198 3343 1329 3403 incidunt

280 3449 310 3507 in
331 3446 407 3505 hanc
425 3445 509 3513 viam,
529 3452 561 3500 ut
579 3436 745 3517 philosophi
765 3436 873 3507 dicunt,
894 3438 987 3514 quod²
1009 3438 1195 3514 imaginativa
1214 3444 1331 3502 excedit

281 3564 400 3606 sensnm
415 3541 624 3622 particularem,
639 3535 719 3613 quod
734 3543 830 3612 potest
843 3536 873 3592 in
887 3535 986 3606 multa,
998 3554 1073 3613 qnae
1087 3555 1142 3596 nec
1156 3534 1253 3615 potest
1267 3542 1330 3618 ipse

280 3662 335 3703 nec
356 3650 423 3701 sunt
441 3639 588 3717 possibilia
607 3637 638 3694 in
659 3645 770 3704 natura,
788 3643 821 3692 ut
840 3633 1029 3710 imaginando
1050 3645 1183 3695 montem
1199 3655 1327 3698 aureum.

279 3739 428 3815 Theologi
448 3739 535 3797 etiarn
556 3733 730 3805 concedunt,
749 3731 829 3809 quod
852 3742 882 3790 tu
904 3733 1045 3809 intelligis,
1068 3750 1143 3810 quae
1166 3752 1223 3794 nec
1246 3735 1329 3796 Deus

279 3849 376 3918 potest
390 3835 557 3911 intelligere,
571 3831 652 3910 quod
666 3833 727 3907 ipse
741 3830 822 3890 Deus
831 3830 963 3907 intelligit
976 3833 1075 3903 multa,
1088 3849 1165 3908 quae
1179 3850 1242 3893 non
1260 3853 1328 3913 pos·

279 3947 347 3999 sunt
365 3954 430 3997 esse
448 3933 538 4004 Deus,
557 3950 612 3992 nec
630 3931 661 3988 in
680 3930 744 4006 ipso
762 3929 963 4005 exemplariter
981 3928 1100 4005 ydeata⁸
1114 3928 1206 3991 sunt⁸.

312 4066 320 4095 ¹
337 4063 459 4128 admittit]
470 4062 588 4118 obmittit,
599 4060 692 4111 A.B.C.
703 4059 742 4109 ed.
754 4074 790 4123 pr.
850 4057 861 4088 ’
875 4057 985 4122 intricat]
997 4058 1108 4116 inoertnt,
1120 4057 1158 4108 ed.
1171 4074 1209 4123 pr.
1275 4059 1286 4091 ¹
1301 4064 1329 4110 nt

279 4127 624 4258 sintina-u
671 4123 1329 4257 ,messenatae-n

280 4258 515 4324 'ydeata]ydeota,
528 4257 560 4306 D.
659 4255 754 4320 ἐπὶ]
767 4262 832 4312 suut,
844 4255 900 4306 ideo
912 4261 966 4311 etc..
978 4254 1017 4306 ed.
1029 4270 1067 4319 pr.
1104 4281 1107 4285 ·
1153 4270 1156 4274 ’

1173 4335 1289 4384 WIOH!
