2864 4836
636 312 813 318 ...ψ-’.ᾐ-
856 310 995 318 -----,....

600 420 855 498 ]οΑΝΝ18
890 421 1101 483 WICLIF
1296 449 1383 495 uun,

330 594 375 643 est
385 594 499 643 meatus
510 583 620 642 subtilis
628 603 637 655 ς
657 593 686 642 et
696 601 804 660 corpus
815 584 912 660 ipsum
926 584 1062 660 operiens
1080 595 1199 644 vocatur
1212 587 1251 645 ab
1264 587 1384 645 Auctore

329 685 360 742 de
390 682 550 760 differentia
573 684 692 758 spirim
715 689 742 740 et
762 684 871 740 anemae
894 699 1001 759 corpus
1028 683 1144 754 nervile,
1169 694 1198 743 et
1223 685 1383 744 secundum

329 781 392 858 ejus
405 781 611 857 dipositionem
623 780 758 840 homines
768 781 798 839 in
809 781 952 839 memoria
963 791 991 839 et
1002 781 1220 840 reminiscentia
1230 782 1383 840 variantur.

329 879 476 937 Memoria
489 879 607 955 quidem
623 879 754 938 consistit
768 879 798 936 in
813 879 984 949 retentione,
998 889 1138 955 tanquam
1152 878 1241 941 virtus
1252 881 1382 954 passivas

329 978 545 1038 reminiscentia
559 997 628 1037 vero
643 978 774 1038 consistit
788 978 819 1037 in
833 978 973 1049 discursu,
987 989 1128 1055 tanquam
1145 978 1235 1048 obliti,
1250 979 1296 1037 vel
1311 979 1383 1038 illius

329 1077 409 1154 quod
431 1075 504 1152 sugit
523 1094 541 1134 a
560 1077 711 1146 memoria,
725 1075 764 1134 ad
782 1085 880 1135 actum
898 1076 1014 1135 animae
1031 1076 1186 1135 reductiva.
1232 1074 1382 1148 Quantum

329 1186 427 1233 autem
442 1173 479 1233 ad
493 1192 598 1233 omnes
611 1175 679 1232 istas
698 1174 816 1233 virtutes
835 1183 864 1232 et
883 1174 1059 1233 variationes
1077 1174 1107 1232 in
1126 1175 1186 1233 suis
1204 1174 1382 1244 nominibus,

330 1290 397 1334 cum
420 1271 648 1341 fundationibus,
677 1270 856 1341 differentiis,
880 1280 910 1330 et
934 1271 1144 1330 convenientiis
1162 1289 1271 1342 earum,
1297 1273 1382 1331 debet

329 1371 484 1447 theologus
503 1370 664 1446 relinquere
684 1368 819 1445 phisicis¹
840 1370 997 1445 specialem
1017 1379 1179 1429 tractatum.
1222 1370 1284 1447 Ipsi
1304 1372 1382 1429 enim

330 1470 506 1528 convincunt
521 1469 558 1527 ab
577 1469 761 1545 experientia,
776 1467 928 1544 quomodo
948 1486 985 1526 ex
1005 1467 1121 1528 defectu
1139 1470 1243 1545 organi
1263 1469 1382 1529 laeditur

329 1567 394 1625 talis
404 1567 501 1625 virtus.
538 1566 602 1625 Nec
614 1565 750 1636 solicitor,
761 1577 857 1624 utrum
870 1565 935 1624 talis
945 1567 1042 1636 virtus,
1053 1566 1099 1625 vel
1112 1568 1219 1637 anima,
1232 1568 1276 1626 vel
1289 1569 1382 1627 verius

277 1704 281 1711 ·
329 1665 429 1736 h0m0,
440 1664 532 1724 taliter
544 1675 688 1740 operatur,
700 1664 768 1740 quia
782 1672 893 1722 certum
907 1673 959 1735 est,
975 1664 1054 1741 quod
1069 1664 1147 1724 nulla
1160 1666 1224 1724 talis
1238 1666 1327 1726 virtus
1340 1676 1381 1725 est

329 1781 384 1835 res,
399 1781 473 1841 quae
487 1771 583 1840 potest
597 1781 649 1839 per
663 1781 694 1821 se
708 1763 832 1821 existere
846 1772 896 1821 aut
910 1780 972 1820 rem
989 1763 1168 1823 materialem
1187 1765 1380 1842 comprehen-

330 1862 408 1933 dere,
423 1861 475 1921 sed
490 1872 533 1920 est
548 1861 701 1938 dispositio
716 1862 879 1920 consistens
893 1861 1069 1921 mineraliter
1081 1863 1112 1921 in
1126 1863 1187 1923 istis
1198 1865 1326 1940 organis,
1338 1884 1380 1925 se·

330 1960 458 2019 cundum
470 1977 558 2036 quam
570 1959 678 2017 animal
688 1969 732 2017 est
743 1959 836 2017 taliter
846 1959 1022 2035 cognitum¹.
1057 1959 1131 2020 ldeo
1141 1979 1254 2022 errores
1265 1963 1379 2034 multos,

329 2155 461 2231 pueriles,
477 2155 563 2213 debet
574 2154 666 2214 fidelis
678 2164 820 2226 excutere,
835 2165 864 2213 et
874 2166 1015 2231 quantum
1025 2157 1144 2233 expedit
1156 2157 1195 2217 ad
1205 2158 1379 2220 intellectum

330 2253 487 2329 scripturae
498 2270 532 2311 ae
547 2252 669 2312 salutern
680 2254 803 2325 animae,
816 2252 852 2312 de
864 2253 926 2312 istis
937 2253 1068 2313 notitiam
1079 2254 1229 2314 moderate
1240 2258 1379 2335 accipere.

209 2413 228 2437 m
370 2351 408 2409 Et
423 2351 459 2409 de
474 2350 596 2428 objectis
611 2351 732 2410 istomm
745 2350 876 2427 quinque
889 2368 1029 2411 sensuum
1043 2353 1212 2412 interiorum
1227 2365 1379 2414 tractatum

233 2453 258 2478 ¹²¹·
329 2449 484 2525 specialem
508 2445 624 2526 reliqui³
649 2450 843 2525 perspectivis.
895 2448 942 2508 De
967 2451 1091 2526 objectis
1114 2460 1212 2510 autem
1241 2471 1380 2513 sensuum

329 2549 541 2624 particularium
556 2548 703 2623 relinquo⁴
717 2557 870 2606 tractatum
886 2547 1022 2607 diffusum
1037 2548 1232 2626 philosopho⁸
1249 2552 1379 2612 natiuali.

329 2640 480 2713 Quantum
504 2652 601 2700 autem
626 2642 664 2700 ad
688 2645 786 2713 velum,
807 2643 929 2701 breviter
952 2653 1039 2719 patet,
1062 2644 1143 2720 quod
1164 2646 1284 2707 sensus‘
1305 2647 1380 2706 visus

329 2740 456 2797 maxime
482 2737 533 2797 de⁷
554 2740 718 2814 longinquo
744 2740 867 2816 percipit
892 2758 976 2799 suum
1001 2741 1158 2818 objectum,
1183 2754 1216 2802 ut
1239 2754 1321 2822 patet
1344 2744 1380 2804 de

329 2838 392 2896 luce
406 2839 451 2897 vel
472 2838 508 2897 de
531 2839 635 2907 colore,
651 2856 726 2916 quos
744 2840 774 2897 in
796 2840 879 2899 astris
901 2839 1003 2916 saepe⁸
1024 2841 1153 2917 percipit.
1196 2840 1268 2901 Post
1289 2843 1380 2902 visum

330 2945 427 2994 autem
448 2947 491 2994 est
511 2939 624 2995 audetur
644 2955 746 3013 parum
770 2938 942 3014 depressior,
958 2939 1008 3014 qui
1030 2957 1092 2998 non
1106 2957 1123 2997 a
1137 2949 1196 2998 tam
1217 2939 1380 3017 longinquo

329 3035 449 3110 percipit
464 3053 548 3093 suum
563 3035 705 3105 sensibile,
720 3037 801 3111 quod
816 3046 858 3094 est
873 3054 971 3108 sonus,
985 3055 1054 3096 cum
1068 3056 1087 3095 a
1101 3038 1179 3096 nube
1198 3055 1291 3098 sonus
1305 3039 1380 3098 toni·

328 3133 384 3192 trui
405 3133 443 3192 ad
467 3134 629 3191 maximum
652 3143 696 3191 est
718 3145 880 3210 perceptus.
923 3132 994 3193 Non
1017 3135 1095 3193 enirn
1121 3134 1205 3194 facile
1229 3145 1274 3194 est
1295 3137 1381 3195 nobis

328 3231 454 3302 credere,
484 3232 557 3289 sicut
585 3231 719 3290 dixerunt
746 3248 858 3291 errores
886 3232 1072 3309 antiquorum
1102 3233 1381 3310 philosophantium,

328 3330 409 3407 quod
429 3349 482 3406 per
500 3329 633 3387 virtutem
651 3328 807 3387 auditivam
825 3330 959 3388 armonia
976 3331 1192 3391 confricationis
1211 3331 1380 3391 coelestium

328 3446 484 3505 corporum
506 3438 549 3486 est
569 3438 716 3503 percepta,
737 3426 802 3484 licet
823 3445 859 3485 ex
880 3428 1091 3488 consuetudine
1112 3429 1287 3488 inveterata·
1307 3431 1343 3489 sit
1364 3446 1382 3488 a

328 3525 494 3602 vulgaribus
514 3526 687 3584 indistincta.
730 3524 832 3584 Tertio
850 3536 916 3601 post
938 3527 1069 3585 virtutem
1090 3527 1273 3585 auditivam¹⁰
1293 3529 1382 3586 virtus

328 3624 468 3702 affectabo,
492 3623 574 3700 cujus
598 3641 743 3698 organum
769 3641 872 3698 parum
898 3634 941 3682 est
962 3623 1134 3700 depressius,
1159 3625 1283 3702 percipit
1307 3624 1380 3684 odo-

328 3736 399 3790 rem,
424 3721 476 3780 sed
506 3739 567 3778 non
597 3730 709 3779 tantum
739 3720 912 3791 distanter¹¹,
942 3721 1009 3781 licet
1037 3720 1182 3781 fumalis¹¹
1209 3723 1382 3799 evaporatio

327 3947 337 3976 ³
362 3880 672 3994 ¹phisicispphilosophis,
685 3880 831 3931 A.B.C.ed.
843 3897 880 3956 pr.
947 3881 1345 3960 'cognitum1coguitivumed-
1375 3922 1382 3933 .

353 3946 451 4011 reliquii
465 3961 607 4010 reinquere,
618 3946 696 3995 D.ed.
708 3963 745 4011 pr.
811 3945 819 3974 ⁴
837 3945 960 4012 relinquo]
969 3947 1111 4012 relinquere,
1121 3948 1160 3999 ed.
1171 3964 1209 4013 pr.
1275 3949 1286 3978 ³
1301 3965 1319 4014 p

329 4012 422 4077 sopho]
441 4005 661 4075 'hilosophiaeed
692 4028 711 4060 r.
802 4011 812 4040 ⁸
828 4012 983 4075 Quantum·
989 4012 1085 4078 sensus]
1095 4012 1216 4063 om.B.D.
1228 4013 1313 4080 adpr.
1324 4022 1384 4064 ante

328 4079 404 4126 uuus:
449 4078 569 4151 duntur.¹
616 4027 792 4140 'deiram
859 4078 912 4126 “sa
958 4077 1044 4154 ]satis,
1053 4077 1335 4155 Optimaemanused.
1344 4095 1382 4145 pr.

308 4099 312 4208 i
328 4143 338 4171 ⁹
356 4142 502 4205 inveterata]
511 4141 597 4191 inolita
605 4142 636 4190 A.
646 4159 651 4197 ;
663 4140 776 4196 molesta,
784 4142 812 4190 B.
856 4142 874 4170 ¹⁰
890 4158 921 4191 au
939 4142 1186 4208 iuvam]audrtiviam
1193 4143 1382 4209 sequanam

309 4235 311 4239 ι
329 4206 590 4271 D.C.primaemanus.
625 4208 641 4235 ¹¹
653 4206 925 4272 distanter]distantior,
932 4208 970 4258 ed.
978 4224 1014 4271 pr.
1049 4207 1382 4276 ¹²lumulis]situalis,ed.pr.

1228 4310 1343 4342 vtwm
