2864 4836
500 420 839 483 TRIALOGUS.

576 851 670 911 CAP.
692 852 759 912 XX.

427 1006 647 1068 Matrimonium
661 1011 732 1086 quid
734 1011 852 1087 proprie
865 1012 911 1068 'sit

178 1163 343 1224 Phronesis.
387 1164 446 1225 Sed
464 1166 614 1226 redeundo
635 1169 672 1227 ad
691 1169 842 1227 materiam
862 1168 893 1225 de
912 1173 1081 1225 sacramento
1094 1168 1194 1224 matri-

139 1264 233 1331 monii,
248 1273 281 1321 ut
297 1264 429 1339 superius
449 1265 575 1340 tetigisti,
590 1265 701 1325 videtur
720 1265 792 1324 mihi
811 1283 876 1325 esse
891 1265 1057 1335 dicendum,
1073 1264 1144 1341 quid
1158 1265 1195 1323 sit

138 1361 366 1432 matrimonium,
392 1372 423 1420 ut
448 1362 545 1421 habita
573 1364 636 1440 ejus
665 1363 825 1439 quidditate
855 1362 892 1421 de
916 1363 979 1437 ejus
1007 1362 1194 1438 passionibus

138 1457 268 1517 securius
292 1459 495 1534 procedamus.
538 1459 639 1519 Potest
663 1472 761 1519 autem
785 1460 850 1530 dici,
871 1459 952 1536 quod
977 1458 1194 1517 matrimonium

138 1565 183 1616 est
211 1557 371 1632 conjugum
398 1557 526 1634 legitima
551 1559 707 1635 copulatio,
732 1558 804 1634 qua¹
830 1557 992 1616 secundum
1017 1555 1073 1615 Dei
1099 1555 1194 1631 legem

138 1652 207 1712 licet
226 1654 268 1712 eis
290 1655 352 1713 sine
374 1654 509 1715 crimine¹
528 1656 604 1716 filios
624 1675 786 1734 procreare.
829 1655 981 1714 Ordinavit
1005 1655 1084 1713 enim
1105 1652 1194 1719 Deus,

143 1752 225 1827 quod
238 1752 336 1810 Adam
351 1763 379 1811 et
390 1751 452 1811 Eva
466 1763 494 1811 et
508 1772 560 1830 per
573 1771 758 1830 consequens
771 1753 853 1830 quod
867 1753 963 1811 cuncti
978 1751 1037 1810 duo
1053 1751 1194 1827 conjuges

139 1861 173 1918 in
187 1851 389 1925 procreatione
410 1852 518 1910 carnali
537 1852 629 1910 taliter
651 1852 831 1927 copulentur.
873 1849 961 1907 Unde
981 1847 1121 1907 Matthaei
1136 1849 1193 1906 xix.

139 1945 272 2006 Christus
301 1949 341 2006 sic
375 1949 547 2008 determinat
578 1951 664 2008 istam
691 1950 864 2009 sententiam
892 1957 994 2006 contra
1023 1947 1132 2004 scribas
1161 1957 1190 2005 et

138 2044 313 2104 Pharisaeos
326 2046 364 2103 ab
374 2046 439 2122 ipso
450 2058 630 2122 quaerentes,
643 2048 684 2105 ‘si
699 2047 765 2106 licet
775 2046 887 2104 homini
899 2045 1041 2104 dimittere
1053 2044 1194 2114 uxorem‚'

139 2143 246 2219 quibus
265 2144 432 2220 respondit:
463 2144 561 2220 ‘quod
575 2144 657 2204 Deus
679 2145 839 2221 conjunxit,
854 2142 946 2202 homo
967 2159 1028 2200 non
1048 2142 1193 2218 separet³.'

138 2240 186 2299 Ex
201 2242 307 2317 quibus
321 2242 415 2300 verbis
432 2242 607 2319 evangelicis
626 2252 706 2318 Patet
725 2242 910 2301 autenticatio
925 2240 1011 2318 hujus
1025 2240 1195 2299 venerabilis

140 2340 323 2398 sacramenti.
366 2339 439 2397 Ideo
460 2339 563 2398 dicitur
584 2340 786 2410 communiter,
808 2358 875 2399 cum
897 2357 915 2398 a
937 2338 1003 2398 Deo
1030 2339 1195 2397 ordinatum

139 2435 193 2496 fuit
213 2439 244 2495 in
264 2437 366 2496 mundi
388 2437 530 2513 principio
551 2448 580 2496 et
601 2438 631 2495 in
653 2437 797 2512 paradiso,
819 2437 900 2512 quod
921 2437 1034 2495 ratione
1056 2436 1195 2512 privilegii

139 2532 305 2610 multiplicis
329 2531 561 2595 matrimonium⁴
581 2535 696 2594 excedit
717 2534 773 2592 alia
794 2544 983 2593 sacramenta
1026 2532 1102 2591 Cum
1117 2535 1195 2591 enim

139 2641 243 2690 natura
266 2631 408 2691 ordinavit
432 2634 462 2691 in
487 2633 661 2709 conjugibus
688 2632 786 2690 media
809 2631 990 2708 procreandi,
1016 2641 1127 2713 certum
1151 2642 1195 2689 est

139 2729 222 2805 quod
242 2741 309 2806 post
330 2739 511 2789 contractum
532 2730 692 2807 legitimum
713 2740 837 2807 possunt
858 2729 933 2788 licite
953 2747 1114 2806 procreare.
1157 2729 1195 2787 Et

141 2826 247 2885 iterum
269 2838 380 2886 certum
401 2836 447 2886 est
467 2828 548 2904 quod
562 2827 694 2886 Christus
718 2828 844 2886 intendit
862 2828 942 2903 quod
965 2827 1074 2886 mariti⁶
1087 2828 1195 2887 debent

141 2941 206 2983 esse
231 2942 290 2983 una
314 2942 391 2996 caro,
419 2935 479 2984 tam
507 2943 629 3002 corpore
658 2927 774 2984 caritate
804 2926 962 3002 conjuncto
990 2943 1079 3002 quam
1107 2926 1194 2984 etiam

140 3039 288 3081 consensu
312 3023 426 3099 prolem
451 3023 577 3100 legitime
602 3024 783 3101 procreandi,
808 3023 877 3098 quia
902 3034 1012 3081 certum
1037 3034 1089 3094 est,
1114 3022 1194 3099 quod

141 3130 244 3178 contm
258 3119 410 3180 Pseustem
429 3122 547 3180 omnes⁶
565 3121 624 3180 duo
643 3121 778 3179 homines
796 3130 864 3179 sunt
883 3120 1118 3197 impugnabiliter
1136 3137 1195 3178 una

141 3235 219 3276 caro.
263 3218 336 3277 Ideo
356 3218 488 3278 Christus
509 3219 667 3278 asserendo
687 3219 763 3276 hanc
782 3218 948 3293 negativam
966 3217 1092 3276 excludit
1106 3218 1194 3276 vitam

141 3325 311 3374 extraneam
332 3335 350 3375 a
370 3319 411 3376 sic
432 3316 682 3375 matrimonialiter
707 3316 865 3391 copulatis;
897 3315 965 3373 ideo
990 3315 1093 3374 dicitur
1113 3332 1194 3372 com·

142 3413 268 3471 muniter
282 3431 320 3471 ex
336 3415 504 3473 testimonio
514 3414 679 3491 Augustani,
691 3412 771 3489 quod
784 3414 837 3471 tn'a
848 3423 915 3471 sunt
930 3413 1009 3470 bona
1020 3412 1150 3487 conjugii
1163 3413 1194 3469 in

143 3512 302 3582 communi,
324 3512 434 3571 scilicet
454 3513 526 3572 fides
545 3513 642 3589 proles
661 3521 691 3569 et
710 3521 931 3569 sacramentum.
973 3508 1194 3568 Rationabilitas

142 3619 240 3666 autem
254 3607 340 3686 hujus
355 3611 527 3669 sacramenti
541 3628 577 3668 ex
592 3609 649 3667 boc
668 3609 763 3667 evidet
781 3607 869 3683 quod,
885 3625 952 3666 cum
971 3609 1100 3666 naturale
1114 3618 1143 3666 et
1157 3626 1193 3665 ex

142 3707 326 3766 ordinatione
340 3709 436 3768 divina
456 3709 492 3768 sit
513 3708 647 3766 homines
668 3724 829 3785 procreare,
844 3725 878 3766 ac
900 3708 980 3765 multi
1000 3726 1037 3765 ex
1051 3708 1193 3783 pronitate

142 3805 255 3880 peccati
270 3805 373 3865 nolunt
391 3823 504 3865 servare
523 3805 691 3865 fidelitatem
711 3806 847 3882 conjugii,
861 3805 1030 3865 rationabile
1051 3815 1095 3864 est
1114 3805 1194 3880 quod

176 4001 185 4030 ¹
202 4000 263 4065 qua]
275 4001 340 4065 quia,
350 4001 389 4051 ed.
401 4018 439 4066 pr.
506 4002 516 4030 ²
532 4002 704 4066 sine'crimine]
716 4017 766 4051 om.
776 4002 804 4050 B.
812 4003 933 4052 secundae
944 4016 1038 4051 amaus.
1103 4000 1113 4029 ³
1129 3999 1193 4050 cod.

143 4065 209 4115 C.D.
221 4075 310 4116 cuncta
321 4068 396 4117 verba
408 4067 499 4119 Marti.
510 4068 557 4117 xix.
571 4066 635 4130 3-6
647 4067 741 4131 repetit.
878 4068 886 4096 ⁴
904 4065 1099 4130 matrimonium]
1111 4065 1193 4114 matri·

143 4130 386 4263 3133.t2d131()}.m.
399 4149 435 4198 pr.
551 4133 561 4162 ⁵
577 4132 670 4196 mariti]
677 4132 763 4196 jugati,
775 4132 813 4182 ed.
823 4149 860 4198 pr.
990 4131 1001 4160 ⁶
1017 4131 1114 4195 omnes]
1127 4130 1193 4194 quod

1230 1474 1340 1509 Matrimonii
1348 1476 1375 1511 vis

1228 1524 1250 1548 ac
1258 1518 1304 1550 ratio
1311 1517 1354 1552 deti·

1229 1556 1284 1593 uitur.
