2864 4836
57 467 137 511 can,
417 439 756 503 TRIALOGUS.
839 504 843 509 ,
1213 450 1256 521 47

97 602 148 663 Ad
167 603 315 663 secundm
336 603 447 672 dicitur,
465 594 546 679 quo'd
567 601 685 662 falsum¹
704 603 868 673 assumitur,
887 620 922 662 ac
941 603 964 662 si
983 598 1111 661 Pseustis
1145 619 1286 697 mamm

57 710 168 777 peteret
183 699 264 777 quod
278 701 432 776 probaret;
454 718 522 758 curn
541 718 631 760 nemo
650 709 747 776 potest
765 699 924 776 quidquam
944 699 1111 776 intelligere,
1144 705 1281 746 mm.

59 816 115 857 nec
126 800 215 857 etiam
225 797 308 858 Deus
318 798 548 875 ipse‚uisiquod
558 797 646 858 habet
655 817 719 858 esse
730 799 760 857 in
771 797 847 869 Deo,
858 809 887 858 et
898 800 938 859 sic
950 799 1112 858 secundum

58 914 125 956 esse
139 896 318 974 intelligibile
333 896 394 956 est¹
412 896 476 973 ipse
489 895 580 956 Deus.
622 896 682 956 Sed
696 896 782 957 nota⁸
796 897 876 974 quod
889 915 951 957 non
970 897 1113 973 sequitur:

61 995 118 1055 ista
136 1013 191 1067 res,
206 1012 282 1071 quae
296 993 383 1054 hahet
402 995 594 1065 existentiam,
613 1006 657 1054 est
676 995 837 1054 secundum
856 1013 919 1055 esse
939 994 1114 1071 intelligibile

59 1087 123 1165 ipse
144 1086 243 1161 Deus3
275 1106 347 1164 ergo
368 1089 423 1148 ista
444 1107 490 1148 res
513 1089 608 1149 existit
628 1089 718 1169 Deus,
739 1089 784 1148 vel
808 1087 890 1164 quod
913 1087 1055 1164 quidlibet
1079 1087 1115 1146 sit

58 1186 150 1246 Deus.
192 1187 273 1246 Sicut
287 1204 348 1246 non
363 1187 507 1263 sequitur:
528 1185 629 1246 Petrus
643 1187 804 1246 secundum
824 1204 908 1245 suum
927 1203 992 1245 esse
1011 1184 1114 1243 intelli·

59 1285 147 1362 gibile
164 1296 210 1344 est
222 1284 312 1356 Deus,
328 1287 414 1363 igitur
433 1285 534 1346 Petrus
552 1295 596 1346 est
615 1285 713 1358 Deus;
744 1296 776 1345 ut
794 1285 864 1345 alias
883 1285 986 1345 diffuse
1006 1285 1115 1344 dictum

59 1385 128 1442 est‘.
169 1382 208 1441 Et
222 1384 295 1443 sicut
308 1384 423 1443 termini
442 1384 644 1461 impossibiles,
660 1384 717 1444 hoc
731 1395 775 1443 est
793 1383 1052 1444 contradictionem
1071 1381 1115 1439 in·

61 1481 223 1552 cludentes,
244 1481 315 1541 nihil
339 1482 501 1559 adaequate
526 1482 698 1558 significant,
719 1483 775 1542 nisi
796 1482 870 1543 forte
895 1483 1014 1553 dicatur,
1035 1479 1116 1558 quod

61 1578 227 1655 significant
241 1580 462 1639 convertibiliter
472 1599 540 1639 cum
554 1580 603 1640 illo
617 1581 741 1640 termino
756 1598 810 1639 ens
824 1580 974 1657 quodlibet
987 1580 1019 1638 in
1033 1596 1115 1639 com·

61 1677 161 1735 muni:
183 1677 225 1737 sic
243 1695 315 1755 ergo
330 1677 405 1749 dico,
425 1677 506 1755 quod
523 1678 569 1737 ille
588 1679 728 1738 terminus
746 1678 858 1754 ‘majus
873 1677 953 1737 Deo‘
973 1677 1116 1752 siginificat

60 1774 104 1834 sic
124 1775 220 1852 majus
239 1774 315 1847 De0‚
336 1794 393 1836 nec
413 1776 521 1855 aliquid
542 1776 704 1853 adaequate
728 1775 881 1851 significat,
902 1775 959 1835 nisi
982 1774 1056 1834 sorte
1080 1775 1117 1834 sit

60 1873 295 1933 transscendens.

106 1969 156 2030 Ad
175 1973 287 2030 teram
308 1971 420 2042 dicitur,
441 1971 647 2048 quodfalsum
671 1970 826 2031 assumitur
842 1970 914 2029 sicut
936 1968 1023 2046 prius,
1048 1985 1116 2030 cum
1148 2039 1159 2063 e
1242 2038 1269 2063 w

62 2069 134 2129 dicti
161 2068 276 2127 termini
303 2087 365 2129 non
393 2071 558 2147 significant
586 2080 720 2130 montem
748 2086 877 2138 aureum,
904 2066 1115 2144 tragelaphum,
1217 2076 1225 2104 ¹

62 2165 272 2238 hircocervum,
290 2167 335 2226 vel
357 2166 543 2238 chimaeram,
562 2168 622 2228 sed
635 2168 801 2245 significant
821 2166 885 2239 sicl,
905 2184 992 2226 mons
1013 2182 1117 2225 aureus

61 2274 120 2324 etc.
161 2263 226 2322 Nec
240 2264 370 2341 sophista
384 2275 481 2342 potest
493 2266 565 2326 velle
579 2267 623 2325 vel
636 2266 796 2342 intelligere
816 2266 928 2326 sociuun
947 2282 1033 2324 suum
1053 2280 1117 2323 esse

64 2361 243 2422 chimaeram
264 2362 307 2421 vel
326 2363 458 2435 asinum;
491 2364 542 2423 sed
563 2363 694 2440 intelligit
711 2364 761 2435 sic,
782 2368 830 2423 ‘tu
851 2382 883 2424 es
905 2362 1051 2422 chimaera
1074 2360 1119 2420 vel

66 2460 167 2520 asinus
175 2458 197 2530 ;'
226 2460 291 2520 ubi⁰
309 2461 445 2521 miscetur
459 2462 621 2538 suppositio
636 2462 824 2538 significativa
838 2479 906 2521 cum
920 2461 1120 2537 suppositione

65 2555 219 2627 materiali,
234 2575 302 2617 cum
320 2576 392 2629 rem,
413 2576 489 2635 quae
510 2569 700 2636 potestesse,
721 2559 854 2636 intelligit
875 2558 1072 2635 significative,
1091 2569 1121 2617 et

64 2654 137 2715 illud
163 2656 245 2731 quod
273 2673 335 2715 non
359 2667 552 2735 potestesse,
576 2675 638 2717 non
661 2658 801 2735 intelligit,
825 2656 877 2717 sed
900 2656 1034 2733 intelligit
1057 2673 1120 2715 mo·

65 2754 140 2813 dum
160 2771 220 2829 quo
241 2754 359 2830 signum
383 2754 638 2832 impossibilitatur,
660 2773 728 2816 cum
751 2756 847 2833 primo
871 2754 1002 2831 intelligit
1026 2754 1121 2831 ipsum

65 2853 193 2929 signum.
243 2851 281 2911 Et
309 2853 349 2912 ita
375 2871 438 2913 non
463 2855 600 2930 sequitur,
624 2855 705 2931 quod
733 2854 772 2913 illi
799 2853 915 2914 termini
943 2852 1120 2928 significantl

64 2951 172 3026 aliqua,
197 2968 272 3027 quae
294 2967 355 3009 non
375 2962 499 3028 possunt
519 2970 592 3012 esse.
633 2951 672 3011 Et
692 2950 810 3012 ulterius
830 2951 941 3022 dicitur,
962 2949 1044 3028 quod
1067 2968 1123 3010 nec

65 3066 171 3109 sensus
189 3066 244 3111 nec
263 3048 424 3108 intellectus
443 3067 500 3109 nec
518 3049 600 3110 Deus
619 3049 682 3126 ipse
700 3050 841 3126 intelligit,
863 3050 944 3126 quod
964 3049 1068 3107 umbra
1087 3048 1123 3107 sit

66 3143 169 3214 homo,
184 3162 239 3203 nec
252 3144 333 3221 quod
352 3145 424 3204 haec
444 3144 658 3206 demonstrata⁸
671 3147 776 3206 umbra
790 3147 826 3205 sit
844 3145 945 3218 homo,
960 3144 1026 3205 licet
1040 3143 1123 3204 intel·

67 3242 140 3317 ligat
155 3240 242 3300 ‘hoc'
261 3251 289 3300 et
304 3240 445 3312 ‘hom0⁸‚'
460 3253 489 3301 et
509 3241 580 3303 salse
600 3261 634 3302 ac
655 3242 873 3319 impossibiliter
891 3225 933 3301 sic
954 3251 1122 3317 componat,

69 3339 146 3399 ‘hoc
161 3350 205 3399 est
211 3340 232 3371 ¹⁰
246 3339 337 3399 homo
344 3339 364 3412 ς’
385 3349 415 3399 et
429 3341 468 3400 ita
486 3358 542 3399 nec
555 3339 638 3400 Deus
652 3359 707 3400 nec
726 3340 818 3399 homo
837 3341 972 3398 umbram
990 3338 1124 3415 intelligit

68 3455 135 3497 esse
150 3436 310 3507 hominem,
325 3454 381 3496 nec
395 3435 547 3499 hominem
560 3437 693 3514 intelligit
706 3455 770 3497 esse
783 3436 926 3507 umbram,
941 3436 1010 3512 quia
1028 3434 1123 3494 solum

67 3536 205 3611 intelligit
214 3534 337 3594 Deum¹¹
351 3534 396 3595 vel
411 3535 489 3606 illud,
503 3534 584 3611 quod
598 3535 687 3594 habet
704 3552 769 3593 esse
785 3532 914 3610 ydeale¹²
928 3533 959 3591 in
977 3532 1053 3603 Deo,
1068 3550 1123 3591 nec

69 3632 250 3711 experientia
271 3631 317 3691 vel
336 3632 477 3709 scriptura
497 3632 643 3692 convincit
662 3632 831 3709 oppositum
851 3631 926 3691 illius
947 3630 1122 3715 sententiae;

68 3732 138 3793 ideo
163 3730 360 3807 significanter
380 3731 522 3809 scriptura
542 3731 677 3807 loquitur,
696 3729 816 3808 quando
842 3729 919 3801 dicit,
944 3728 1034 3790 ‘dixit
1053 3729 1124 3788 insi-
1179 3727 1189 3735 ‘

105 3911 221 3962 ¹i'alsum
246 3911 319 3970 male,
330 3913 361 3964 C.
373 3912 461 3977 adp.
543 3910 670 3989 ¹est]A;
688 3927 739 3961 om.
752 3911 845 3962 B.C.D.
857 3910 895 3960 ed.
907 3925 944 3975 pr.
1025 3909 1123 3975 ’noia]

70 3985 133 4030 nota
144 3978 216 4034 bene,
255 4015 261 4026 .
330 3977 406 4044 ¹est]
418 3977 511 4028 scilioet
522 3976 554 4027 de
564 3978 641 4042 ydets.
652 3976 730 4033 Aba
748 3976 995 4026 scilieetintaactatn
1006 3973 1038 4024 de
1081 3975 1124 4031 eis.

71 4044 112 4098 ed.
123 4059 161 4109 pr.
226 4042 481 4109 ‘sie]sieut.edpr.
514 4042 619 4107 ,⁸ubi]
632 4043 672 4098 A..
683 4041 718 4092 ibi
730 4041 790 4092 lte.
801 4041 840 4091 ed.
853 4057 890 4107 pr.
946 4039 957 4070 ²
987 4039 992 4051 '
1029 4040 1123 4106 ἀπὶ]

72 4124 126 4159 non
137 4107 284 4173 significant,
296 4108 334 4158 ed.
346 4124 384 4175 pr.
520 4108 530 4137 ⁸
546 4107 607 4159 haec
618 4106 797 4171 demonstrata]
809 4106 858 4156 hoc
869 4106 1047 4160 demonstrato.
1058 4105 1123 4156 C.D.

73 4174 164 4239 cdpr.
261 4172 568 4240 'home]hominem,D.
667 4172 686 4201 ¹⁰
702 4171 750 4236 est]
763 4178 795 4228 et,
808 4171 845 4220 ed.
857 4186 895 4235 pr.
994 4170 1012 4200 ²¹
1030 4169 1124 4238 Deum]

72 4240 129 4291 'esse
141 4239 232 4296 Deum,
241 4238 279 4288 ed.
292 4253 329 4304 pr.
427 4238 447 4268 ¹¹
463 4253 517 4291 esse
527 4235 625 4305 ydeale]
638 4238 715 4294 A.C.;
733 4251 760 4288 se
771 4235 864 4301 ydeale,
876 4236 903 4284 Β.
916 4235 954 4287 ed.
966 4251 1004 4304 pr.
