2864 4836
491 457 847 521 YRIALOGUS.

549 889 646 952 CAP.
668 889 780 952 XXIX.

251 1047 437 1125 Prosequitur
450 1067 517 1120 rem,
531 1055 696 1126 argumenta
704 1059 761 1125 pro
774 1049 966 1110 mnddomne
974 1051 1088 1128 prolata

568 1147 767 1224 redarguendo.

182 1303 306 1365 Atthis.
347 1304 464 1366 Fratres
484 1305 516 1364 in
538 1305 596 1365 isto
619 1304 800 1365 mendaciter
824 1304 1083 1383 circumpalpitant,
1104 1324 1194 1384 quae·

139 1413 239 1464 rentes
252 1402 405 1480 quomodo
419 1401 597 1463 mendicatio
611 1403 718 1463 vocalis
732 1401 839 1463 Christi
854 1405 893 1462 ab
911 1402 1031 1462 homine
1050 1421 1088 1463 ex
1106 1421 1193 1464 evan-

139 1500 221 1580 gelio
235 1511 280 1561 est
293 1500 439 1572 limdata¹,
451 1518 518 1560 cum
533 1502 629 1561 sciunt
642 1501 724 1578 quod
734 1499 867 1560 Christus
880 1518 942 1560 non
955 1503 1195 1579 praetermitteret

139 1609 282 1679 punctum
296 1608 357 1658 tarn
370 1598 566 1658 necessarium
580 1599 619 1658 ad
633 1597 835 1659 stabiliendum
848 1598 966 1658 ordines
979 1598 1069 1659 istos⁸
1082 1617 1184 1660 novos.

180 1696 346 1757 Phroun's.
387 1695 504 1757 Video⁸
516 1713 554 1755 ex
567 1696 727 1755 rationibus
741 1693 874 1755 adductis
888 1704 917 1755 et
935 1695 998 1755 aliis
1017 1696 1155 1774 pluribus,
1169 1699 1195 1758 si

139 1804 284 1872 oporteat,
309 1794 498 1866 adducendis,
521 1795 596 1870 quod
613 1793 773 1851 mendtam
794 1793 850 1852 ista
863 1793 1003 1870 fratrum
1024 1794 1134 1854 nedum
1157 1801 1199 1854 est

140 1892 331 1971 &meanto
344 1893 376 1951 in
393 1893 545 1968 scriptura,
561 1892 592 1950 in
611 1909 669 1969 qua
687 1908 749 1950 non
769 1900 837 1950 sunt
853 1898 895 1949 es!
908 1902 938 1951 et
951 1893 1032 1964 non‘,
1043 1893 1096 1952 sed
1109 1893 1196 1971 plane

141 2008 181 2052 ex
194 1990 243 2050 illa
256 1991 456 2068 improbabilis
470 1999 499 2049 et
517 1988 696 2067 blasphema
738 1987 866 2065 Expedit
884 2001 983 2048 tamen
1003 1999 1197 2050 transcurrere

142 2108 198 2169 per
221 2107 325 2150 caecas
349 2088 507 2148 evidentias
535 2088 657 2147 fratrum
680 2086 718 2146 ad
742 2086 925 2147 fundandum
952 2089 1198 2149 mendicationem

145 2187 315 2267 hujusmodi
327 2198 358 2246 et
372 2187 435 2264 ejus
449 2187 620 2265 oppositum
633 2185 869 2263 improbandum.

184 2284 264 2346 Nam
284 2284 430 2364 Johannis
448 2285 484 2344 iv.
504 2284 646 2354 scribitur,
668 2284 821 2361 quomodo
842 2283 975 2344 Christus
995 2283 1067 2345 dixit
1087 2283 1199 2343 mulieri

143 2383 344 2444 Samaritanae
364 2392 396 2443 ut
417 2382 499 2443 daret
519 2382 574 2442 sibi
592 2382 710 2455 bibere;
738 2382 804 2458 quis
822 2399 894 2458 ergo
913 2392 1034 2459 negaret
1051 2381 1199 2441 mendica·

142 2482 256 2542 tionem
270 2480 357 2541 talem
376 2483 408 2542 in
422 2479 550 2552 Christo,
564 2496 633 2541 curn
647 2479 740 2539 irrerat
760 2489 821 2538 tam
842 2480 972 2556 egenus?
1008 2478 1068 2540 Sed
1086 2478 1200 2556 ponde-

142 2589 241 2640 rantes
258 2580 345 2639 istam
362 2579 504 2655 argutiam
524 2578 556 2636 in
577 2577 677 2654 primis
700 2586 921 2654 cognoscerent,
936 2577 1008 2654 quid
1028 2575 1200 2654 descriptive

141 2689 189 2739 est
201 2678 353 2737 hominem
367 2678 404 2736 ab
419 2676 538 2735 homine
552 2675 727 2735 mendicare.
769 2673 899 2748 Quando
917 2677 996 2735 enim
1016 2675 1142 2735 creditor
1155 2675 1200 2734 vel

143 2778 207 2854 ejus
229 2784 401 2852 procurator
423 2774 494 2852 petit
519 2772 649 2833 debitum
671 2783 791 2851 propter
811 2773 1017 2833 alienationem
1037 2773 1119 2846 tituli,
1138 2790 1200 2832 non

143 2875 273 2952 seqnitur
297 2872 379 2950 quod
399 2872 555 2943 mendicat,
575 2881 606 2930 et
628 2872 720 2932 multo
742 2873 838 2948 magis
862 2872 887 2933 si
911 2871 1049 2933 dominus
1069 2874 1141 2951 petit
1162 2871 1200 2932 de

144 2973 214 3044 suis,
235 2971 316 3049 quod
339 2972 394 3031 sibi
415 2971 543 3030 serviens
564 2970 637 3029 haec
657 2969 806 3030 ministret
848 2969 922 3030 Ideo
942 2971 1116 3048 generaliter
1134 2970 1201 3033 licet

145 3070 279 3130 Christus
300 3068 486 3128 dominanter
511 3068 548 3128 de
570 3067 630 3127 suis
650 3067 731 3127 bona
751 3086 805 3128 sua
825 3078 988 3145 acceperat,
1001 3087 1064 3128 non
1084 3086 1122 3128 ex
1142 3068 1200 3129 hoc

145 3168 285 3246 sequitur,
299 3166 382 3244 quod
395 3166 426 3224 in
440 3165 498 3225 hoc
511 3165 688 3225 mendicavit
701 3166 740 3225 ab
753 3166 815 3238 illis,
831 3165 884 3226 sed
896 3167 995 3244 potius
1011 3166 1201 3226 ministerium

144 3267 217 3327 boui
244 3265 353 3343 proprii
381 3265 419 3323 ab
447 3264 518 3341 ipsis
542 3263 690 3340 requisivit
717 3262 756 3323 ad
782 3263 895 3323 bonurn
923 3264 1074 3323 commodi
1101 3264 1201 3322 minis·

145 3365 292 3424 trantium.
334 3363 374 3423 Et
398 3364 440 3423 sic
465 3362 577 3422 videtur
604 3362 779 3440 quibusdam
808 3363 858 3439 qni
887 3363 1070 3440 evangelium
1094 3362 1201 3422 Christi

146 3463 323 3533 studuerant,
348 3460 429 3538 quod
455 3459 588 3520 Christus
613 3461 685 3537 petit
712 3470 817 3538 potum
845 3460 913 3519 fidei
938 3472 966 3520 et
994 3460 1157 3521 devotionis
1183 3479 1202 3520 a

146 3560 256 3620 femina
269 3560 307 3618 ad
321 3559 503 3638 potandum3
532 3575 593 3617 non
614 3557 693 3616 enim
713 3557 833 3629 videtur,
848 3556 929 3635 quod
944 3556 1076 3618 Christus
1095 3576 1201 3636 aquam

146 3658 325 3718 materialem
339 3657 478 3735 poposcit
489 3655 528 3716 ad
542 3655 705 3734 potandum
720 3655 848 3735 jejunus,
863 3656 1023 3733 specialiter
1037 3675 1104 3717 cum
1119 3657 1203 3718 fuerit

146 3755 220 3816 hora
244 3766 336 3827 sexta,
360 3766 390 3814 et
415 3754 548 3833 discipuli
572 3750 704 3814 abierunt
728 3754 759 3813 in
783 3753 879 3813 villam
905 3754 944 3813 ad
967 3755 1125 3814 emendum
1150 3754 1203 3815 illis

149 3855 266 3914 cibaria.
309 3853 445 3913 Similiter
469 3855 493 3913 si
517 3852 650 3923 Christus
674 3871 781 3930 aquarn
807 3853 984 3912 materialem
1008 3851 1160 3931 poposcit³
1185 3872 1204 3913 a

147 3952 257 4013 semina
279 3953 318 4011 ad
341 3952 513 4024 bibendum,
533 3962 604 4011 tunc
628 3951 780 4028 probabile
804 3961 856 4024 est,
878 3950 959 4029 quod
982 3969 1037 4029 pro
1062 3951 1111 4012 ilio
1131 3961 1203 4030 potu

181 4108 190 4138 ¹
206 4105 466 4171 tandemtandem»,
480 4105 513 4155 D.
525 4106 563 4157 ed.
578 4122 614 4173 pr.
752 4105 762 4135 ¹
778 4104 851 4170 istos]
864 4121 913 4156 om.
926 4106 960 4157 D.
1092 4108 1101 4136 ³
1118 4106 1191 4159 video

148 4172 221 4223 video
233 4173 308 4236 quod,
320 4171 414 4223 ΑΒΕ.
426 4171 465 4222 ed.
477 4187 514 4237 pr.
631 4169 640 4200 ⁴
656 4170 688 4221 cf.
701 4184 714 4220 t
727 4170 840 4223 Corinth.
852 4172 868 4221 i.
882 4185 920 4239 19.
1050 4173 1060 4203 ⁸
1075 4173 1191 4240 poposcit

147 4237 310 4303 poposcisset,
324 4237 359 4287 Ῑ).

1230 1325 1339 1364 Retlonen

1228 1489 1383 1565 neena

1228 1568 1364 1646 een·
