2864 4836
590 439 845 520 JOANNIS
887 437 1103 501 urum
1304 458 1382 495 m.
1421 464 1423 497 ἱ

319 604 438 682 allegavi
457 615 561 663 contra
576 606 664 664 istum
682 621 811 663 errorem
825 601 975 679 multiplex
993 602 1209 662 testimonium
1226 600 1379 679 Augurum

318 704 386 763 ideo
407 703 463 763 illis
485 704 643 780 suppositis
664 713 736 762 noto
757 702 850 773 tertio,
873 700 1026 779 quomodo
1047 718 1086 758 ex
1125 719 1232 761 errore
1255 715 1378 761 sensuum

319 810 378 858 tarn
398 800 627 859 extrinsecorum
645 799 749 876 quam¹
768 801 993 859 intrinsecorum
1011 799 1068 856 ista
1088 799 1252 858 dementia
1265 809 1309 858 est
1324 815 1377 874 pet·

319 896 413 972 plexa.
456 896 535 955 Nam
554 897 707 956 deficiente
727 897 829 956 notitia
848 913 950 956 sensus
971 896 1142 966 extrinseci,
1164 907 1291 973 oportet
1310 892 1376 972 quod
1421 932 1423 937 ·

319 1012 422 1052 sensus
440 995 613 1053 intrinsecus
628 994 769 1063 illudatur,
785 1004 814 1052 et
828 993 924 1052 nullus
937 993 1001 1052 talis
1014 991 1186 1052 haereticus
1206 994 1289 1052 dicet
1304 991 1377 1051 reto

319 1094 426 1163 lastice,
445 1092 526 1169 quod
546 1094 640 1151 noscit
659 1093 850 1168 quidditatem
870 1091 914 1151 vel
936 1090 1135 1151 differentiam
1155 1092 1376 1151 substantiarum
1421 1126 1423 1167 t

319 1190 507 1262 sensibilium,
536 1190 589 1249 sed
618 1190 761 1249 concedet
795 1208 862 1249 curn
891 1189 983 1248 stultis
1011 1187 1210 1265 philosophis,
1241 1188 1322 1267 quod
1344 1187 1375 1246 dt

319 1288 422 1346 talibus
449 1289 632 1346 sensibilibus
661 1288 730 1346 nihil
758 1289 862 1347 noscit.
917 1286 996 1346 Sicut
1024 1286 1132 1363 posite,
1163 1287 1253 1364 quod
1280 1287 1375 1345 mutue

320 1386 431 1445 hostiae
453 1387 595 1445 sacratae²
615 1396 644 1445 et
665 1405 727 1445 non
751 1396 880 1446 sacratae
903 1385 1071 1444 hominibus
1094 1384 1307 1460 ignorantibus
1329 1387 1376 1445 u'ul

320 1484 504 1554 commixtae,
527 1495 595 1542 tunc
616 1483 777 1543 haereticus
799 1485 891 1542 nescit
915 1482 1051 1542 accidens
1072 1500 1163 1542 suum
1184 1501 1204 1543 a
1225 1502 1307 1561 pane
1325 1483 1376 1542 dis·

320 1582 460 1657 tinguere,
482 1583 555 1640 sicut
576 1600 632 1641 nos
653 1583 800 1641 nescimus
822 1581 997 1658 distinguere
1019 1582 1093 1639 inter
1113 1593 1251 1641 sacratas
1275 1582 1376 1642 hostias

320 1688 348 1738 et
368 1696 430 1737 non
450 1691 586 1750 sacratas,
601 1698 639 1739 eo
660 1680 741 1756 quod
762 1681 885 1739 sacratio
899 1697 960 1738 non
981 1689 1025 1737 est
1046 1678 1195 1739 sensibilis
1209 1680 1266 1740 sed
1286 1681 1375 1739 insen·

320 1777 417 1836 sibilis.
460 1776 561 1836 Mures
581 1786 679 1836 autem
698 1778 806 1837 habent
825 1776 984 1835 servatam³
1003 1776 1136 1834 notitiam
1156 1777 1196 1836 de
1216 1780 1306 1855 panis
1320 1779 1377 1837 suh

320 1875 425 1935 stantia
449 1877 521 1934 sicut
545 1876 665 1951 primo⁴,
689 1875 742 1934 sed
766 1876 828 1935 istis
853 1875 1017 1934 infidelibus
1042 1873 1119 1933 istud
1144 1875 1241 1947 deest,
1265 1887 1377 1936 etcum

320 1975 456 2050 ignorant
480 1975 545 2048 quis
573 1975 657 2049 panis
682 1985 732 2032 aut
760 1974 841 2049 quod
866 1974 966 2032 vinum
994 1974 1065 2049 ipsis
1091 1972 1253 2033 latentibus
1281 1990 1378 2034 conse

320 2080 423 2140 cratur,
449 2088 504 2128 nec
532 2080 734 2129 consecratum
762 2072 866 2130 iterum
894 2072 995 2147 recipit
1022 2073 1290 2143 consecrationem,
1318 2073 1379 2148 quit

321 2169 362 2226 sic
383 2167 519 2227 accidens
539 2186 591 2244 per
610 2187 641 2227 se
664 2170 725 2227 sine
746 2187 823 2245 pane
842 2169 886 2228 vel
900 2170 968 2227 vino
987 2168 1092 2244 poterit
1112 2171 1294 2242 consecrari,
1307 2178 1380 2247 patet

321 2264 402 2340 quod
429 2275 472 2322 est
500 2265 553 2323 illis
582 2267 759 2342 ambiguum,
789 2268 813 2331 si
841 2284 973 2342 unquam
1000 2269 1052 2325 rite
1085 2277 1275 2341 consecrant,
1303 2278 1336 2327 ut

322 2361 477 2420 multitudo
506 2361 668 2421 hostiarum
692 2365 791 2423 statim
819 2375 886 2441 post
913 2365 1071 2440 pistionem
1100 2381 1118 2422 a
1145 2366 1323 2442 presbytero
1348 2365 1379 2422 sit

322 2468 441 2529 sacrata,
457 2470 485 2518 et
500 2461 599 2517 vinum
621 2462 651 2518 in
672 2461 870 2520 transmarinis
884 2462 1014 2537 partibus
1033 2461 1189 2538 ignorante
1204 2463 1335 2540 Anglico
1348 2464 1380 2520 sit

322 2567 475 2628 sacratum,
491 2568 560 2616 tunc
575 2558 660 2616 frater
671 2558 813 2633 Anglicus
828 2559 937 2618 nonde
952 2560 1005 2618 illis
1020 2557 1192 2618 consecrat⁵
1207 2561 1284 2619 sicut
1305 2560 1378 2618 dicit

325 2655 384 2713 Sed
405 2656 470 2730 quis
486 2656 539 2714 seit
560 2656 583 2714 si
599 2658 679 2732 ipsae
693 2674 739 2715 res
761 2658 800 2715 ita
821 2675 852 2716 se
874 2658 991 2727 habent,
1007 2675 1074 2715 cum
1095 2669 1244 2733 quotquot
1265 2659 1379 2717 hostiae

324 2763 448 2829 possunt
463 2753 549 2811 simul
563 2753 670 2812 eodem
684 2755 774 2813 verbo
789 2754 910 2813 Domini
925 2756 1098 2823 consecrari,
1113 2765 1142 2813 et
1157 2756 1261 2814 vinum
1280 2767 1374 2833 potest

325 2850 353 2906 in
368 2867 554 2927 quocumque
570 2870 638 2909 vase
653 2863 681 2910 et
696 2863 931 2928 quantacumque
946 2854 1105 2929 quantitate
1120 2856 1238 2924 sacrari,
1253 2857 1342 2913 etiarn
1355 2853 1378 2911 si

324 2949 429 3022 poterit
444 2966 496 3022 per
511 2967 541 3007 se
556 2967 631 3007 esse.
679 2948 807 3008 Gustum
828 2951 923 3027 itaque
944 2970 1112 3027 cauponum
1133 2950 1200 3010 licet
1222 2952 1269 3011 isti
1285 2951 1378 3011 stolidi

325 3045 459 3104 haeretici
488 3049 696 3105 necessitantur
726 3048 834 3119 tollere,
864 3067 925 3106 non
953 3060 1052 3107 tamen
1078 3051 1121 3107 eis
1150 3050 1284 3122 credunt,
1314 3069 1377 3111 cum

326 3161 423 3201 mures
439 3162 498 3201 non
514 3146 647 3202 obstante
663 3163 714 3202 sua
730 3145 845 3204 stultitia
857 3158 969 3204 servant
980 3166 1016 3205 ex
1028 3148 1141 3222 integro
1153 3166 1276 3207 sensum
1288 3168 1378 3208 suurn.

326 3240 406 3314 Quid
422 3260 493 3316 ergo
512 3252 643 3300 moveret
658 3241 821 3300 Dominum
840 3243 940 3320 Jesum
956 3245 1104 3303 Christum
1123 3245 1225 3304 tollere
1246 3249 1289 3307 sic
1306 3248 1379 3325 judi-

326 3340 403 3396 cium
426 3357 545 3397 suorum
568 3339 723 3409 cultorum,
740 3359 807 3398 cum
829 3343 858 3399 in
874 3342 952 3399 nullo
967 3342 1110 3400 redundat
1131 3344 1173 3401 eis
1194 3344 1242 3401 in⁶
1259 3347 1379 3415 bonurn,

327 3453 381 3493 nec
397 3437 425 3493 in
441 3438 552 3495 ratione
569 3437 614 3494 vel
629 3437 685 3495 lide
700 3440 859 3513 scripturae
874 3451 969 3514 potest
984 3440 1105 3510 fundari,
1121 3441 1203 3517 quod
1220 3456 1267 3502 est
1281 3462 1380 3502 neces·

328 3534 434 3590 sarium
457 3534 592 3594 homines
614 3536 655 3594 sic
678 3537 794 3611 decipi?
827 3555 894 3595 cum
919 3538 1003 3612 panis
1028 3548 1057 3595 et
1078 3540 1178 3596 vinum
1201 3543 1380 3600 remanentia

328 3629 483 3703 figurarent
505 3633 599 3706 aptius
621 3651 729 3708 corpus
750 3633 857 3692 Christi
878 3646 906 3693 et
928 3638 1109 3711 sanguinem,
1131 3654 1222 3712 quam
1244 3641 1380 3699 accidens

328 3727 390 3784 sine
412 3729 562 3803 subjecto;
592 3741 620 3788 et
642 3749 734 3806 aeque
756 3733 871 3807 posset⁷
885 3751 991 3809 corpus
1006 3733 1114 3792 Christi
1132 3745 1161 3793 et
1180 3739 1305 3812 sanguis
1319 3755 1379 3796 esse

328 3824 364 3881 ad
380 3825 538 3900 quemlibet
552 3839 694 3902 punctum
710 3829 773 3888 talis
787 3832 926 3905 corporis,
942 3833 1014 3890 sicut
1034 3832 1072 3890 ad
1092 3831 1220 3909 aliquem
1239 3847 1380 3910 punctum

363 3997 369 4024 ¹
387 4012 417 4046 ex
429 4000 629 4063 errore-quam]
642 4016 691 4049 om.
704 4001 742 4050 ed.
755 4017 792 4065 pr.
946 4003 956 4032 ⁹
972 4004 1093 4068 sacratae]
1106 4016 1275 4065 consecratae,
1288 4011 1378 4061 A.B.C.

328 4060 337 4087 ³
356 4063 489 4127 servatam]
502 4064 549 4112 sibi
561 4065 678 4122 innatam,
691 4067 784 4116 A.B.C.
796 4068 834 4115 ed.
847 4084 883 4131 pr.
1052 4070 1062 4098 ⁴
1079 4071 1142 4120 sicut
1152 4073 1248 4138 primo]
1261 4088 1379 4126 seruatam

331 4126 392 4174 sicut
406 4128 493 4190 primo,
505 4129 543 4178 ed.
556 4145 592 4192 pr.
707 4131 717 4158 ⁶
733 4133 872 4196 consecrat]
885 4135 1044 4190 consecravit,
1057 4137 1095 4185 ed.
1107 4151 1144 4200 pr.
1254 4141 1264 4168 ⁸
1282 4141 1320 4206 in]
1332 4157 1378 4192 ont.

331 4190 369 4237 cd.
383 4207 418 4253 pr.
518 4193 526 4220 ⁷
545 4195 638 4258 posset]
652 4204 741 4259 potest,
752 4198 789 4246 ed.
802 4213 839 4261 pr,
