2864 4836
471 465 473 469 ι
547 425 802 507 Jonrvrvrs
836 425 1055 488 nram
1273 448 1343 486 w.

277 595 407 671 episcopi
422 603 451 652 et
464 591 669 662 archidiaconi,
681 591 820 650 officiales
830 603 859 650 et
869 591 982 663 decani,
995 590 1146 650 monachi
1160 600 1191 651 et
1206 588 1342 658 canonici,

277 695 378 753 fratres
393 703 421 752 et
436 693 472 750 de
491 693 553 750 istis
571 700 706 766 quattuor
725 689 877 748 ordinibus
896 700 1125 765 conquestores.
1170 689 1210 748 Et
1228 689 1341 748 bretiter

277 793 443 868 quicunque
465 790 535 847 ritus
556 787 601 846 vel
625 786 699 845 ordo
726 785 863 846 fundatus
883 805 946 845 non
966 786 1054 846 fuerit
1078 788 1113 846 in
1136 788 1289 863 scriptura,
1307 785 1339 845 de

277 889 490 947 introductione
501 897 614 962 praeter
625 885 869 960 approbationem
880 883 1003 943 Domini
1014 895 1059 944 est
1072 896 1246 962 suspectus.
1274 883 1339 942 Pos-

277 998 344 1046 sunt
364 997 461 1044 autcm
482 984 602 1061 quidam
616 982 681 1041 viri¹
696 983 823 1058 religiosi
843 982 949 1041 habere
969 983 1026 1042 ista
1047 986 1178 1043 nomina
1198 994 1229 1042 et
1250 1000 1338 1040 mrere

276 1101 399 1153 veneno,
414 1082 496 1158 quod
514 1093 557 1141 est
576 1081 667 1139 modo
687 1078 743 1139 sub
762 1083 818 1139 isto
837 1079 973 1139 nomine²
992 1080 1210 1151 introductum,
1226 1092 1257 1139 ut
1275 1081 1338 1138 olim

276 1199 380 1239 omnes
401 1179 566 1239 sacerdotes
587 1180 682 1238 vocati
703 1179 818 1238 suerunt
838 1179 968 1255 episcopi
989 1188 1020 1237 et
1037 1179 1081 1237 sic
1105 1180 1146 1238 de
1168 1179 1234 1237 aliis
1250 1181 1338 1237 nomi·

276 1281 370 1348 nibus,
395 1296 470 1354 quae
494 1296 555 1335 non
580 1279 695 1353 sapiunt
719 1277 962 1336 consuetudinem
990 1276 1102 1335 diaboli
1130 1279 1162 1335 in
1188 1278 1337 1336 ecclesiam

276 1378 479 1435 introductam.
523 1375 581 1434 Sed
596 1393 650 1451 pro
665 1375 886 1451 impugnatoriis
904 1375 1039 1433 rationis³
1063 1375 1157 1452 hujus
1177 1393 1283 1434 aureae
1299 1385 1337 1432 est

276 1474 445 1544 notandum,
467 1474 547 1550 quod
565 1473 697 1532 Christus
716 1473 812 1549 aliqua
829 1469 1024 1532 confirmarit⁴
1043 1475 1185 1549 explicite
1205 1485 1236 1533 et
1255 1475 1337 1532 verbo

276 1573 432 1648 multiplici,
458 1573 531 1630 sicut
556 1571 652 1630 officia
678 1571 870 1641 sacerdotum,
896 1572 992 1647 aliqua
1015 1581 1118 1630 autem
1141 1568 1338 1631 confirmarit⁴

277 1688 338 1728 non
360 1680 421 1729 tam
445 1670 589 1746 explicite,
611 1672 685 1728 sicut
709 1669 805 1728 officia
827 1668 998 1727 secularium
1018 1669 1224 1740 dominorum,
1247 1670 1338 1746 aliqua

278 1786 345 1827 vcro
360 1764 556 1826 confirmavit⁴
570 1769 708 1826 innuitive
724 1767 768 1825 vel
777 1784 866 1844 opere
881 1767 953 1825 sicut
967 1766 1063 1825 officia
1073 1767 1291 1839 laborantium
1311 1780 1338 1824 et

277 1869 307 1924 in
328 1867 382 1925 illis
400 1867 491 1925 tribus
510 1866 613 1925 officiis
632 1868 732 1925 omnia
751 1865 847 1924 officia
866 1864 990 1924 familiae
1008 1866 1228 1942 patrisfamilias
1249 1868 1338 1926 conti·

277 1974 389 2022 nentur.
432 1963 637 2041 Praesumptio
652 1974 749 2022 autem
764 1964 824 2022 sive
838 1963 969 2022 dimissio
983 1963 1048 2022 talis
1061 1963 1163 2034 officii,
1177 1983 1213 2023 ac
1228 1966 1253 2024 si
1267 1963 1337 2023 soret

277 2080 330 2138 per
351 2079 382 2119 se
405 2062 517 2137 species
541 2061 579 2121 ad
600 2061 833 2120 aedificationem
854 2061 993 2121 ecclesiae
1014 2062 1164 2138 requisita,
1186 2062 1338 2122 contundit

278 2161 383 2218 multas
408 2171 505 2235 partes
529 2159 679 2219 ecclesiae.
730 2159 771 2218 Ut
794 2160 877 2218 multi
900 2169 976 2230 sunt,
1002 2161 1051 2235 qui
1076 2161 1101 2217 si
1127 2160 1160 2217 in
1184 2160 1338 2218 affectione

279 2259 448 2317 desisterent
463 2276 480 2315 a
494 2259 543 2316 tali
558 2259 663 2326 officio,
679 2268 747 2317 tunc
768 2277 835 2317 cum
850 2259 967 2335 paribus
984 2256 1080 2316 forent
1094 2258 1241 2316 ecclesiae
1255 2275 1336 2316 verae

278 2356 397 2433 partes⁶,
422 2357 473 2414 ubi
497 2356 588 2414 modo
613 2368 731 2433 propter
754 2356 940 2414 affectionem
964 2356 1159 2415 adulterinam
1184 2374 1249 2414 non
1272 2365 1336 2415 sunt

278 2456 389 2530 partes⁶
403 2455 550 2524 ecclesiae,
566 2453 617 2512 sed
632 2464 833 2528 procuratores
848 2453 964 2525 diaboli,
979 2465 1010 2511 ut
1023 2464 1103 2531 patet
1122 2454 1287 2530 specialiter
1301 2454 1335 2512 de

279 2553 332 2624 his,
341 2555 390 2628 qui
400 2553 554 2611 affectione
564 2552 692 2610 indebita
704 2563 770 2609 sunt
781 2571 849 2609 cum
860 2554 949 2627 signis
960 2551 1147 2610 sensibilibus
1159 2552 1335 2628 desponsati.

280 2651 337 2708 Sed
365 2670 452 2726 grave
481 2668 557 2707 onus
586 2651 743 2725 imponitur
771 2650 910 2718 fidelibus
940 2651 1159 2708 admittentibus
1188 2663 1220 2708 ut
1249 2650 1334 2707 fidem

278 2749 513 2824 philosophicum
528 2748 701 2807 theorema⁷.
744 2749 887 2806 Videntur
901 2749 980 2807 enirn
995 2751 1123 2818 innuere,
1139 2749 1223 2825 quod
1239 2749 1334 2807 Chris-

278 2857 323 2903 tus
349 2847 378 2902 in
403 2847 451 2903 tali
477 2865 614 2904 mensura
635 2847 750 2905 tradidit
771 2848 866 2922 legem
887 2865 978 2916 suam,
1000 2848 1081 2922 quod
1103 2865 1166 2904 non
1188 2858 1284 2923 potest
1305 2848 1333 2903 in

278 2945 438 3018 quantitate
460 2944 523 3002 aut⁸
546 2944 681 3020 qualitate
703 2945 834 3016 deficere,
850 2947 892 3004 sic
913 2947 993 3021 quod
1014 2945 1053 3003 si⁹
1067 2963 1161 3003 unum
1180 2947 1244 3022 jota
1265 2945 1333 3003 soret

278 3041 344 3099 fidei
368 3042 524 3117 scripturae
545 3043 676 3101 additum
695 3045 738 3101 vel
758 3045 893 3116 ablatum,
908 3045 981 3103 foret
1001 3045 1167 3102 notabiliter
1187 3047 1331 3121 pejorata;

278 3150 306 3196 et
327 3159 379 3214 per
401 3140 479 3197 idem
501 3141 524 3197 si
546 3140 648 3215 aliquis
670 3159 772 3199 sensus
794 3144 950 3217 scripturae
975 3142 1048 3199 soret
1071 3142 1188 3200 ablatus
1214 3154 1243 3201 et
1265 3144 1332 3200 alius

278 3239 389 3311 positus
413 3240 444 3294 in
470 3238 536 3295 loco
565 3239 627 3314 ejus
635 3257 643 3310 ;
677 3241 718 3297 sic
742 3240 822 3315 quod
847 3241 918 3298 fides
942 3240 1028 3315 hujus
1052 3240 1126 3315 legis
1151 3259 1215 3298 non
1240 3252 1331 3317 potest

278 3339 391 3411 corrigi,
412 3337 463 3394 sed
482 3338 562 3411 quod
580 3338 609 3394 in
630 3338 731 3395 ultimo
751 3338 843 3412 gradu
864 3340 1000 3396 bonitatis
1021 3339 1152 3413 possibili
1175 3352 1238 3397 erat
1258 3340 1331 3407 data,

278 3436 346 3507 quia
367 3434 497 3492 desectus
519 3436 548 3492 in
571 3453 746 3511 quocunque
768 3436 934 3511 hujusmodi
955 3436 1153 3512 blaspheme¹⁰
1174 3439 1206 3495 in
1229 3437 1331 3496 Christi

278 3532 474 3604 ignorantiam
489 3532 534 3589 vel
548 3532 756 3608 negligentiam
770 3534 952 3591 redundaret.
995 3533 1032 3590 Et
1047 3535 1077 3590 in
1091 3533 1148 3592 isto
1167 3535 1262 3593 multa
1280 3536 1331 3593 alia

278 3629 403 3687 difficilia
417 3630 607 3704 implicantur.
652 3630 710 3688 Sed
729 3649 789 3707 quo
809 3631 846 3690 ad
866 3633 942 3690 istud
962 3631 1078 3690 multa¹¹
1097 3632 1331 3692 inconvenientia

310 3851 318 3879 ¹
336 3850 433 3914 quidam
446 3851 503 3914 viri]
516 3852 560 3900 viri
573 3852 678 3915 quidam,
691 3854 723 3900 A.
800 3852 811 3881 ²
827 3854 873 3902 sub
884 3854 932 3902 isto
944 3853 1055 3915 nomine]
1068 3855 1152 3905 subito
1163 3858 1272 3913 nomine,
1283 3858 1329 3906 ab.

277 3914 285 3941 ³
303 3916 414 3979 rationis]
428 3917 571 3971 rationibus.
583 3920 612 3966 C.
721 3918 730 3945 ⁴
748 3918 913 3983 confirmavit]
926 3919 1063 3975 confirmat.
1075 3921 1105 3970 C.
1213 3923 1223 3951 ³
1239 3922 1329 3987 partes]

276 3995 340 4043 pars,
351 3982 430 4030 a.b.C.
536 3981 655 4046 ⁶partes]
669 3999 733 4046 pars,
745 3986 823 4034 a.b.C.
930 3985 1095 4050 'theorema]
1109 3985 1261 4044 theoreuma,
1274 3990 1328 4036 Ab.

276 4047 370 4108 primae
382 4063 483 4101 manus;
501 4047 637 4102 thoreuma,
649 4049 697 4096 ab.
710 4051 831 4098 secundae
842 4065 936 4099 manus.
1158 4053 1167 4080 ⁸
1183 4054 1240 4117 aut]
1253 4070 1288 4108 ac,
1300 4055 1328 4102 C.

275 4111 284 4136 ⁹
302 4112 333 4174 si]
352 4126 401 4159 orn.
419 4128 441 4159 a.
631 4115 648 4143 ¹⁰
665 4114 820 4178 blaspheme]
839 4114 916 4176 conj.;
935 4115 1095 4180 blasphemie,
1112 4133 1199 4168 ornnes
1217 4120 1327 4170 Codices.

276 4177 291 4203 ¹¹
310 4176 399 4239 multa]
413 4177 490 4226 multa
503 4187 626 4242 tanquam,
639 4196 714 4228 omnes
726 4180 782 4228 libri
794 4196 868 4229 manu
881 4181 973 4245 scripti.
