2864 4836
502 431 840 494 TRIALOGUS.

586 723 673 783 CAP
694 724 748 783 IX.

406 853 452 915 De
465 855 600 916 sbtelkctu
613 864 640 915 et
651 857 789 916 voluntale
802 856 928 917 somme.

180 985 317 1046 Psessoi.
359 987 396 1046 In
417 990 555 1048 omnibus
576 990 638 1049 istis
658 989 744 1049 dictis
764 989 876 1048 videtur
900 988 980 1059 mihi,
1002 987 1084 1066 quod
1108 988 1195 1047 nimis

138 1086 252 1146 exiliter
264 1087 408 1163 procedis,
423 1106 458 1147 ae
472 1089 497 1147 si
511 1088 661 1147 dormiens
675 1089 721 1147 vel
735 1108 753 1148 a
766 1089 867 1165 peritis
886 1087 1078 1147 absconditus
1092 1087 1196 1164 loque·

138 1193 228 1254 retur,
246 1202 314 1243 cum
333 1185 480 1262 sophistae
499 1185 633 1245 tollerent
653 1204 757 1245 omnes
776 1187 846 1245 istas
865 1185 1025 1245 instantias.
1068 1185 1127 1245 Sed
1147 1186 1195 1247 dic

138 1282 228 1341 nobis
255 1282 373 1342 ulterius
400 1283 433 1341 de
452 1285 583 1360 potennt‘s
607 1284 731 1360 propriis
759 1283 907 1341 euoluens
939 1283 1079 1358 sps'rt'tus¹,
1104 1302 1195 1360 quem

137 1381 245 1441 usseris
266 1381 468 1441 immortalem.
513 1381 636 1441 Videtur
655 1383 734 1441 enim
756 1381 947 1458 philosophis,
961 1381 1043 1457 quod
1057 1393 1195 1458 quattuor

138 1481 259 1539 virtutes
274 1479 427 1551 sufficiunt,
442 1480 550 1540 scilicet
569 1480 729 1539 intellectus
749 1479 903 1556 possibilis,
919 1478 1080 1539 intellectus
1094 1498 1194 1556 agens,

139 1577 273 1654 potentia
286 1578 528 1653 concupiscibilis,
543 1587 573 1636 et
586 1579 717 1654 potentia
731 1577 888 1636 irascibilis.

179 1673 345 1734 Phrenesis.
388 1673 465 1745 Scio,
479 1675 561 1751 quod
580 1694 598 1734 a
614 1676 732 1734 veritate
751 1675 854 1751 prima,
869 1692 945 1750 quae
962 1683 1007 1734 est
1024 1673 1107 1733 Deus
1127 1692 1195 1733 cum

138 1771 252 1847 angelis
273 1772 340 1842 suis,
355 1789 421 1831 sum
442 1773 527 1845 visus,
542 1781 571 1832 et
591 1772 659 1832 ideo
681 1781 768 1830 teneo
790 1790 846 1842 me,
866 1783 1008 1848 quantum
1029 1771 1150 1842 sufficio,
1164 1773 1195 1831 in

138 1886 285 1940 mensura,
307 1887 430 1928 numero
450 1880 480 1928 et
499 1869 639 1946 pondere,
661 1881 689 1929 et
710 1870 833 1929 omnino
853 1871 884 1927 in
904 1869 1040 1929 limitibus
1061 1870 1195 1929 veritatis.

139 1967 210 2027 Scio
239 1967 368 2044 quidem,
393 1968 475 2044 quod
502 1970 533 2027 in
560 1985 735 2045 quacunque
762 1968 881 2026 istarum
909 1968 1094 2026 materiarum
1121 1967 1195 2027 ultra

139 2083 231 2143 quam
256 2066 376 2142 expedit
399 2067 560 2143 poterimus
584 2066 708 2142 evagari.
750 2063 815 2125 Nec
840 2065 978 2124 sollicitor
1001 2065 1093 2124 modo
1118 2066 1196 2124 circa

138 2163 349 2238 responsiones
368 2174 417 2223 aut
436 2164 639 2223 contentiones
658 2163 839 2240 sophisticas,
858 2181 925 2222 cum
949 2164 1011 2222 scio
1030 2163 1112 2240 quod
1130 2164 1195 2222 illae

138 2261 243 2320 vitiose
256 2260 420 2336 procedunt
432 2271 461 2320 et
475 2261 656 2320 infructuose
670 2260 838 2338 obliquant⁹
852 2280 870 2320 a
884 2262 942 2320 fine
956 2261 1069 2320 ultimo.
1112 2261 1194 2333 Ide0,

139 2367 173 2416 ut
186 2357 273 2417 docet
286 2356 393 2418 Paulus
413 2358 460 2418 in³
479 2358 686 2417 contendendo
702 2376 769 2417 cum
791 2359 853 2430 illis,
866 2364 939 2419 ‘nos
961 2359 1048 2418 talem
1070 2378 1192 2419 consue·

139 2456 273 2516 tudinem
297 2474 358 2515 non
382 2456 558 2516 habemus‘.'
600 2454 743 2515 Concedo
768 2473 849 2532 erg0,
871 2455 952 2533 quod
977 2456 1068 2515 homo
1094 2467 1194 2516 noster

138 2553 259 2613 interior
272 2552 359 2612 habet
372 2554 478 2613 multas
491 2554 646 2630 potentias,
658 2555 726 2629 quia
739 2571 853 2624 omnes,
868 2572 920 2630 per
933 2572 1007 2630 quas
1021 2564 1118 2631 potest
1132 2572 1194 2613 non

138 2651 278 2727 organice
289 2653 411 2727 operari.
441 2651 493 2710 Est
504 2652 593 2711 etiam
603 2668 731 2728 persona
739 2651 852 2710 habens
861 2652 1194 2729 omnesillaspotentias

139 2765 298 2824 corporeas
308 2748 352 2807 vel
363 2750 523 2825 cognitivas
537 2750 699 2825 organicas,
711 2749 873 2808 secundum
884 2768 957 2827 quas
967 2749 1058 2809 homo
1069 2751 1194 2810 exterior

137 2856 284 2922 operatur.
335 2845 381 2905 De
406 2847 549 2923 corporali
573 2865 641 2906 vero
669 2849 800 2924 potentia
823 2857 867 2907 est
892 2849 977 2907 nobis
1005 2849 1194 2925 impertinens

139 2939 248 3002 modo‘
269 2942 358 3020 loqui.
400 2942 579 3004 Conceditur
600 2963 669 3004 vero
695 2944 767 3005 tales
790 2955 927 3022 quattuor
947 2964 1013 3006 esse
1035 2945 1192 3023 potentias,

139 3043 216 3102 sicut
229 3051 261 3100 tu
274 3043 386 3101 recitas.
433 3040 493 3102 Sed
512 3052 628 3119 oportet
646 3061 748 3103 cavere
767 3043 843 3103 hanc
864 3041 1016 3115 haeresim,
1031 3045 1112 3121 quod
1131 3063 1193 3105 cre·

139 3140 226 3199 datur
247 3139 310 3198 illas
332 3141 478 3216 potentias
499 3158 563 3199 esse
588 3158 635 3199 res
658 3141 815 3213 absolutas,
837 3159 912 3218 quae
936 3152 1059 3218 possunt
1085 3159 1138 3219 per
1162 3160 1193 3201 se

139 3239 273 3308 existere,
288 3255 356 3297 cum
369 3255 431 3297 non
446 3239 502 3297 sint
515 3238 570 3296 nisi
585 3237 665 3296 illum
685 3239 816 3314 spiritum
835 3240 877 3298 sic
897 3257 985 3316 posse
999 3257 1095 3314 agere,
1109 3251 1139 3298 et
1154 3241 1194 3298 ita

139 3335 209 3394 lieet
222 3338 279 3395 sint
292 3335 454 3395 accidentia
467 3336 679 3412 inseparabilia,
694 3346 896 3395 verumtamen
911 3355 965 3395 nec
984 3346 1108 3413 possunt
1128 3355 1193 3396 esse

140 3451 197 3493 nec
211 3433 330 3510 intelligi
344 3434 407 3493 sine
421 3435 523 3510 spiritu
536 3434 668 3510 subjecto
674 3435 693 3504 ⁶,
708 3435 758 3511 qui
775 3435 894 3511 quidem
916 3435 1031 3510 spiritus
1053 3442 1097 3492 est
1111 3434 1193 3493 reali·

139 3541 185 3590 ter
203 3531 265 3607 ipse
285 3530 385 3602 home,
405 3530 518 3590 dicente
533 3531 661 3590 Veritate
681 3532 742 3590 suis
761 3531 916 3606 apostolis:
947 3529 1091 3591 ‘Nescitis
1110 3533 1192 3608 cujus

139 3628 257 3704 spiritus
278 3628 379 3688 estis⁷.'
422 3628 496 3687 Sunt
510 3638 607 3687 autern
628 3630 705 3688 circa
725 3628 915 3704 quidditatem
935 3646 970 3688 ac
991 3629 1096 3689 limites
1110 3630 1193 3689 intel·

138 3725 233 3786 lectus
254 3726 367 3803 agentis
387 3735 417 3785 et
437 3726 599 3787 intellectus
620 3725 782 3804 possibilis⁸
803 3727 989 3803 quaestiones
1014 3728 1136 3796 inutiles,
1161 3739 1193 3787 ut

139 3825 224 3902 quod
236 3825 398 3884 Aristoteles
418 3824 464 3884 vel
484 3824 558 3884 alius
577 3824 772 3902 philosophus
791 3836 876 3884 vocat
896 3825 1074 3884 intellectum
1096 3825 1191 3902 possi-

139 4019 150 4048 .
168 3953 182 4029 '¹
200 3953 312 4020 spiritus]
323 3953 439 4012 hominis.
451 3954 545 4006 A.B.C.
556 3954 595 4005 ed.
606 3969 644 4048 pf.
754 3954 919 4067 {dulim}
932 3954 1032 4019 oblique
1042 3961 1093 4049 surg
1104 3954 1142 4004 ed.
1173 3971 1191 4006 r.

138 4018 522 4149 priffloffuffl’l.A⁴D⁰‘edsud>jecto]
534 4091 561 4133 ut
572 4017 872 4160 mbjoectfbffAcugncnthag
886 4033 990 4160 ἑίὼιις.
1002 4083 1034 4133 ix.
1055 4022 1193 4160 5536οέ

140 4148 234 4265 ὶίἓ
246 4149 284 4199 ed.
296 4165 333 4215 pr.
344 4157 402 4215 post
414 4150 541 4201 'venum'
553 4149 659 4200 habent:
676 4149 735 4200 Luc.
747 4165 778 4199 ut.
888 4149 898 4178 ⁸
914 4147 1050 4215 possibilis]
1062 4150 1192 4215 passibilis,
