2864 4836
56 466 154 512 caes.
423 447 763 510 TRIALOGUS.

56 608 277 684 separationem
290 610 406 668 animae
420 627 438 668 a
452 627 585 686 corpore,
599 620 631 669 ut
645 611 750 671 diffsus
764 611 873 671 dictum
892 622 938 671 est
950 613 981 671 in
993 614 1115 672 materia

57 700 97 763 de
123 704 325 765 incarnatione
352 725 389 765 ex
417 708 585 767 testimonio
613 708 779 785 Augustini.
832 709 897 768 Nec
924 710 1062 786 sequitur,
1090 711 1115 769 si

57 800 195 863 Verbum
216 805 372 882 assumpsit
395 805 481 864 istam
501 815 643 877 naturam,
665 817 695 866 et
718 808 773 866 ista
796 816 900 866 natura
920 817 965 867 est
988 826 1115 884 persona

56 898 161 972 Verbi,
175 901 272 977 quod¹
286 901 418 962 Verbum
429 904 586 979 assumpsit
597 922 755 980 personam
766 905 874 978 Verbi3
896 915 1003 964 utnon
1018 907 1114 983 sequi-

56 1008 114 1069 tur,
125 1000 151 1058 si
162 998 295 1059 Verbum
309 1001 467 1076 assumpsit
481 1000 701 1072 humanitatem,
713 1013 845 1078 quaeest
858 1013 961 1062 natura
975 1000 1113 1075 humana,

56 1095 210 1157 Verbum²
222 1115 288 1157 esse
301 1098 461 1168 hominem,
476 1098 557 1174 quod
571 1099 703 1158 Verbum
714 1112 869 1176 propterea
880 1103 1037 1177 assumpsit
1047 1120 1113 1178 per·

56 1212 165 1256 aonam
177 1195 314 1273 aliquam,
329 1197 382 1255 sed
401 1198 498 1273 coepit
516 1214 580 1256 esse
600 1215 725 1273 persona
743 1198 871 1269 homsht's,
887 1208 916 1257 et
935 1217 996 1257 non
1017 1201 1114 1276 coepit

56 1310 125 1354 osae
151 1311 288 1370 persona,
316 1295 390 1354 sicut
417 1294 500 1354 Deus
526 1295 651 1372 incepit⁸
677 1313 743 1355 esse
768 1295 850 1355 Deus
877 1314 970 1366 meus,
996 1308 1025 1356 et
1052 1315 1114 1355 non

56 1388 186 1469 incepit⁴
212 1410 277 1452 esse
304 1391 395 1453 Deus.
449 1392 488 1450 Et
516 1392 662 1451 discordat
689 1394 744 1451 ista
772 1395 915 1453 sententia
946 1396 985 1453 ab
1017 1413 1113 1453 errore

56 1488 185 1567 Pelagii,
213 1490 292 1558 Aria}
320 1501 350 1550 et
377 1491 499 1550 aliorum
526 1490 747 1561 baereticorum,
773 1493 823 1568 qui
852 1491 882 1549 in
910 1493 966 1550 ista
993 1493 1114 1552 materia

58 1599 237 1658 erraverunt,
247 1598 280 1646 ut
294 1605 431 1664 suppono
446 1587 500 1647 ex‘
510 1588 661 1647 declaratis
675 1589 705 1646 in
719 1599 841 1648 tractatu
855 1590 892 1648 de
906 1591 1113 1649 incarnatione.

57 1684 125 1746 Nec
145 1685 240 1757 uideo,
261 1687 413 1762 quomodo
438 1704 524 1745 casus
548 1703 721 1745 communes
746 1688 834 1763 positi
857 1688 894 1746 de
915 1689 1113 1764 assumptione

56 1781 216 1843 multarum
230 1794 397 1842 naturarum
411 1784 565 1842 hominum
579 1793 702 1858 possunt
716 1785 833 1859 probari
844 1786 890 1843 vel
904 1784 991 1844 credi.
1025 1784 1113 1843 Unde

56 1897 122 1940 non
149 1891 264 1958 oportet
293 1899 400 1957 negare
428 1882 596 1957 hujusmodi
625 1880 958 1957 syllogismos-omnis
987 1901 1114 1958 persona

57 1977 153 2038 Verbi
173 1989 218 2038 est
232 1979 343 2050 Petrus,
358 1980 455 2037 omnis
470 1978 576 2036 Paulus
598 1989 642 2037 est
663 1996 791 2055 persona
808 1979 908 2049 Verbi,
923 1998 995 2055 ergo
1017 1980 1114 2039 omnis

59 2074 170 2135 Paulus
184 2086 229 2136 est
242 2076 353 2136 Petrus.
395 2075 460 2135 Nec
474 2075 559 2135 video
574 2078 645 2153 quin
659 2076 735 2135 foret
749 2078 937 2153 superfluum,
953 2079 1035 2155 quod
1048 2096 1113 2154 per-

58 2190 138 2234 sona
151 2173 241 2233 Verbi
255 2175 361 2234 multas
375 2174 568 2232 humanitates
583 2184 751 2245 assumeret,
766 2175 810 2233 vel
832 2175 911 2252 quod
926 2175 1034 2234 multae
1048 2194 1113 2251 per·

57 2289 152 2332 sonae
163 2273 288 2332 eandem
299 2273 508 2331 humanitatem
520 2281 717 2343 assumerent;
740 2281 768 2330 et
779 2291 831 2349 per
845 2291 1032 2349 consequens
1046 2292 1114 2332 cum

56 2386 150 2430 omne
170 2369 348 2446 superfluum
370 2370 444 2429 foret
465 2370 496 2427 in
517 2369 584 2427 Deo
609 2370 776 2445 simpliciter
800 2371 988 2446 impossihile,
1009 2389 1114 2431 omnes

60 2467 135 2527 tales
149 2486 235 2528 casus
250 2469 373 2527 inaniter
387 2468 473 2543 positi
492 2476 560 2526 sunt
578 2467 745 2542 simpliciter
764 2468 965 2543 impossibiles.
1008 2469 1046 2526 Et
1060 2471 1115 2527 ista

57 2567 204 2626 sententia
230 2565 320 2625 habet
347 2566 477 2625 colorem
505 2584 542 2623 ex
568 2564 660 2633 dictis,
686 2564 766 2640 quod
792 2581 881 2623 omne
906 2566 1045 2641 possibile
1070 2577 1114 2625 est

55 2682 168 2734 verum,
189 2674 219 2724 et
238 2665 319 2740 quod
340 2683 401 2722 non
423 2673 537 2740 oportet
551 2666 581 2721 in
596 2662 662 2720 Deo
684 2680 796 2720 servare
817 2664 962 2739 potentias
984 2664 1111 2724 infinitas

56 2761 216 2822 formaliter
234 2762 391 2840 loquendo,
406 2780 528 2838 quarum
548 2761 627 2819 nulla
645 2760 778 2838 procedit
798 2761 843 2819 ine
863 2771 970 2827 actum.
985 2773 1017 2821 ut
1031 2763 1112 2838 quod

55 2859 141 2921 Dens
161 2870 259 2937 potest
278 2879 426 2920 assumere
448 2869 581 2918 naturam
596 2869 676 2916 tuam
690 2868 719 2917 et
734 2859 804 2918 alias
827 2859 970 2932 infinitas;
1001 2872 1111 2921 etcum

56 2957 210 3035 superfluit
222 2959 266 3018 vel
280 2959 378 3035 potius
392 2975 454 3016 non
471 2956 594 3033 proficit,
610 2957 690 3032 quod
704 2966 802 3032 potest
816 2975 964 3016 assumere
978 2969 1112 3017 naturam

55 3068 148 3129 tuam,
170 3058 261 3118 etsie
283 3058 320 3117 de
341 3058 471 3128 caeteris,
486 3074 575 3132 quam
596 3054 693 3132 quod⁷
706 3065 802 3131 potest
823 3074 931 3133 negare
952 3074 983 3114 se
1005 3059 1111 3132 ipsum.

55 3158 96 3218 Et
110 3165 220 3216 certum
234 3169 287 3225 est,
302 3156 382 3231 quod
402 3172 506 3213 ornnes
526 3153 680 3212 adversarii
699 3155 831 3213 nesciunt
848 3155 973 3230 probare
987 3155 1112 3229 possibi-

55 3256 168 3316 litatem
188 3253 288 3312 taiium
308 3270 440 3323 casuum,
461 3263 492 3310 ut
513 3251 594 3327 quod
614 3250 696 3309 Deus
718 3260 813 3327 potest
834 3269 898 3310 esse
919 3250 1017 3309 asinus
1039 3260 1111 3321 etc.;

55 3352 137 3412 bene
159 3360 259 3410 tamen
278 3360 323 3409 est
343 3367 451 3419 verum,
474 3348 555 3424 quod
580 3358 676 3423 potest
701 3348 725 3405 si
748 3348 823 3405 velit.
875 3346 913 3404 Et
937 3347 992 3404 ista
1014 3347 1113 3422 glossa

56 3447 232 3510 satisfaciet⁸
246 3449 411 3524 cuicunque
425 3447 503 3506 dicto
518 3446 563 3504 vel
577 3446 680 3505 rationi
695 3441 743 3502 in⁰
756 3446 926 3520 oppositum
940 3442 1111 3519 allegando,

55 3559 88 3610 et
107 3565 161 3625 per
174 3546 232 3606 hoc
253 3546 404 3605 exonerati
425 3562 527 3603 sumus
547 3561 566 3600 a
586 3542 689 3601 studiis
709 3551 739 3600 et
759 3540 1001 3617 occupationibus
1015 3541 1113 3600 multu

55 3644 218 3724 superfluis,
242 3645 348 3720 quibus
373 3643 450 3702 circa
474 3657 560 3700 casus
585 3649 613 3699 et
635 3639 843 3716 responsiones
865 3638 1001 3697 haeretici
1024 3657 1112 3699 occu·

54 3753 172 3824 pantnr.
215 3742 364 3802 Salubrius
386 3740 507 3818 quidem
531 3747 576 3797 est
600 3737 716 3797 studere
736 3739 869 3796 veritates
894 3736 1002 3796 solidas
1023 3754 1112 3813 quam

90 3943 99 3972 ¹
134 3941 195 4005 uod]
208 3941 276 4005 quod
287 3949 354 3997 tunc,
366 3939 459 3989 A.C.B.
472 3937 593 3987 secundae
603 3953 698 3986 manus.
816 3936 826 3965 ²
841 3935 955 4000 verbum]
967 3935 1036 3984 verbi
1048 3936 1112 3999 quia,

56 4009 99 4063 A..
115 3956 144 4056 V.
156 4007 278 4056 secundae
289 4021 383 4056 manus.
515 4004 525 4031 ³
541 4001 646 4066 incepit]
658 4002 751 4078 incipit,
762 4001 801 4051 ed.
813 4017 850 4066 pr.
981 4000 990 4028 ⁴
1006 4000 1111 4065 incepit]

56 4073 152 4138 incipit,
164 4072 203 4122 ed.
215 4087 252 4136 pr.
367 4071 377 4099 ⁵
393 4068 435 4161 ex]
447 4068 486 4123 de,
498 4068 561 4117 ΑΒ.
682 4074 691 4095 ··
709 4065 746 4130 m]
758 4066 798 4122 ad,
810 4066 848 4115 ed.
860 4082 897 4130 pr.
1011 4064 1022 4094 '
1038 4080 1111 4129 quam

56 4137 125 4203 quod
150 4137 225 4201 quod,
236 4136 275 4186 ed.
287 4152 324 4201 pr.
449 4132 595 4196 satisfaciet]
608 4130 734 4187 satisfacit,
747 4130 780 4179 D.
792 4131 830 4180 ed.
842 4146 879 4195 pr.
978 4129 988 4159 '
1005 4130 1042 4195 in]
1055 4146 1112 4180 cnm

54 4205 89 4260 in.
134 4218 188 4267 .pr.

97 4301 280 4345 rurnnoous.
581 4299 600 4350 Q
