2864 4836
501 397 758 478 Joamvrs
792 400 1040 466 mom
1219 421 1273 460 m.

234 562 409 640 huJ'usmodi.
451 561 488 620 In
511 579 585 638 pace
608 571 706 621 autem
729 563 849 621 vocavit
872 581 939 627 nos
966 565 1069 626 Dens
1114 565 1198 625 Unde
1214 557 1273 644 εὴ

235 667 291 724 scis
302 662 412 731 mulier,
425 663 448 721 si
462 662 555 721 virum
570 661 682 721 salvum
695 660 785 720 facies
798 661 848 720 vei
862 682 883 722 e
898 665 1074 726 contra¹?'
1102 667 1184 745 quasi
1200 664 1277 727 daut.

216 800 220 861 ἰ
236 770 321 821 ‘cum
335 760 417 818 Deus
437 759 580 819 ordinavit
601 759 819 818 matrimonium
836 760 881 819 ad
903 761 1011 822 fidem
1026 781 1183 824 servorum
1198 771 1278 821 m·

217 874 219 887 ·
235 862 289 919 sibi
304 860 424 918 fideliter
437 857 650 927 reservandam,
664 874 726 915 non
740 855 800 915 vult
814 857 902 932 quod
917 861 1163 922 matrimonium
1178 854 1278 919 talin!

216 930 220 1031 i
235 967 388 1027 servatum,
403 955 485 1031 quod
499 954 584 1015 faciat
598 956 629 1013 in
643 953 739 1030 aliqua
754 969 887 1031 persona
901 958 1117 1033 oppositum
1138 957 1190 1018 aed
1200 960 1280 1033 opu!

217 1064 220 1143 ξ
235 1056 265 1113 in
289 1054 394 1112 talibus
419 1071 486 1112 cum
511 1052 681 1129 prudentia⁸
703 1050 865 1128 providere,
892 1069 934 1112 ne
962 1057 1106 1117 carnalis
1134 1048 1281 1117 affectiod

217 1150 387 1228 {peccatum
407 1148 586 1226 praecedens
606 1149 773 1226 indisponat
792 1147 890 1208 taliter
913 1153 1140 1229 conjugatum,
1154 1150 1228 1231 qnod
1241 1164 1282 1209 uu

217 1247 320 1337 ,iaciat
334 1250 415 1324 quod
428 1249 523 1324 magis
536 1246 751 1324 beneplacitum
765 1244 840 1305 foret
853 1244 936 1307 Deo.
983 1248 1077 1310 Nam
1097 1244 1282 1312 ordinamur·

217 1356 220 1433 g
235 1357 278 1405 est
292 1346 378 1404 nobis
399 1345 578 1416 abscondita,
592 1345 661 1404 ideo
681 1352 797 1420 oportet
818 1343 903 1419 quod
925 1345 1031 1408 simus
1055 1349 1110 1408 tilii
1124 1349 1190 1419 Dei,
1202 1358 1229 1406 et
1241 1343 1285 1421 eit

217 1498 220 1521 ,
237 1443 342 1519 Spiritu
363 1444 453 1501 simus
473 1442 570 1502 ducti!
612 1442 650 1500 Et
663 1442 717 1501 ista
733 1440 823 1500 credo
837 1458 876 1499 ex
895 1444 1070 1520 evangelio
1091 1446 1221 1507 suffioete
1236 1440 1285 1502 idt·

218 1574 220 1601 t
235 1542 311 1600 libus
325 1558 385 1616 quo
399 1541 437 1599 ad
452 1541 547 1616 legem
562 1539 739 1598 matrimonii
753 1537 954 1615 regulandum
961 1541 983 1599 ⁴.

657 1974 751 2035 CAP.
773 1973 872 2034 XXII.

450 2132 556 2204 Qar'bm
570 2131 661 2190 veriti
674 2132 879 2190 matrimonium
892 2131 1097 2193 contrahatur.

48 2298 158 2340 emantur
172 2339 184 2372 Ι,
218 2254 221 2401 i
277 2290 399 2348 Alithrir.
443 2290 551 2360 Placet,
567 2288 661 2360 irater,
676 2288 712 2346 de
726 2289 782 2346 ista
795 2286 939 2345 sententia
960 2304 1000 2345 ex
1021 2289 1175 2367 scriptura
1193 2301 1291 2351 tantum

60 2340 136 2375 uacatio.
160 2350 171 2373 u

47 2348 195 2461 iiiiiiffqc'ii.
237 2387 382 2447 autentica
405 2398 538 2446 reserata.
590 2385 649 2444 Sed
674 2385 729 2455 dic,
754 2401 872 2461 quaeso,
898 2401 967 2443 cum
994 2385 1110 2461 quibus
1138 2389 1234 2448 verbis
1254 2384 1291 2445 nel

46 2460 196 2534 in'iiffimm'
219 2456 221 2499 Ι
237 2487 326 2562 signis
341 2486 426 2544 debet
439 2486 657 2543 matrimonium
678 2482 832 2554 celebrari;
862 2481 1069 2540 diciturenim
1089 2485 1290 2551 communiter,

237 2583 317 2658 quod
332 2601 399 2640 cum
414 2584 508 2640 verbis
524 2583 560 2639 de
575 2581 742 2657 praesenti³,
758 2592 786 2639 ct
801 2596 862 2636 non
877 2596 944 2636 cum
958 2579 1055 2637 verbis
1080 2581 1120 2639 de
1144 2582 1290 2658 praeterito

219 2680 280 2755 'vel
306 2679 410 2750 futuro,
435 2681 494 2737 imo
519 2697 656 2753 expressa
679 2678 869 2736 affirmatione
892 2677 929 2735 de
952 2674 1060 2746 futuro,
1085 2689 1118 2736 ut
1147 2679 1247 2757 ‘quod
1267 2690 1289 2734 te

218 2844 220 2867 Ι
237 2779 350 2852 capiam
365 2778 395 2833 in
416 2773 552 2834 uxorem'
568 2786 597 2833 et
618 2776 673 2834 alia
694 2791 820 2851 persona
840 2772 1031 2849 postmodum
1048 2776 1142 2834 verba
1165 2773 1290 2854 exprimi

218 2870 273 2943 {dc
296 2875 450 2948 praesenti,
466 2878 540 2948 ‘ego
555 2882 583 2930 te
603 2874 688 2947 capio
707 2874 737 2929 in
759 2871 898 2941 uxorem,'
918 2871 1037 2929 verbum
1060 2871 1143 2931 istud
1163 2874 1203 2933 de
1218 2889 1291 2950 prae·

218 2952 333 3040 ‘sentit
356 2988 392 3028 eo
418 2970 498 3045 quod
523 2979 604 3027 notet
628 2970 838 3044 expressiorem
864 2979 892 3025 et
917 2966 1116 3027 efficaciorem
1141 2967 1292 3031 affectunt'

218 3067 355 3126 'dirimit⁸
374 3066 508 3125 verbum⁰
528 3067 608 3142 prius
628 3066 745 3125 dictum.
789 3065 998 3123 Verumtamen
1019 3065 1127 3125 dicitur
1141 3086 1161 3126 a
1178 3069 1291 3144 legista,

218 3146 316 3241 ³qu0d
343 3183 483 3239 expresso
512 3173 661 3223 contractu
689 3182 741 3238 per
768 3164 887 3220 verbum
914 3162 951 3220 de
975 3161 1074 3221 futuro
1101 3173 1131 3222 et
1158 3165 1291 3242 sequenti

217 3196 220 3311 Ι
236 3264 341 3339 copula
356 3262 463 3321 carnali
477 3280 570 3337 aeque
581 3261 682 3318 valet¹⁰
696 3279 730 3318 ac
746 3262 769 3318 si
781 3259 985 3319 contrahentes
996 3261 1084 3318 verba
1095 3264 1291 3338 exprimerent

218 3392 221 3469 Ι
236 3361 272 3419 de
286 3361 441 3437 praesenti.
484 3359 542 3417 Sed
556 3358 629 3415 ultra
649 3376 717 3416 cum
731 3358 809 3416 surdi
825 3367 853 3415 et
872 3358 943 3415 muti
963 3368 1089 3432 possunt
1109 3361 1291 3423 contrahere.

218 3472 221 3497 t
236 3459 347 3516 videtur
361 3458 441 3533 quod
455 3457 510 3514 alia
526 3457 609 3531 signa
623 3454 766 3514 sufficiant
780 3464 892 3530 praeter
906 3455 1003 3512 verba.

46 3568 221 3650 ‘offiggtggw
277 3555 439 3612 Phrenesis.
483 3552 553 3611 Non
569 3552 697 3610 delector
711 3551 832 3609 multum
854 3551 911 3609 labi
931 3551 962 3608 in
975 3551 1030 3608 ista
1051 3555 1184 3625 materia,
1199 3556 1290 3631 speci-

109 3659 131 3690 Ν

46 3658 107 3682 ‘²¹³⁰
133 3620 156 3683 3⁰
219 3710 221 3739 Ι
237 3651 316 3710 aliter
327 3670 395 3709 cum
407 3652 442 3709 sit
455 3650 624 3708 humanitus
634 3659 663 3707 et
675 3667 761 3724 saepe
773 3647 986 3707 infundabiliter
998 3649 1138 3707 instituta.
1178 3651 1289 3710 Veritas

218 3832 221 3883 i
270 3837 534 3900 ¹enim]om.ed.pr.
646 3834 697 3883 'ci
712 3848 722 3883 1
737 3833 850 3883 Corinth.
862 3833 903 3882 vii.
918 3846 945 3893 15
959 3848 1012 3897 sqq.
1121 3835 1276 3901 'prudentia

218 3896 398 3973 §providentia
410 3902 448 3950 ed.
460 3918 496 3965 pr.
579 3899 777 3964 ‘regulandum
790 3898 926 3962 regulandi‚
940 3898 972 3946 D.
1085 3899 1142 3949 'de
1155 3905 1276 3966 praesenti

218 3990 220 4009 ι
236 3968 267 4016 de
284 3967 414 4031 praesenti,
432 3981 479 4028 ego
496 3973 520 4014 te
538 3965 609 4028 capio
627 3967 652 4013 in
669 3980 779 4018 uxorem,
796 3964 898 4013 verbum
915 3963 980 4012 istud
997 3962 1029 4013 de
1047 3967 1181 4028 praesenti.
1197 3969 1235 4017 ed.
1253 3984 1287 4031 pr.

236 4031 246 4059 ⁸
263 4032 374 4094 ego-de
386 4031 520 4094 praesenti]
532 4046 582 4079 om.
596 4030 632 4084 Β..
645 4031 676 4078 Α.
688 4029 782 4094 primae
793 4044 888 4084 manus,
899 4028 938 4078 ed.
950 4044 988 4092 pr.
1137 4029 1147 4059 i
1164 4031 1287 4094 aflectum]

237 4096 357 4151 effectum,
370 4096 463 4144 ΑΒΕ.
595 4095 604 4121 ⁸
620 4093 725 4157 dirimit]
737 4093 860 4148 diminuit,
871 4093 910 4142 ed.
923 4109 961 4157 pr.
1086 4094 1097 4124 '
1114 4096 1229 4160 vebum]
1240 4111 1288 4145 om.

238 4162 299 4209 ΑΒ.
365 4160 384 4190 ¹⁰
400 4175 476 4223 aeque
488 4159 564 4223 valet]
577 4168 604 4208 ut
616 4174 692 4222 aeque
703 4158 777 4214 valet,
790 4159 828 4207 ed.
840 4173 878 4221 pr.
