2864 4836
134 428 194 514 198

543 418 796 501 JOANNIS
836 419 1046 482 WICLIF
1235 441 1313 482 ιιιιιι.

273 588 347 646 vitae
364 603 434 644 suae
448 584 699 645 conservationem
718 592 747 642 et
766 581 918 642 effectum¹
936 584 1136 658 promerendi,
1150 583 1192 644 illi
1210 580 1312 644 mandu-

273 695 341 743 cant
354 693 386 742 ut
398 683 503 753 vivant,
518 700 586 741 cum
601 681 638 740 de
656 691 738 741 tanto
758 690 825 740 sunt
844 680 952 739 cibaria
970 681 1163 743 assumenda.
1206 676 1314 742 Sedili¹

273 783 323 859 qui
337 792 436 859 aptant
454 799 538 842 suam
556 782 644 839 vitam
665 780 794 851 finaliter,
809 789 840 838 ut
854 779 1026 856 voluptuose
1040 790 1202 841 vescantur
1219 777 1316 840 cibariis

273 880 444 950 inordinate,
459 881 557 938 vivunt
574 889 607 937 ut
626 877 791 937 comedant
833 876 872 936 Et
891 887 980 954 patet,
996 878 1028 936 in
1047 896 1111 955 quo
1129 878 1316 939 moderamine

273 989 302 1037 et
315 978 408 1053 gratia
421 977 504 1054 cujus
519 976 585 1036 finis
600 975 722 1035 cibaria¹
736 973 1046 1035 debentsum1.Sed
1058 978 1175 1034 tertrim
1191 973 1318 1037 serviem¹

273 1077 312 1135 ad
326 1075 550 1135 detestationem
564 1076 657 1152 gulae,
670 1083 714 1133 est
724 1074 922 1133 testimonium
936 1073 1155 1150 scripturarum.
1202 1073 1320 1135 curten

273 1174 352 1232 enim
366 1174 416 1250 qui
435 1190 605 1232 menstuam
623 1173 654 1230 in
668 1171 850 1232 vescibilibus
869 1189 931 1230 non
949 1180 1051 1248 posset
1069 1172 1229 1244 excedere,
1242 1170 1321 1248 quad·

273 1272 387 1348 raginta
406 1272 469 1330 dies
488 1270 636 1347 jejunavit,
650 1287 713 1328 non
734 1270 916 1329 manducans
935 1287 1031 1346 neque
1050 1271 1168 1342 bibens,
1183 1281 1218 1331 nt
1231 1271 1322 1330 dicitur

274 1369 378 1430 Matth.
394 1370 429 1428 iv.
443 1379 473 1429 et
487 1368 580 1428 Marci
595 1370 621 1439 i.,
637 1369 676 1427 ad
689 1368 964 1444 exemplificandum
978 1367 1096 1427 indubie
1111 1371 1174 1429 suis
1187 1369 1324 1437 iratribus,

273 1467 353 1544 quod
377 1465 486 1526 debent
510 1484 578 1526 cum
606 1467 761 1543 prudentia
785 1467 924 1543 jejunare.
971 1464 1048 1525 Cum
1076 1466 1192 1526 autem¹
1221 1469 1324 1546 primus

272 1564 364 1624 homo
378 1565 509 1641 peccavit
522 1565 553 1622 in
566 1564 643 1641 gula,
659 1581 779 1624 necesse
794 1574 839 1623 est
852 1574 884 1623 ut
898 1581 951 1624 sua
970 1564 1126 1639 posteritas
1142 1565 1256 1642 ipsam¹
1270 1581 1325 1624 me·

271 1662 402 1722 minens¹
412 1663 533 1739 jejunet,
548 1661 585 1722 ad
604 1673 712 1722 statum
729 1661 890 1721 naturalem
908 1661 1094 1721 beatimdinis
1112 1661 1325 1733 reducendum,

272 1780 340 1821 cum
355 1763 468 1822 nonsit
486 1772 640 1838 peccatum
659 1760 816 1832 modicum,
831 1770 891 1820 tam
906 1760 1019 1820 salubre
1037 1759 1210 1837 exemplum
1224 1759 1327 1822 christ

273 1877 410 1936 spernere
435 1869 465 1918 et
489 1877 521 1918 se
543 1859 640 1935 ipsum
662 1858 693 1916 in
720 1866 764 1917 tot
791 1856 1031 1918 inconvenientis
1054 1857 1197 1917 volutare.
1243 1855 1327 1917 Unde

272 1958 440 2034 exemplum
461 1958 617 2033 scripturae
639 1955 734 2026 docet,
749 1955 831 2032 quod
844 1955 993 2015 moderate
1010 1955 1150 2033 jejunans
1171 1967 1218 2016 est
1231 1955 1327 2034 dispo-

273 2056 344 2115 situs
369 2066 429 2115 tam
452 2054 489 2114 ad
512 2051 711 2131 prophetiam⁰
735 2070 826 2130 quam
854 2052 908 2112 ad¹
932 2053 1084 2113 scientiam
1108 2053 1148 2112 ad
1173 2055 1328 2116 coelestem

273 2151 455 2210 influentiam
476 2152 657 2229 capiendam,
671 2160 703 2208 ut
723 2159 803 2227 patet
824 2149 861 2209 de
875 2148 989 2228 Moyse,
1004 2147 1092 2208 Helia
1113 2160 1142 2209 et
1155 2148 1283 2211 Daniele
1301 2160 1328 2210 et

273 2251 384 2321 ceteris,
408 2251 458 2326 qui
483 2269 535 2326 per
554 2249 698 2326 jejunium
723 2266 753 2307 se
775 2248 857 2325 ipsos
884 2256 945 2306 tam
968 2256 1067 2307 mente
1090 2265 1182 2324 quam
1207 2266 1328 2327 corpore

273 2347 442 2407 exaltarunt.
485 2347 555 2407 Non
580 2358 678 2406 tamen
703 2346 788 2405 video
812 2346 883 2423 quin
907 2345 1049 2422 contingit
1075 2344 1240 2420 hominem,
1264 2348 1328 2407 licet

273 2462 348 2517 raro,
363 2464 416 2522 per
427 2446 570 2522 jejunium
585 2443 670 2504 stulte
684 2462 716 2504 se
730 2444 827 2520 ipsum
838 2460 1020 2503 consumere.
1062 2441 1136 2502 Ideo
1149 2462 1273 2505 necesse
1286 2454 1326 2503 est

276 2545 386 2603 viantes
411 2545 546 2620 seipsos
570 2562 637 2602 curn
660 2541 814 2618 prudentia
835 2541 974 2618 regulare,
997 2559 1059 2599 non
1083 2540 1181 2600 solum
1206 2560 1268 2619 quo
1291 2541 1326 2601 ad

276 2644 468 2719 quantitatem
488 2642 586 2700 cibarii
605 2640 763 2700 sedetiam
783 2639 958 2718 qualitatem.
999 2638 1087 2699 Unde
1104 2641 1243 2700 metricus
1259 2658 1326 2700 con·

274 2738 404 2798 siderans
427 2738 513 2814 gulae
538 2739 659 2815 species,
684 2739 777 2814 ponit,
802 2735 882 2815 quod
906 2739 1034 2814 quinque
1061 2737 1159 2797 modis
1187 2739 1327 2816 contingit

274 2834 410 2909 gulosum
425 2836 503 2894 abuti
519 2836 648 2895 cibariis:
669 2836 765 2911 primo
780 2833 995 2912 praeveniendo
1009 2844 1125 2910 tempus
1140 2835 1283 2908 debitum,
1297 2847 1327 2895 ut

275 2933 302 3002 ii,
318 2932 367 3008 qui
382 2933 468 2992 nimis
483 2951 550 2992 sero
568 2944 596 2992 et
617 2933 702 2992 nimis
721 2951 808 2992 mane
828 2941 980 2992 assumunt
998 2932 1122 3004 cibaria;
1147 2934 1282 2993 secundo
1298 2935 1327 2992 in

274 3031 471 3105 assumptione
493 3032 601 3103 cibarii,
622 3032 709 3089 etiam
731 3031 804 3090 hora
824 3028 955 3102 debita¹⁰‚
973 3029 1100 3089 indebite
1123 3032 1327 3109 properand03

274 3129 357 3186 tertio
380 3128 466 3187 nimis
490 3129 568 3187 lauta
592 3139 621 3187 et
643 3138 817 3205 sumptuosa
839 3128 947 3187 cibaria
971 3128 1191 3204 praeparando;
1224 3141 1328 3206 quarto

274 3224 360 3283 nimis
380 3227 528 3284 excessive
551 3226 740 3300 quantitatem
766 3226 864 3284 cibarii
890 3224 1085 3297 assumendo;
1115 3226 1195 3285 unde
1218 3226 1328 3288 videtur

274 3322 352 3392 mihi,
373 3322 454 3398 quod
478 3322 581 3381 melius
603 3333 632 3380 et
653 3321 719 3380 Deo
742 3323 889 3398 acceptius
910 3332 955 3381 est
976 3339 1030 3398 pro
1052 3323 1197 3382 servando
1216 3324 1328 3401 jejunio

274 3420 463 3497 multiplicare
487 3422 573 3491 vices,
599 3438 688 3496 quam
712 3422 918 3496 quantitatem
950 3421 1052 3497 quinto
1079 3418 1125 3479 ille
1153 3423 1205 3498 qui
1233 3423 1329 3482 studet

273 3520 400 3578 indebite
422 3520 523 3579 circa¹¹
544 3519 678 3578 ordinem
699 3536 730 3577 se
753 3518 905 3590 cibandi¹¹,
926 3519 1026 3578 incidit
1047 3518 1077 3577 in
1098 3520 1228 3595 speciem
1242 3521 1328 3598 gulae

274 3616 509 3676 damnabiliter¹¹.

486 3713 675 3777 ‘,Praepr0pere
686 3712 761 3769 laute,
772 3712 853 3769 nimis,
864 3712 979 3762 ardenter
989 3712 1113 3762 studiose.¹

306 3827 315 3857 ¹
332 3827 457 3892 effectum]
469 3826 585 3885 officium,
597 3826 635 3875 eo.
647 3842 685 3891 pr.
798 3828 809 3856 ²
825 3827 873 3893 1111]
884 3827 935 3883 nin
948 3827 980 3876 D.
1089 3827 1219 3892 ¹cibariae]
1233 3845 1283 3880 om.
1293 3829 1327 3878 D.

273 3891 283 3920 ⁴
300 3893 417 3968 serviens]
430 3893 530 3948 faciens,
542 3892 588 3947 D;
607 3907 713 3948 sumens,
725 3892 764 3940 ed.
775 3909 812 3957 pr.
895 3891 1017 3957 ¹autem]
1029 3892 1120 3949 Adam
1132 3893 1225 3943 Α..Βο
1237 3895 1318 3944 edr
1320 3932 1326 3943 .

275 3957 307 3985 ¹
300 3973 380 4022 ipsam
392 3957 559 4022 meminens]'
552 3973 568 4006 ι.
574 3972 595 4005 e
607 3957 690 4020 gulam
702 3972 798 4007 cavens.
958 3957 968 3985 ¹
985 3958 1148 4024 meminens]
1141 3960 1276 4017 inveniens,
1289 3911 1325 4015 i..

274 4022 307 4070 Α.
320 4023 414 4088 primae
425 4038 520 4072 manus
586 4022 779 4087 ¹prophetiam]
792 4023 984 4088 philosophiam,
997 4022 1030 4072 D.
1113 4023 1183 4088 'ad]
1196 4039 1246 4074 om.
1260 4025 1326 4074 DC.

274 4089 395 4138 secundae
406 4104 500 4144 manus,
511 4087 549 4137 ed.
562 4102 598 4152 pr.
710 4088 729 4116 ¹⁰
745 4088 841 4153 debita]
854 4089 970 4143 indebita,
982 4088 1010 4138 B.
1041 4089 1117 4138 rimae
1128 4105 1223 4146 manus,
1235 4091 1275 4140 ed
1224 4107 1325 4205 pr.

275 4152 290 4182 ¹¹
309 4152 507 4217 circa]seciroa,
518 4152 556 4202 ed.
569 4168 605 4217 pr.
704 4151 722 4182 ¹¹
738 4088 1088 4219 secrbandr]c1bam,ed

276 4215 367 4280 biliter]
379 4217 534 4274 damnabilis,
543 4217 581 4268 ed.
594 4233 630 4282 pr.
