2864 4836
493 334 949 397 pnorsooarurva
1275 356 1294 421 3

140 503 231 564 ratur,
245 493 435 563 examinatur,
449 493 620 569 exploditur.
642 494 902 557 verumenimvero
917 495 1064 557 Wiclisum
1080 497 1147 557 inde
1162 500 1199 557 ab
1213 500 1294 557 initio

141 609 173 659 et
186 617 240 676 per
252 599 446 676 longinquum
460 601 532 659 vitae
550 603 674 677 spatium
689 600 852 660 doctrinam
871 601 950 661 illam
969 604 1031 662 sine
1045 603 1103 662 ulla
1116 603 1295 664 dubitatione

140 707 279 778 tenuisse,
298 725 393 784 neque
408 717 476 767 ante
497 725 608 767 annum
626 709 774 783 1381hac
794 710 831 769 de
852 728 883 769 re
902 711 984 770 aliter
1004 713 1130 771 sensisse
1145 722 1175 770 et
1189 690 1294 770 doctriss

140 831 214 873 nam
224 813 302 873 illam
316 815 480 891 improbare
495 815 636 890 coepisse,
649 833 685 874 ex
696 816 794 901 multis
808 817 859 874 viri
870 815 949 875 libris
959 816 1074 876 ineditis
1088 827 1167 876 certo
1182 833 1294 892 cogno·

140 921 245 980 vimus
288 919 357 992 Qua
379 922 491 979 ratione
516 923 733 997 comprobatur,
754 921 926 999 Trialogum
951 923 1067 982 nonnisi
1092 932 1159 999 post
1183 939 1294 981 aunum

145 1028 220 1101 1381
239 1027 437 1102 conscriptum
452 1026 548 1087 fuisse.

184 1132 315 1203 Accedit,
330 1132 411 1210 quod
425 1133 562 1193 attentius
575 1133 706 1210 legentes
720 1134 808 1194 latere
828 1153 889 1193 non
908 1144 1013 1211 potest,
1028 1136 1142 1211 quoties
1157 1145 1186 1194 et
1200 1153 1293 1211 quan·

141 1248 246 1315 topere
264 1248 416 1297 commoto
436 1239 535 1297 animo
555 1249 657 1298 auctor
672 1241 704 1299 in
719 1241 864 1318 ‘fratrea'
880 1241 988 1301 scilicet
1007 1243 1036 1300 in
1056 1241 1173 1301 ordines
1191 1243 1293 1305 mendi?

140 1346 264 1403 contram
279 1344 402 1416 invehat,
418 1346 576 1404 sententias
590 1347 628 1404 ab
638 1347 701 1405 istis
716 1365 819 1406 recens
833 1348 1013 1407 introductas
1027 1350 1253 1425 reprehendens,
1264 1361 1294 1410 et

141 1451 225 1528 ipsos
237 1461 270 1509 ut
283 1452 457 1528 praecipuos
474 1453 652 1511 auctoritatis
672 1453 785 1529 papalis
803 1453 959 1530 adjutores,
974 1473 1104 1514 erromrn
1118 1474 1186 1514 vero
1201 1457 1293 1515 malo·

140 1575 275 1634 rumque,
289 1559 395 1634 quibus
413 1557 538 1618 ecclesia
558 1558 678 1629 laboret,
692 1568 827 1618 auctores
845 1560 1031 1636 impugnans.
1073 1561 1132 1620 Sed
1146 1561 1293 1621 Wiclifum

141 1681 206 1723 non
239 1681 258 1723 a
288 1664 383 1741 primo
417 1665 500 1722 initio
535 1664 572 1724 de
608 1664 760 1724 ‘fratribus
791 1666 969 1737 minoribus,’
1003 1667 1292 1743 ‘praedicatoribus'

140 1770 268 1847 reliquis,
288 1773 328 1830 ita
348 1771 483 1840 sensisse,
500 1771 598 1846 potius
618 1771 718 1846 magni
739 1788 792 1829 eos
814 1773 1018 1842 aestimavisse,
1038 1791 1094 1831 nec
1115 1784 1182 1833 ante
1204 1792 1293 1851 quam

141 1878 290 1953 coepisset
311 1876 459 1935 doctrinae
477 1875 514 1935 de
532 1876 881 1936 ‘transsubstantiatione'
897 1895 1050 1936 censuram
1069 1896 1164 1953 agere,
1180 1879 1292 1938 mendi-

137 1992 244 2042 cantes
265 1983 463 2059 impugnasse,
478 1983 569 2059 ipsius
586 1999 677 2059 opera
698 1991 847 2042 testantur.
890 1982 966 2041 Cum
990 1984 1069 2041 enim
1090 1983 1218 2060 theologi
1238 1985 1293 2043 illis

141 2089 293 2150 ordinibus
310 2089 455 2166 adscripti
480 2107 549 2166 prae
575 2090 678 2150 ceteris
702 2091 759 2167 ipsi
783 2090 1003 2149 adversarentur
1027 2090 1063 2148 de
1089 2090 1221 2149 doctrina
1246 2090 1293 2150 ilia

141 2195 248 2273 agenti,
268 2195 398 2255 Wiclifus
420 2197 474 2254 sibi
494 2197 668 2273 persuadere
689 2198 794 2274 coepit,
816 2198 917 2256 iratres
938 2197 1138 2255 mendicantes
1159 2198 1292 2255 omnium

140 2318 273 2362 errorum
292 2312 379 2378 atque
393 2301 537 2360 malorum
551 2303 581 2360 in
595 2302 718 2362 ecclesia
732 2301 869 2362 Romana
883 2304 1041 2380 vigentium
1055 2303 1213 2361 acerrimos
1227 2320 1291 2362 esse

141 2417 284 2486 patronos
305 2416 393 2483 atque
407 2407 544 2467 vindices.
586 2408 678 2481 Quod
698 2428 767 2468 cum
788 2428 850 2470 non
871 2419 938 2468 ante
959 2428 1072 2469 annum
1091 2412 1164 2484 1381
1183 2410 1291 2469 sactum

139 2531 216 2585 esse,
236 2523 266 2573 et
286 2513 342 2572 alia
362 2525 555 2574 monumenta
578 2525 608 2574 et
629 2515 692 2575 iibri
717 2517 780 2593 ejus
800 2516 934 2574 nondum
959 2517 1034 2592 typis
1057 2516 1193 2591 exscripti
1213 2518 1291 2575 testi-

137 2619 244 2678 monio
264 2618 329 2688 sint,
351 2617 416 2678 luce
435 2619 540 2683 clarius
558 2633 611 2692 est,
626 2621 799 2698 Tn'alogum
820 2630 870 2680 aut
889 2621 947 2681 hoc
968 2631 1017 2680 aut
1038 2622 1191 2697 posteriori
1211 2639 1291 2681 anno

139 2725 251 2785 editum
265 2743 339 2785 esse.

182 2830 366 2893 Revertimur
379 2834 418 2894 ad
431 2835 529 2894 locum
544 2833 622 2893 illurn
643 2852 730 2911 supra
743 2836 903 2905 recitatum,
917 2851 978 2909 quo
995 2832 1141 2893 Turnerus
1154 2850 1224 2893 usus
1238 2846 1291 2895 est.

141 2937 240 2997 Locus
259 2957 321 2999 non
341 2950 454 2999 tantum
474 2940 564 2999 seculi
577 2957 701 2999 numero
715 2942 826 2999 omisso
841 2941 871 2997 in
885 2939 1012 2999 editione
1025 2940 1156 3016 principe
1171 2957 1290 3018 corrup

140 3053 188 3102 tus
208 3056 296 3116 extat,
312 3046 373 3129 sed
385 3057 443 3106 tres
463 3046 526 3106 libri
548 3063 638 3104 manu
659 3046 757 3122 scripti
776 3045 902 3105 habent:
925 3046 1116 3122 ‘octogesima’
1130 3063 1206 3105 unus
1226 3055 1290 3106 tan·

139 3161 203 3209 tum
233 3169 300 3210 cum
333 3152 509 3211 editionibus
543 3150 648 3209 babet:
684 3151 913 3228 ‘septuagesima’
967 3140 1031 3210 Nec
1062 3150 1192 3221 dubium,
1220 3152 1291 3227 quin

139 3257 229 3316 verba
253 3260 379 3317 auctoris
403 3256 441 3317 ad
463 3274 574 3315 aunum
601 3259 677 3331 1382
704 3256 870 3316 referantur.
912 3256 989 3316 Cum
1014 3258 1093 3315 enim
1118 3254 1291 3315 Guilielmus

139 3357 314 3440 Courteney,
334 3363 570 3440 archiepiscopus
591 3361 816 3434 Cantuariensis,
840 3373 952 3439 septem
973 3363 1139 3438 episcopos,
1154 3372 1291 3436 quatuor·

140 3468 237 3529 decim
255 3471 326 3546 J'un's
346 3470 494 3547 utriusque
515 3469 660 3539 doctores,
682 3468 849 3545 quindecim
870 3467 1035 3543 theologiae
1056 3465 1290 3526 doctores‘ordi·

139 3574 227 3633 nibus
247 3575 476 3635 mendicantium
498 3576 670 3652 adscriptos,
685 3592 737 3633 sex
752 3573 916 3650 theologiae
930 3572 1136 3632 baccalaureos
1155 3572 1193 3633 ad
1211 3573 1290 3632 diem

141 3679 288 3740 decimum
307 3682 464 3758 septimum
477 3682 587 3741 mensis
602 3679 675 3757 Maji
689 3680 758 3738 anni
777 3680 853 3754 1382
870 3677 1049 3739 Londinium
1063 3681 1290 3749 convocavisset,

139 3786 210 3845 urbs
234 3787 329 3846 subito
353 3797 445 3847 terrae
469 3797 553 3846 motu
578 3803 722 3847 concussa
749 3785 896 3861 animique
920 3786 1074 3845 bominum
1102 3802 1290 3861 summopere

138 3892 265 3952 exterriti
284 3903 464 3971 sunt„quam
485 3910 548 3952 rem
565 3890 696 3952 Wicliius
717 3891 795 3952 hunc
819 3893 849 3950 in
870 3893 993 3951 modum
1014 3893 1216 3967 interpretatus
1236 3899 1289 3958 est,

138 4009 171 4058 ut
190 3997 228 4058 de
247 3999 373 4059 concilio
395 3999 533 4060 adversus
554 4000 650 4076 ipsum
665 4009 845 4076 congregato
867 3999 1040 4058 sententiam
1054 3996 1188 4055 divimtus
1202 3994 1290 4054 latam

136 4122 204 4164 esse
218 4105 391 4181 perhiberet.
433 4106 526 4179 Quod
539 4105 695 4166 concilium
709 4115 801 4164 terrae
820 4114 903 4163 motu
922 4103 1068 4161 turbatum
1083 4119 1151 4160 cum
1171 4102 1200 4159 in
1222 4100 1289 4160 loco

138 4211 196 4270 isto
218 4223 474 4283 commemoretur,
489 4213 593 4271 librum
618 4220 685 4270 ante
711 4227 821 4268 annum
845 4211 921 4283 1382
945 4218 993 4268 aut
1017 4209 1215 4285 conscriptum
1241 4217 1290 4266 aut

690 4332 708 4372 u
725 4334 740 4372 a
