2864 4836
69 333 1182 351 -α-ἡ-ο--φ-Μ-φ--α--ι-ψ--Ἂ
1189 337 1330 351 σ--ῦ

62 472 152 515 carta
435 448 774 509 TRIALOGUS.
1200 466 1263 535 273

64 607 185 669 adillas
199 611 330 670 stultitias
344 612 569 689 reprobandum.
611 610 710 670 Primo
725 613 804 669 enim
824 629 885 670 non
903 622 989 688 potes
1008 612 1115 670 subter·
1154 615 1261 691 *0¹9⁶ss

63 704 171 784 fugere
185 708 384 785 syllogismum
397 710 486 768 talem
496 710 724 786 expositorium
747 710 818 768 ‘iste
830 708 930 784 panis¹
947 709 1061 785 putrefit
1075 709 1119 766 vel
1152 663 1279 812 {assmliiim'

65 821 88 863 a
107 821 191 863 mure
215 807 394 879 comeditur;
424 807 470 867 ille
494 809 572 868 idem
594 809 678 885 panis
699 816 742 866 est
763 826 870 884 corpus
891 807 1015 879 Christi;
1047 825 1118 883 ergo
1187 783 1222 817 Μ’

65 918 178 979 corpus
192 902 335 964 Christi'
312 923 354 965 src
368 906 483 982 putrefit
497 916 584 982 atque
603 905 781 976 comediturss
797 915 827 963 et
840 916 1000 981 sequuntur
1014 907 1120 964 incon·

64 1001 214 1061 venientia
226 1002 277 1113 tibi
291 1003 508 1114 importabilia&

66 1197 172 1258 delitet
195 1145 364 1257 dormitasti.
418 1197 477 1258 Sed
498 1199 652 1258 considera
675 1199 824 1275 praedicta
849 1200 886 1258 de
915 1200 1057 1258 Trinitate
1082 1122 1178 1258 dein

64 1296 268 1356 incarnatione
289 1307 317 1355 et
331 1297 368 1356 de
382 1297 598 1368 universalibus,
613 1308 641 1355 et
662 1308 730 1356 tunc
752 1299 782 1355 in
803 1297 900 1356 multis
922 1298 975 1356 tuis
998 1299 1118 1374 argutiis

63 1395 230 1454 erubesces.
267 1393 355 1472 Nego
366 1413 437 1472 ergo
447 1396 499 1454 tihi
510 1406 714 1472 argumentum
725 1395 805 1471 quod
816 1414 904 1455 vocas
918 1396 1118 1472 syllogismum

64 1493 289 1570 expositorium,
310 1511 379 1552 cum
400 1494 438 1551 sit
462 1492 647 1569 deceptorius
668 1493 889 1570 paralogismus.
933 1493 963 1552 Si
985 1495 1064 1552 enim
1088 1495 1118 1552 in

66 1592 192 1651 materia
212 1590 249 1650 de
268 1591 410 1650 Trinitate
429 1609 491 1650 non
510 1592 646 1667 sequitur,
673 1592 745 1650 ‘ista
763 1592 889 1650 essentia
908 1601 951 1650 est
973 1591 1067 1662 Pater,
1089 1602 1118 1651 et

65 1689 125 1749 ista
144 1689 250 1748 eadem
273 1689 399 1748 essentia
419 1699 463 1748 est
483 1688 581 1760 Filius,
602 1706 674 1765 ergo
695 1688 780 1748 Pater
800 1699 844 1749 est
865 1688 996 1763 Filius³;'
1026 1690 1118 1748 multo

65 1786 229 1847 evidentius
248 1804 309 1846 non
328 1786 457 1864 sequitur
475 1788 506 1844 in
524 1786 755 1864 syllogisatione⁴
774 1797 840 1845 tuae
860 1805 964 1847 caecae
979 1789 1117 1864 argutiae.

65 1884 109 1946 Et
123 1885 230 1945 eodem
249 1884 341 1944 modo
361 1902 423 1943 non
439 1884 568 1961 sequitur
586 1885 616 1943 in
636 1885 755 1942 materia
769 1883 806 1942 de
825 1884 1024 1944 incarnatione
1045 1885 1118 1944 ‘ista

66 2002 197 2062 persona
217 1994 263 2044 est
286 1984 341 2044 ista
368 1983 541 2053 humanitas,
568 1993 596 2042 et
624 1984 678 2042 ista
705 1983 810 2042 eadem
838 2001 965 2061 persona
992 1993 1037 2043 est
1064 1983 1118 2041 ista

67 2082 228 2153 divinitasl,
241 2100 313 2159 ergo
327 2082 383 2141 ista
396 2080 560 2140 humanitas
574 2091 617 2141 est
636 2083 690 2140 ista
710 2081 860 2140 divinitas’
902 2080 940 2139 Et
955 2082 985 2140 in
999 2082 1119 2139 materia

66 2181 107 2241 de
126 2179 335 2240 universalibus
357 2197 419 2238 non
440 2188 555 2254 oportet
578 2179 726 2254 ambigere
751 2175 803 2237 del
826 2179 976 2255 exemplis
998 2189 1030 2238 ut
1052 2178 1119 2238 licet

66 2277 180 2356 species
189 2277 318 2336 humana
327 2277 363 2335 sit
371 2275 473 2335 Petrus
484 2285 513 2334 et
523 2277 626 2334 eadem
638 2277 751 2352 species
761 2277 797 2335 sit
806 2274 920 2347 Paulus,
931 2295 992 2335 non
1002 2296 1039 2336 ex
1050 2276 1118 2336 hinc

65 2378 205 2455 sequitur,
226 2377 309 2452 quod
324 2375 424 2434 Petrus
444 2375 481 2433 sit
495 2373 610 2446 Paulus,
626 2373 677 2433 sed
698 2376 767 2433 satis
787 2385 839 2443 est,
860 2375 941 2450 quod
963 2378 1021 2434 sint
1040 2377 1118 2436 idem

65 2477 100 2536 in
113 2476 210 2553 specie
219 2494 226 2547 ;
249 2484 278 2533 et
292 2474 334 2533 sic
348 2474 417 2532 satis
431 2483 475 2532 est
491 2473 541 2530 tibi
561 2473 592 2530 in
609 2473 770 2548 proposito,
785 2472 866 2548 quod
886 2474 910 2531 si
930 2475 983 2532 iste
1003 2477 1086 2549 panis
1101 2494 1118 2534 a

67 2591 152 2633 mure
165 2571 328 2633 comeditur
343 2580 372 2630 et
387 2573 439 2630 iste
454 2572 538 2647 panis
554 2579 598 2629 est
617 2588 724 2646 corpus
737 2569 853 2641 Christi,
870 2581 939 2629 tunc
954 2571 1023 2630 illud
1036 2570 1118 2649 quod

66 2681 113 2732 est
137 2688 244 2747 corpus
269 2669 384 2738 Christi,
408 2687 427 2727 a
451 2686 533 2727 mure
557 2668 726 2726 comeditur.
768 2667 806 2726 Et
831 2668 895 2727 talis
920 2670 1049 2746 aptanda
1074 2681 1117 2730 est

67 2769 219 2830 conclusio
248 2770 279 2827 in
306 2768 444 2828 omnibus
471 2767 534 2825 aliis
562 2767 772 2843 paralogismis.
815 2767 991 2846 Exemplum
1020 2781 1117 2830 autem

67 2867 150 2926 istius
163 2875 243 2943 patet
257 2866 286 2923 in
301 2865 359 2925 fide
374 2866 540 2943 scripturae,
557 2876 589 2925 ut
608 2883 669 2923 non
688 2866 825 2941 sequitur,
841 2868 911 2926 ‘iste
927 2867 1060 2945 Baptista
1073 2879 1118 2927 est

68 2962 182 3036 Helias,
203 2974 231 3024 et
255 2964 309 3022 iste
331 2962 462 3039 Baptista
485 2974 554 3022 tunc
579 2964 785 3040 procreabatur
809 2965 846 3023 de
869 2965 1007 3026 Zacharia
1031 2978 1117 3043 atque

65 3060 227 3132 Elisabeth,
248 3078 320 3137 ergo
343 3060 390 3119 ille
412 3059 515 3120 Helias
539 3072 608 3120 tunc
630 3061 682 3119 luit
702 3061 794 3121 taliter
816 3064 1001 3139 procreatus!
1044 3065 1117 3123 ldeo

67 3177 131 3219 non
163 3169 279 3237 oportet
306 3169 425 3236 propter
452 3159 510 3218 hoc
542 3160 662 3218 verbum
690 3178 790 3218 verum
819 3159 927 3219 Christi
955 3161 1117 3220 concedere

66 3275 173 3318 omnes
196 3258 427 3333 praedicationes
447 3256 584 3315 formales
604 3257 641 3315 de
662 3255 803 3333 Baptista,
822 3276 897 3333 quae
919 3260 1118 3318 conceduntur

66 3358 106 3416 de
125 3355 213 3414 Helia
226 3355 271 3414 vel
290 3373 307 3414 e
326 3365 436 3414 contra.
478 3354 516 3413 Et
533 3354 590 3413 hoc
609 3364 688 3431 patet
708 3354 880 3414 resolvendo
899 3356 1118 3432 propositiones

66 3455 99 3513 in
123 3471 177 3512 sua
201 3453 363 3529 significata
387 3451 539 3512 catholica.
590 3451 665 3523 Quis
689 3470 762 3528 rogo
787 3451 876 3521 color,
902 3454 927 3511 si
955 3454 1008 3512 iste
1033 3455 1117 3529 panis

66 3552 173 3629 figurat
197 3550 442 3611 sacramentaliter
466 3568 573 3626 corpus
594 3548 710 3619 Christi,
733 3559 761 3608 et
785 3550 838 3608 iste
863 3550 948 3626 panis
973 3563 1041 3610 tunc
1065 3550 1118 3612 luit

67 3653 171 3729 pistus,
186 3649 266 3726 quod
281 3666 389 3724 corpus
404 3647 511 3707 Christi
524 3658 594 3706 tunc
609 3649 749 3724 temporis
763 3649 952 3724 pinsahatnr?

109 3748 245 3806 Pseustis.
287 3746 393 3806 Adhuc
421 3756 488 3805 tuae
517 3746 670 3805 evasiones
700 3746 862 3805 haereticae
891 3759 1116 3825 cognoscentur.

68 3845 148 3907 Nam
168 3847 251 3923 juxta
272 3863 391 3905 sensum
412 3855 494 3903 tuum
516 3845 740 3904 concedendum
761 3844 843 3916 foret,
865 3845 946 3922 quod
967 3846 1116 3922 scriptum,

66 3961 126 4004 vox
146 3954 177 4004 et
197 3944 337 4020 quidlibet
350 3943 563 4019 imponendum
584 3943 622 4001 ad
642 3943 867 4019 significandum
888 3962 995 4020 corpus
1010 3944 1117 4004 Christi

187 4115 270 4149 s.om
283 4099 321 4149 ed.
334 4115 370 4164 pr.
469 4098 692 4164 ’importabilia]'
686 4115 719 4147 rm
753 4097 851 4156 rtibilia,
860 4100 899 4149 ed.
911 4116 947 4163 pr.
1032 4101 1117 4165 ’ergo

68 4100 290 4228 calceaturus]
301 4180 352 4214 om
363 4164 402 4213 ed
415 4180 452 4228 pr.
517 4114 919 4228 ‘syllogisationffsimilirudina
932 4165 965 4213 D
1031 4166 1118 4215 ⁵d1v1

67 4229 145 4295 nitas]
158 4231 245 4287 deitas,
258 4230 285 4279 B.
297 4230 525 4287 secundaemanus,
536 4230 567 4280 C.
578 4230 617 4279 ed.
629 4246 666 4294 pr.
764 4229 835 4293 ἰὴ]
847 4246 897 4278 οιιι.
909 4230 947 4279 ed.
959 4247 996 4294 pr.

109 4330 290 4376 remeans.
590 4329 608 4370 ‘l
