2864 4836
58 442 155 479 cum.
419 415 765 478 TRIALOGUS.

59 579 159 658 placet
171 579 276 650 multis,
292 577 453 639 secundum
468 578 594 638 diversas
609 578 754 655 potentias
768 577 937 637 intellectus.
981 576 1115 637 Similiter

60 695 153 754 quam
166 688 288 737 extensa
302 689 346 737 est
359 679 471 749 caritas,
485 688 546 736 tam
560 688 681 736 extensa
697 687 741 736 est
755 676 862 735 invidia
880 677 934 735 sibi
953 678 1113 753 contraria;

60 773 116 833 sed
130 775 234 833 caritas
248 792 280 834 se
295 775 424 834 extendit
438 775 476 834 ad
495 776 675 852 diligendum
689 774 787 834 Deum
807 784 837 834 et
855 775 1031 852 proximum,
1046 792 1116 852 ergo

58 870 170 931 invidia
190 889 221 931 se
236 873 366 931 extendit
387 873 426 932 ad
439 872 638 950 appetendum
658 873 768 931 malurn
782 871 840 931 Dei
862 882 891 931 et
912 873 1056 949 proximi;
1088 883 1117 931 et

58 968 105 1028 sic
118 979 215 1045 potest
235 969 301 1040 dici,
317 968 397 1047 quod
412 989 449 1029 ex
468 971 635 1030 inordinato
653 988 754 1029 amore
773 970 908 1047 propriae
929 970 1117 1028 excellentiae

59 1065 182 1144 pullulat
197 1067 378 1126 inordinatus
392 1085 476 1127 amor
489 1069 534 1127 vel
552 1068 697 1144 appetitus
716 1067 785 1126 mali
803 1067 927 1126 alterius.
970 1066 1115 1138 Quamvis

59 1172 161 1223 autem
185 1163 252 1223 Deo
277 1183 339 1224 non
363 1176 460 1241 potest
484 1167 580 1224 inesse
604 1166 720 1235 malitia,
745 1174 845 1224 tamen
869 1165 982 1223 invidus
1007 1166 1118 1241 appetit

59 1261 207 1339 implicite,
222 1263 302 1340 quod
317 1262 384 1322 Deo
403 1264 470 1322 insit
488 1263 606 1333 malum,
623 1281 690 1322 cum
708 1263 817 1340 appetit
831 1263 964 1321 virtutem
985 1280 1117 1321 commu-

60 1358 217 1418 nicationis
232 1359 344 1418 divinae
355 1359 488 1420 deficere.
525 1360 599 1419 Ideo
613 1361 720 1420 invidia
734 1359 837 1419 dicitur
848 1360 1010 1419 secundum
1025 1378 1117 1437 quan·

61 1455 132 1515 dam
147 1457 354 1533 proprietatem
368 1469 523 1534 peccatum
537 1475 601 1517 esse
616 1459 646 1516 in
662 1457 801 1535 Spiritum
816 1457 966 1516 Sanctum.

105 1552 165 1612 Sed
180 1555 309 1630 arguitur
329 1555 523 1613 communiter
543 1566 644 1614 contra
662 1572 756 1631 genus
775 1555 908 1614 invidiae.
951 1554 1029 1614 Nam
1049 1572 1117 1631 sup·

61 1653 183 1731 ponitur
204 1663 236 1712 ut
261 1672 314 1731 per
339 1672 370 1713 se
396 1666 499 1714 notum
524 1655 715 1732 philosophis,
740 1654 820 1732 quod
845 1672 935 1713 nemo
958 1653 1118 1731 quidquam

62 1750 174 1827 appetit
195 1751 250 1811 nisi
273 1753 327 1810 sub
348 1753 460 1811 ratione
481 1753 553 1811 boni
567 1752 613 1810 vel
634 1752 819 1828 apparentiae
837 1751 918 1828 quod
936 1752 972 1809 sit
988 1752 1117 1824 bonum;

62 1846 117 1908 sed
142 1865 203 1906 non
228 1858 326 1926 potest
349 1867 490 1925 apparere
517 1848 629 1908 homini
655 1848 700 1907 vel
725 1848 872 1918 daemoni,
897 1848 978 1925 quod
1002 1849 1039 1907 sit
1064 1849 1118 1906 sibi

62 1946 176 2004 bonum
190 1945 300 2004 malum
314 1946 438 2018 alterius,
450 1964 524 2023 ergo
539 1964 628 2005 nemo
645 1955 742 2022 potest
757 1945 919 2004 secundum
933 1947 1017 2004 istam
1032 1946 1118 2003 ratio-

63 2060 134 2101 nem
154 2053 291 2119 appetere
310 2045 421 2102 malum
435 2044 524 2116 alteri,
539 2055 567 2104 et
581 2063 635 2121 per
648 2062 833 2122 consequens
848 2062 909 2103 non
928 2053 1025 2121 potest
1039 2043 1118 2102 alteri

62 2140 200 2200 invidere.
243 2140 301 2200 Sed
326 2141 373 2200 hic
399 2143 593 2202 communiter
617 2143 728 2213 dicitur,
743 2142 824 2219 quod
848 2142 944 2200 minor
969 2153 1013 2201 est
1037 2141 1117 2212 salsa,

63 2255 133 2300 cum
147 2249 208 2297 tam
222 2239 355 2298 diabolus
370 2257 458 2316 quam
474 2239 604 2298 invidus¹
618 2258 655 2298 err
670 2241 770 2298 innata
784 2240 892 2299 malitia
912 2240 1067 2299 delectatur
1081 2239 1118 2298 de

10 2341 14 2350 '
63 2336 144 2395 malo
159 2336 283 2407 alterius,
300 2347 330 2396 et
343 2356 395 2414 per
412 2355 597 2415 consequens
611 2349 732 2414 apparet
746 2338 800 2396 sibi
814 2356 879 2397 esse
893 2340 1005 2397 bonum
1023 2337 1118 2396 delec-

63 2433 152 2493 tabile
176 2446 206 2493 et
230 2436 271 2494 sic
297 2436 416 2495 bonum.
468 2435 521 2494 Est
545 2445 642 2493 autem
666 2453 745 2493 error
766 2434 797 2491 in
819 2452 995 2512 quocunque
1020 2435 1118 2493 invido

64 2532 227 2591 secundum
242 2533 444 2592 intellectivam
462 2534 640 2610 potentiam;
669 2543 698 2591 et
713 2534 754 2591 sic
769 2533 866 2590 omnis
884 2533 949 2590 talis
963 2533 1057 2590 malus
1076 2542 1119 2591 est

63 2632 213 2707 ignorans,
225 2649 293 2690 cum
307 2642 367 2691 tarn
381 2633 493 2690 bonum
508 2631 576 2689 utile
591 2648 680 2707 quam
695 2632 808 2689 bonum
820 2630 987 2689 delectabile
1002 2630 1120 2689 deberet

64 2746 140 2799 esse,
158 2729 239 2805 quod
260 2729 330 2789 alter
350 2729 463 2788 careat²
481 2730 529 2788 tali
551 2729 670 2800 damno,
692 2729 775 2788 cum³
795 2728 1023 2788 communicatio
1049 2728 1120 2786 boni

63 2829 158 2904 prosit
173 2828 327 2905 dispositis.
371 2827 460 2887 Unde
479 2828 537 2887 hoc
557 2828 697 2904 gaudium
717 2827 805 2885 invidi
824 2837 868 2886 est
887 2828 986 2904 passio
1008 2825 1120 2903 spiritu-

63 2926 148 2984 aliter
161 2925 320 3002 phrenetici
334 2936 421 3003 atque
437 2925 552 2995 diaboli,
568 2943 636 2984 cum
649 2925 758 3002 gaudet
772 2924 809 2982 de
824 2924 888 2995 hoc,
900 2925 979 2983 unde
994 2925 1120 2983 rationa-

64 3023 161 3082 biliter
188 3034 233 3083 est
261 3024 430 3095 dolendum,
459 3025 543 3083 curn⁴
568 3023 719 3099 apostolus
744 3023 835 3082 dicat⁶
863 3041 876 3079 r
905 3021 1036 3081 Corinth.
1062 3022 1119 3079 nii:

65 3120 209 3198 ‘gaudete
232 3140 299 3180 cum
318 3122 514 3198 gaudentibus
538 3131 567 3180 et
589 3121 655 3180 flete
677 3139 745 3180 cum
767 3118 936 3179 flentibus⁸.'
978 3118 1120 3177 Diabolus

65 3229 166 3278 autem
185 3220 344 3295 desperans
363 3221 476 3286 bonum
496 3220 611 3278 alterius
630 3220 685 3278 sibi
707 3219 848 3295 prolicere
867 3216 1035 3293 superaddit
1049 3216 1121 3273 invi-

65 3316 155 3388 diam,
170 3318 270 3375 volens
284 3317 448 3376 inordinate
462 3317 518 3375 tale
533 3318 645 3376 bonum
659 3334 720 3374 non
735 3334 808 3385 esse,
822 3325 851 3373 et
870 3312 1038 3391 superaddit
1058 3330 1120 3370 ma·

64 3415 158 3474 litiam
183 3425 325 3490 appetens
349 3413 418 3472 illud
441 3415 554 3473 bonum
577 3410 746 3471 destruerel.
788 3411 826 3470 Et
850 3412 892 3468 sic
916 3410 1028 3468 videtur
1049 3409 1120 3468 mihi
1153 3442 1207 3482 ,μ

66 3510 149 3589 quod
163 3513 276 3586 species
294 3512 417 3571 invidiae
437 3513 502 3587 capi
517 3520 641 3587 possunt
655 3527 746 3586 penes
760 3508 975 3566 distinctionem
989 3508 1120 3583 objecto-
1152 3483 1257 3549 {⁰2¹3

66 3627 142 3680 rum,
157 3609 194 3668 ad
214 3627 289 3686 quae
309 3610 417 3667 invidia
438 3609 625 3680 terminatur;
654 3618 684 3665 et
702 3606 758 3665 hoc
779 3606 891 3664 videtur
910 3607 1119 3664 consonantius
1160 3665 1161 3669 ,

66 3708 154 3768 dictis
168 3707 311 3782 superiuS,
325 3725 414 3784 quam
428 3707 605 3781 distinguere
624 3705 762 3763 invidiam
776 3705 806 3762 in
820 3703 908 3762 haec⁸
923 3703 982 3762 duo
1002 3721 1118 3778 genera,

65 3805 98 3864 in
111 3804 251 3881 gaudium
266 3803 462 3862 inordinatum
477 3804 514 3863 de
529 3801 625 3860 alieno
639 3801 717 3860 malo
732 3811 761 3860 et
776 3801 909 3860 dolorem
923 3800 1119 3858 inordinatum

100 3984 109 4013 ¹
126 3982 234 4047 invidus]
247 3983 365 4040 invidens,
378 3983 470 4033 A.B.C.
596 3981 607 4013 ¹
622 3983 715 4046 careat]
728 3990 804 4038 caret,
816 3982 908 4031 A.B.C.
1023 3981 1033 4010 ⁸
1049 3981 1117 4044 cum]

65 4048 203 4124 ut,ed.pr.
285 4047 593 4162 *mmgquibueauc
691 4048 874 4141 ivdicat]dicit‚
888 4047 979 4096 ΑΒΕ.
1069 4047 1119 4095 “et

65 4112 230 4242 1-ξᾶἶῖϋὲ
243 4128 300 4227 Bm.
323 4114 355 4163 lt
380 4115 416 4164 .C.
440 4113 478 4164 ed.
498 4129 536 4178 pr.
734 4113 869 4176 destruere]
893 4111 1003 4169 deficere,
1025 4111 1119 4160 A.B.C.
