2864 4836
384 327 492 333 ...ω-..-
506 326 642 333 —nqn
650 326 764 332 -..-.,--
774 326 795 331 -.
809 325 849 331 ——
865 326 869 331 .

530 431 784 511 Jonvvrs
827 431 1050 492 rvrcnrrv
1251 454 1313 493 en,

264 608 373 656 stantes
398 615 465 654 cum
489 595 606 670 regibus
631 605 680 652 aut
702 602 925 667 extravagantes
950 610 969 652 a
996 595 1175 652 ministeriis
1201 592 1316 651 sacerdo

263 695 369 754 talibus
383 695 528 770 accipiunt
544 712 561 751 a
574 693 686 769 populo
704 691 857 766 praelatiae
871 690 959 748 titulo
974 692 1035 750 ista
1051 693 1137 751 bona
1145 712 1153 763 ;
1177 691 1313 750 nonenim

264 804 389 869 possunt
403 791 601 867 subterfugere
617 792 688 866 quin
702 791 760 849 sint
778 789 943 866 proditores
957 789 1019 848 Dei
1040 802 1072 849 et
1086 791 1189 866 regni¹
1204 802 1233 849 et
1244 790 1317 863 longe

265 892 380 967 pejores
404 908 492 966 quam
517 899 647 964 raptores
672 888 796 965 publici;
827 899 856 945 et
884 906 938 963 per
963 906 1164 964 consequens
1189 888 1316 947 seculares

266 989 377 1047 domini
405 1006 442 1046 ex
470 988 650 1045 obmissione
676 985 838 1061 corrigendi
864 1004 899 1044 ac
924 1005 1081 1044 consensu
1105 987 1197 1063 hujus
1221 984 1318 1063 peccati

266 1097 332 1144 sunt
357 1086 480 1161 graviter
504 1084 651 1162 puniendi.
705 1084 776 1142 Non
801 1093 899 1141 tamen
922 1083 1012 1142 video
1040 1086 1116 1160 quin
1140 1085 1208 1143 licet
1228 1082 1318 1141 rectori

265 1201 400 1242 exercere
415 1183 543 1242 studium
556 1182 650 1258 gratia
663 1180 839 1239 informandi
859 1199 945 1238 suum
962 1181 1126 1257 populum,
1142 1191 1174 1240 et
1187 1199 1239 1258 per
1252 1182 1318 1238 vices

266 1281 377 1339 debitas
396 1280 548 1339 refundere
562 1280 730 1339 thesaurum
744 1278 901 1355 sapientiae
916 1296 1007 1354 quem
1024 1279 1149 1355 collegit
1158 1299 1167 1350 ;
1197 1281 1239 1338 sic
1251 1279 1319 1336 enim

266 1395 336 1454 apes
365 1378 402 1436 de
431 1378 582 1437 frondibus
609 1387 638 1436 et
662 1378 746 1454 aquis
775 1388 956 1452 congregant
983 1378 1129 1437 materias
1159 1397 1198 1436 ex
1225 1378 1320 1454 quibus

265 1476 432 1535 mellificant
446 1477 499 1534 sibi
514 1484 639 1552 pastum

307 1573 366 1632 Sed
380 1574 508 1632 dimissis
522 1575 583 1632 istis
596 1572 707 1632 verbis'
720 1572 928 1642 exhortatoriis,
945 1589 1023 1647 quae
1044 1582 1090 1631 est
1104 1573 1198 1631 nobis
1218 1575 1319 1648 impos·

266 1672 346 1729 sibile
378 1672 508 1747 implere,
537 1681 566 1729 et
592 1682 625 1730 ut
651 1671 749 1729 multis
780 1670 898 1738 videtur,
927 1670 1142 1729 destructivum
1176 1671 1318 1736 ecclesiae,

266 1769 475 1827 transeundum
490 1769 586 1827 estad
601 1769 671 1828 alias
685 1769 821 1827 rationes.

307 1866 429 1925 Videtur
447 1867 526 1924 enim
540 1869 644 1942 prinae,
659 1866 739 1943 quod
758 1883 847 1924 nemo
867 1865 1060 1925 contenderet
1075 1885 1147 1926 cum
1166 1871 1227 1926 suis
1242 1884 1320 1944 paro

160 2011 191 2034 m
267 1963 379 2022 chianis
399 1982 453 2038 pro
479 1964 599 2022 decimis
620 1974 670 2022 aut
694 1963 888 2021 oblationibus
912 1963 1101 2036 obtinendis;
1132 1983 1226 2024 nemo
1246 1966 1319 2023 enim

78 2051 130 2118 {³2
157 2043 206 2119 ‘iu'
267 2063 354 2121 debet
375 2062 551 2122 contendere
573 2064 628 2120 nisi
650 2079 703 2138 pro
725 2061 774 2120 illo
796 2061 875 2137 quod
896 2063 990 2119 noscit
1011 2078 1079 2119 esse
1102 2063 1160 2120 sibi
1187 2064 1319 2125 debitum.

267 2164 319 2221 sed
335 2173 450 2222 curatus
464 2163 528 2221 talis
543 2163 634 2221 nescit
649 2162 778 2220 decimas
791 2162 836 2220 vel
854 2161 1017 2220 oblationes
1036 2179 1105 2219 esse
1125 2163 1184 2221 sibi
1206 2163 1319 2226 denus

267 2264 352 2338 igitur
371 2280 424 2338 pro
438 2262 493 2320 illis
515 2279 576 2320 non
598 2262 684 2320 debet
706 2262 891 2320 contendere.
939 2260 968 2318 Si
991 2261 1071 2318 enim
1094 2279 1158 2318 non
1180 2261 1317 2318 ministrat

269 2361 365 2418 debite
382 2361 442 2419 suis
457 2361 588 2429 subditis,
604 2378 665 2417 non
684 2370 728 2418 est
747 2360 828 2419 color
847 2377 900 2434 pro
920 2358 1024 2416 talibus
1039 2360 1236 2433 proventibus
1254 2375 1320 2416 con·

269 2459 423 2528 tendendi;
456 2469 483 2516 et
506 2458 530 2516 si
551 2459 693 2516 ministrat
715 2457 820 2525 debite,
835 2475 902 2516 cum
923 2456 979 2514 tale
1000 2457 1198 2515 ministerium
1221 2457 1319 2514 debeat

249 2568 251 2620 i
267 2558 355 2629 gratis
371 2556 431 2612 dari
446 2567 475 2612 et
493 2574 553 2612 non
568 2556 653 2613 vendi
673 2573 727 2630 pro
746 2556 840 2629 pretio
860 2554 1019 2629 temporali,
1035 2565 1160 2629 propter
1181 2554 1319 2612 haeresim

249 2652 251 2719 l
269 2654 435 2729 Symoniae‚
451 2655 563 2711 videtur
576 2654 655 2728 quod
672 2672 725 2728 pro
742 2652 794 2710 illis
815 2671 875 2709 non
896 2653 981 2710 debet
996 2653 1191 2723 contendere,
1209 2655 1269 2710 imo
1285 2653 1320 2709 sic

248 2730 251 2817 i
268 2752 473 2809 contendendo
488 2751 593 2809 excidit
608 2771 624 2809 a
640 2752 751 2809 ratione
766 2752 837 2808 tales
851 2750 977 2808 redditus
988 2750 1148 2808 obtinendi.
1191 2750 1321 2807 Similiter

247 2830 250 2939 1
267 2850 329 2906 talis
345 2850 493 2906 contentio
511 2868 564 2923 pro
585 2850 645 2906 istis
665 2850 852 2923 proventibus
871 2867 932 2905 non
952 2847 1037 2905 debet
1052 2847 1113 2904 ficri
1130 2849 1187 2905 nisi
1204 2863 1320 2924 propter

248 2942 250 2975 l
266 2949 414 3004 caritatem
426 2966 514 3021 quam
530 2959 644 3005 curatus
659 2947 745 3004 debet
760 2946 866 3004 habere
881 2947 918 3003 ad
933 2963 1001 3002 suos
1016 2944 1168 3015 subditos;
1194 2948 1248 3004 sed
1263 2965 1320 3003 non

247 3075 249 3125 ς
266 3045 376 3102 videtur
390 3063 465 3119 opus
486 3046 612 3103 caritatis
632 3046 674 3102 sic
695 3063 798 3102 vexare
821 3045 959 3113 subditos,
974 3044 1237 3102 excommunicare
1258 3060 1285 3103 et
1307 3064 1321 3101 a

247 3131 530 3220 'communicatione
552 3144 644 3217 plebis
669 3143 813 3217 expellere
835 3153 954 3217 propter
975 3141 1125 3198 modicum
1148 3143 1322 3217 temporale.

247 3241 358 3317 tlgitur
372 3241 435 3298 talis
455 3243 569 3298 exactio
585 3253 686 3298 vocata
700 3240 843 3314 legitima³
858 3258 918 3295 non
941 3248 983 3295 est
1005 3257 1022 3295 a
1042 3239 1218 3312 presbytero
1241 3259 1322 3297 eser-

247 3336 366 3407 lcenda‚
383 3357 450 3396 cum
472 3356 532 3395 non
555 3340 590 3396 sit
612 3339 790 3413 exemplata*
811 3357 829 3394 a
851 3337 964 3395 Christo
986 3347 1013 3393 et
1035 3336 1093 3392 suis
1115 3339 1272 3411 apostolis,
1294 3352 1321 3395 et

247 3424 249 3496 l
265 3438 319 3512 ipsi
335 3437 448 3493 luerunt
463 3437 581 3511 plenum
598 3437 746 3510 speculum
761 3437 834 3493 vitae
850 3447 878 3494 et
893 3435 972 3509 operi
993 3433 1187 3492 sacerdotum.
1236 3436 1322 3494 Simi-

247 3519 249 3552 '
265 3534 326 3590 liter
341 3534 412 3591 tales
427 3535 516 3591 curati
531 3534 742 3592 contendentes
757 3552 810 3609 pro
825 3532 1032 3608 temporalibus
1052 3532 1196 3600 nesciunt,
1214 3535 1240 3591 si
1255 3547 1322 3593 sunt

265 3632 396 3688 membra
418 3640 534 3688 sanctae
556 3631 655 3688 matris
677 3632 815 3689 ecclesiae
836 3631 880 3688 vel
902 3631 1033 3687 membra
1055 3629 1173 3686 diaboli.
1221 3631 1252 3688 Si
1277 3651 1321 3690 se·

246 3727 248 3802 i
265 3727 359 3785 cunda
375 3728 465 3797 detur,
480 3740 579 3785 carent
591 3729 654 3803 jure
668 3730 759 3786 taliter
774 3727 978 3794 contendendi,
994 3728 1128 3801 igiturex
1149 3729 1205 3784 sibi
1228 3731 1320 3789 dubio

245 3826 294 3935 'in
320 3827 360 3882 sic
383 3825 567 3899 placitandol
592 3826 827 3883 contraveniunt⁶
851 3825 907 3899 legi
933 3824 997 3894 Dei,
1021 3841 1081 3881 non
1106 3825 1187 3881 enim
1210 3827 1320 3886 habent

245 3940 317 3996 ¹pro
340 3942 370 3980 se
393 3923 471 3997 leges
493 3922 644 3994 humanas
659 3935 690 3981 ut
712 3925 855 3982 seculares
876 3922 1065 3991 contendunt,
1081 3921 1133 3979 sed
1155 3941 1231 3998 pure
1248 3929 1321 3984 anti-

297 4068 304 4095 ¹
323 4068 401 4130 regni]
416 4067 486 4129 regis,
499 4069 528 4117 C.
628 4070 637 4097 ²
654 4071 746 4134 verbis]
759 4072 910 4123 veritatibus,
923 4070 951 4118 C.
1034 4070 1043 4097 ³
1060 4069 1186 4133 legitima]
1200 4071 1280 4128 licita,
1293 4075 1321 4123 C.

266 4133 271 4158 ¹
288 4134 437 4197 exemplata]
451 4135 562 4186 exercita.
576 4135 604 4183 C.
720 4136 729 4162 ⁶
746 4136 870 4200 placitare.
883 4137 924 4183 ic.
938 4135 1041 4199 litigare.
1055 4135 1085 4183 cs.
1098 4137 1137 4182 Du
1151 4138 1243 4201 Gange.
1256 4140 1323 4202 glos·

245 4256 247 4282 ι
264 4198 361 4252 sarium,
375 4215 421 4246 s.v.
521 4202 531 4228 ⁰
548 4202 747 4264 contraveniunt]
761 4203 916 4256 conveniunt,
929 4201 958 4249 C.
