2864 4836
542 431 799 512 JOANNIS
839 431 1056 494 WICLIF
1253 456 1335 495 aran.

275 597 349 657 foret
372 597 604 656 habitudinaliter
627 606 656 655 et
680 597 722 655 sic
742 595 854 654 realiter
879 593 975 670 ipsum
997 594 1141 670 corpus¹.
1190 595 1252 655 Sed
1273 596 1332 672 quu

274 697 415 757 sufficeret
429 713 599 755 enumerare
614 694 848 753 inconvenientia
861 711 898 750 ex
911 691 969 751 hoc
984 694 1171 768 sequentia?
1216 692 1328 755 Namiu

274 793 505 871 praedicatione²
519 792 681 852 secundum
700 791 900 851 habitudinem
919 799 963 850 est
982 790 1156 852 conformis
1170 795 1248 852 ratio
1260 803 1330 852 utro

275 894 371 969 bique.

315 991 479 1049 Phrenesis.
523 989 628 1049 Adhuc
648 988 750 1047 evadet
768 987 862 1046 fidelis
880 985 987 1045 multas
1005 985 1083 1046 tales
1103 988 1243 1064 argutias
1259 987 1329 1048 siut·

274 1089 343 1159 ales
358 1090 427 1165 quia
448 1090 503 1147 nisi
524 1087 641 1164 posses⁸
655 1088 787 1163 probare,
803 1085 883 1162 quod
898 1084 1018 1160 quilibet
1035 1086 1208 1162 imponens
1222 1088 1326 1164 siguum

275 1187 318 1246 vel
331 1189 484 1245 terminum
495 1185 532 1245 ad
544 1185 719 1263 signandum
733 1203 840 1262 corpus
851 1184 958 1244 Christi
968 1182 1013 1241 vel
1024 1183 1108 1243 aliud
1119 1185 1326 1263 assignandum

275 1286 311 1344 sit
324 1285 370 1343 ille
384 1286 434 1361 qui
449 1285 536 1343 ‘dixit
555 1295 585 1344 et
603 1284 679 1342 iacta
693 1279 785 1342 sunt⁴'
801 1301 857 1341 nec
871 1282 986 1340 mentiri
1003 1282 1146 1358 poterit⁸3
1171 1284 1257 1344 aliter
1274 1299 1327 1342 nou

275 1381 445 1459 procederet
468 1393 517 1441 tua
541 1382 653 1457 argutia
675 1381 801 1440 simialis.
843 1380 916 1439 Ideo
941 1379 1011 1437 nihil
1035 1388 1127 1455 potes
1148 1381 1326 1441 identidem

275 1481 391 1539 cuilibet
410 1480 455 1539 vel
474 1481 559 1539 alicui
580 1480 668 1548 alteri,
684 1490 841 1555 antequam
862 1478 916 1536 ista
937 1477 1140 1536 auctoritativa
1161 1480 1328 1540 excellentia

275 1579 312 1636 sit
326 1579 539 1636 communicata
554 1578 671 1636 cuilibet
685 1587 735 1635 tuo
750 1575 886 1652 complici
901 1574 1073 1651 imponenti,
1086 1575 1173 1652 quod
1188 1596 1260 1638 cunr
1273 1594 1327 1637 uon

276 1687 368 1752 potes,
382 1676 536 1734 erubescas
556 1673 592 1733 de
607 1673 784 1750 turpitudine
802 1683 869 1732 tuae
888 1673 1025 1749 argutiae.
1066 1670 1161 1733 Unde
1180 1692 1248 1735 nou
1261 1693 1326 1735 ooa-

276 1772 350 1832 cedo
364 1773 419 1831 ista
432 1773 520 1830 verba
539 1773 694 1848 scripturae
714 1781 833 1847 propter
851 1771 1068 1846 impositionem
1088 1770 1267 1844 humanam,
1280 1771 1328 1831 sed

277 1870 345 1947 quia
357 1870 451 1945 prima
461 1866 581 1927 veritas⁰
595 1868 658 1928 illa¹
671 1869 748 1928 dicit
784 1868 857 1927 Ideo
871 1867 947 1927 hanc
962 1868 1155 1927 reverentiam
1169 1872 1327 1949 scripturae

278 1967 459 2044 singulariter
478 1984 593 2024 reservo
612 1962 656 2024 et⁸
674 1965 819 2024 humiliter
837 1965 875 2023 illi
894 1964 1037 2024 obediens
1056 1965 1242 2043 integraliter
1259 1968 1328 2027 hauc

279 2063 420 2134 concedo,
435 2074 575 2140 tanquam
590 2074 685 2123 certus
704 2082 741 2122 ex
757 2062 822 2133 lide,
837 2062 917 2139 quod
932 2061 1010 2121 nulla
1023 2080 1092 2138 pars
1107 2065 1275 2140 scripturae
1288 2082 1330 2124 sa·

278 2180 343 2220 crae
358 2162 463 2238 poterit
476 2180 540 2220 esse
551 2161 630 2220 falsa.
666 2161 739 2220 Ideo
754 2161 825 2237 quid
839 2159 918 2230 mihi,
930 2159 1181 2236 quodimpositor
1195 2172 1267 2223 tuus
1279 2165 1328 2221 im·

278 2258 421 2336 posuerit¹
436 2260 519 2335 signa
532 2259 577 2317 vel
592 2260 731 2318 terminos
745 2258 782 2317 ad
797 2258 888 2317 taliter
902 2256 1138 2333 designandum?
1170 2278 1237 2319 uon
1254 2263 1328 2321 euim

278 2368 396 2434 propter
409 2357 467 2416 hoc
485 2359 603 2417 variabo
619 2357 841 2434 responsionem
856 2356 894 2415 ad
908 2355 1063 2428 sensum¹⁰,
1077 2374 1169 2433 quem
1184 2360 1276 2421 didici
1294 2379 1328 2420 ex

278 2457 433 2533 scriptura;
466 2466 497 2514 ut
522 2457 545 2514 si
570 2456 742 2532 imposueris
767 2455 847 2532 quod
872 2455 926 2513 ista
949 2455 1121 2531 propositio,
1148 2457 1263 2518 ‘homo
1288 2468 1329 2518 est

278 2555 394 2625 asinus,'
409 2555 552 2631 significet
565 2553 720 2630 praecise¹¹
736 2554 870 2629 primarie
885 2551 985 2610 Deum
1001 2570 1075 2623 esse,
1091 2570 1155 2612 non
1174 2570 1328 2635 propterea

278 2653 448 2720 concedam,
474 2652 554 2726 quod
581 2651 672 2709 homo
701 2661 746 2709 est
772 2651 879 2721 asinus,
906 2668 961 2708 nec
988 2652 1225 2726 propositionem
1251 2657 1325 2714 illam

279 2767 369 2824 quarn
383 2748 559 2824 propones¹¹
567 2768 574 2820 ;
597 2766 658 2806 non
673 2747 778 2806 enim¹⁸
789 2758 901 2806 tantum
915 2748 1051 2806 obediam
1062 2749 1248 2826 impositioni
1262 2764 1325 2812 tuae

279 2844 323 2903 vel
338 2845 442 2921 regulis
454 2847 490 2904 de
505 2847 682 2922 obligatione
693 2846 738 2904 vel
752 2847 930 2922 impositioni
941 2847 1054 2905 termini
1065 2865 1138 2923 quas
1154 2859 1187 2908 tu
1199 2850 1328 2927 finges¹⁴.

281 2943 348 3002 Scio
367 2954 465 3001 tamen
487 2946 567 3019 quod
589 2945 670 3002 labor
689 2955 740 3013 est,
763 2961 867 3002 omnes
887 2946 959 3003 tales
979 2945 1140 3004 locutiones
1160 2947 1326 3023 figurativas

280 3043 436 3118 scripturae
458 3043 613 3100 recenter¹¹¹
633 3043 792 3100 memoriae
816 3043 1032 3102 commendare.
1075 3043 1134 3102 Sed
1159 3048 1225 3105 scio
1249 3047 1328 3124 quod

279 3142 474 3216 aequivocatus
489 3142 518 3198 in
533 3140 748 3216 praedicatione
763 3140 914 3199 identica¹⁶
928 3140 973 3199 vel
990 3143 1161 3217 scripturam
1181 3163 1245 3204 non
1260 3165 1330 3206 con·

279 3237 417 3307 siderans,
443 3238 516 3296 sicut
541 3256 601 3296 non
626 3237 797 3296 contradicit
821 3239 980 3297 sententiae
1009 3241 1175 3315 scripturae,
1201 3244 1245 3302 sic
1270 3261 1328 3303 non

282 3337 393 3412 capitur
406 3336 435 3393 in
450 3346 498 3394 tua
513 3335 725 3411 redargutione,
739 3347 771 3394 ut
785 3335 917 3395 Christus
936 3349 965 3396 ct
980 3337 1110 3413 Baptista
1130 3357 1194 3398 non
1215 3355 1328 3401 contra·

281 3434 414 3491 dixerunt
435 3434 489 3492 sibi
514 3434 591 3509 ipsis,
617 3434 682 3492 licet
708 3433 839 3492 Christus
862 3437 1006 3494 concessit
1027 3437 1108 3512 quod
1129 3437 1264 3516 Baptista
1288 3454 1329 3500 est

280 3530 391 3600 Helias,
406 3541 435 3588 et
449 3531 580 3607 Baptista
594 3531 631 3590 ad
651 3549 769 3590 sensum
789 3533 981 3609 aequivocum
1001 3536 1122 3594 asseruit
1141 3555 1173 3596 se
1188 3557 1253 3598 uon
1266 3558 1328 3601 esse

317 3744 321 3771 ¹
340 3743 441 3808 corpus]
454 3758 543 3818 corpus
555 3745 655 3799 Christi,
667 3745 705 3793 ecl.
717 3761 754 3809 pr.
908 3746 918 3774 ²
934 3747 1128 3812 praedicatione]
1142 3753 1328 3814 praeditatione,

280 3808 319 3857 ed.
332 3825 367 3872 pr.
515 3824 524 3835 ··
542 3811 637 3874 posses]
651 3811 738 3874 possis,
750 3811 788 3860 ed.
800 3827 837 3875 pr.
980 3813 988 3840 ¹
1004 3813 1035 3861 cs.
1049 3815 1088 3862 Ps.
1100 3816 1183 3865 xxxiii.
1196 3821 1294 3881 (xxxii.)
1305 3834 1327 3884 9.

280 3873 289 3900 ¹
306 3875 337 3923 cl.
351 3875 429 3922 Hebr.
441 3873 472 3922 vi.
489 3875 525 3922 18.
624 3876 633 3904 ¹
651 3876 751 3938 veritas]
764 3892 813 3924 om.
825 3876 864 3925 ed.
877 3893 913 3942 pr.
985 3876 994 3906 ¹
1011 3877 1066 3943 illa]
1079 3880 1121 3937 ita,
1134 3881 1230 3932 ΑΒΕ.
1242 3885 1281 3934 ed.
1292 3901 1327 3949 pr.

280 3940 289 3967 ¹
305 3940 342 4004 et]
352 3941 426 4002 quod,
439 3940 467 3988 B.
480 3941 573 4004 primae
585 3956 679 3994 manus,
692 3941 724 3988 D.
737 3942 774 3989 ed.
787 3957 824 4004 pr.
1005 3944 1015 3972 ⁹
1032 3944 1190 4011 imposuerit]
1203 3948 1327 4014 imposuit.

281 4005 373 4054 ΑΒΕ.
473 4009 490 4034 ¹¹¹
507 4006 538 4053 ad
551 4006 661 4068 sensum]
674 4021 723 4054 orn.
737 4007 829 4056 nhc.
842 4007 963 4057 secundae
974 4024 1069 4057 manus.
1174 4014 1191 4042 ¹¹
1208 4015 1327 4078 praecise]

279 4071 416 4134 praecipue.
429 4070 458 4119 C.
470 4071 564 4135 primae
576 4086 670 4127 manus,
682 4070 720 4120 ed.
734 4088 770 4135 pr.
917 4073 935 4102 ¹¹
951 4074 1087 4139 propones]
1100 4078 1230 4140 proponis.
1242 4081 1281 4129 ed.
1292 4096 1327 4145 pr.

281 4136 297 4163 ¹¹
314 4134 392 4199 enirn]
404 4151 454 4184 om.
466 4137 504 4186 etl.
516 4152 554 4200 pr.
681 4135 698 4164 ¹⁴
715 4135 804 4200 finges]
817 4137 897 4202 fingis,
909 4139 938 4188 C.
950 4138 989 4188 ed.
1002 4153 1039 4203 pr.
1173 4143 1192 4173 ¹⁸
1209 4144 1327 4209 reomter]

278 4199 400 4255 decenter,
413 4202 442 4251 C.
574 4201 592 4230 ¹¹
609 4201 727 4265 identica]
740 4202 871 4258 identifica.
883 4203 921 4253 ed.
934 4220 971 4268 pr.
