2864 4836
490 403 745 481 JOANNIS
786 405 1024 467 WICLIF
1211 431 1278 467 uuir.

225 574 269 623 est
289 565 402 624 rariter¹
424 565 585 624 invenibilis
609 576 696 642 atque
717 565 848 636 difficilis,
870 566 946 627 ideo
970 570 1047 631 volo
1071 572 1114 631 ab
1136 567 1277 649 hunmt

224 662 403 721 irrisionibus
423 681 471 722 me
493 681 615 736 servare,
629 673 657 722 et
670 664 751 740 loqui
771 664 822 722 tibi
842 664 883 723 de
905 667 1081 742 speciebus
1103 670 1278 728 minisuunu

225 760 372 819 ecclesiae.
415 759 546 820 Christus
560 772 657 820 autem
672 760 724 820 fuit
739 779 872 821 summus
887 764 1036 825 minister
1050 764 1277 835 ecclesiate-

114 861 137 885 ¹²²
225 858 386 916 secundum
405 858 570 935 apostolum
588 858 641 916 fuit
660 859 790 917 minister
808 860 1085 923 circumcisionis⁸.
1131 858 1277 923 Nemeo

225 956 306 1032 quod
316 956 418 1031 aliquis
427 957 463 1015 sit
472 957 708 1015 ministermatris
719 966 834 1016 nostrae
845 955 1021 1032 laudabilis,
1032 962 1278 1021 nisiinoonvetn·

224 1055 304 1112 tione
318 1053 424 1113 Christi
438 1054 522 1112 fuerit
532 1054 719 1130 exemplatus.
750 1052 824 1112 Ideo
838 1053 954 1114 videtur
970 1057 1053 1117 mihi
1067 1059 1163 1118 nimis
1176 1055 1278 1124 (ΕΜ

223 1152 294 1210 istos
314 1151 445 1209 novellos
466 1151 584 1210 ordines
604 1150 736 1210 stabilire.
783 1149 857 1209 Tria
880 1162 987 1211 autem
1012 1167 1177 1231 ponuntur
1193 1170 1277 1232 gom

224 1249 415 1306 ministrorum
429 1249 567 1308 ecclesiae
582 1249 637 1307 sub
652 1266 684 1307 se
698 1248 803 1308 multas
817 1249 933 1325 species
947 1254 1158 1325 continentia,
1172 1266 1278 1330 quom

226 1347 309 1422 primi
323 1356 351 1404 et
368 1346 459 1403 infimi
479 1357 546 1405 sunt
563 1346 709 1423 simplices
726 1345 900 1404 laborantes.
946 1346 1089 1410 Secundi
1108 1351 1216 1411 medii⁴
1226 1358 1280 1408 sun

225 1455 390 1521 potentatus
410 1443 638 1502 ordinationem⁶
654 1443 762 1503 Christi
781 1444 811 1501 in
829 1444 955 1503 ecclesia
973 1445 1195 1508 defendentes.
1233 1443 1279 1505 sd

225 1542 352 1617 supremi
367 1553 396 1599 et
413 1542 504 1600 ultimi
524 1551 589 1600 sunt
606 1541 773 1600 sacerdotes
788 1540 895 1600 Christi
908 1550 990 1600 recte
1016 1546 1088 1620 ejus
1108 1544 1280 1623 evangeliun

225 1639 442 1714 praedicantes3
472 1649 500 1697 et
514 1640 559 1698 isti
573 1639 697 1697 debent⁸
716 1656 780 1697 esse
801 1639 883 1714 quasi
898 1639 999 1698 anima
1021 1643 1183 1719 corporis'
1195 1639 1279 1701 malm

226 1746 350 1795 nostrae.
393 1737 428 1794 In
450 1738 511 1795 istis
534 1746 631 1795 autem
653 1746 697 1795 est
719 1737 812 1813 major
834 1736 979 1812 deceptio,
1001 1756 1079 1797 cum
1105 1740 1281 1800 antichristus

227 1835 314 1894 habet
339 1835 394 1892 sub
418 1835 515 1910 specie
539 1834 606 1892 cleri
631 1844 834 1910 procuratores
858 1832 1018 1892 duodecim
1050 1848 1163 1897 contra
1188 1834 1281 1897 Christi

227 1933 380 1991 ecclesiam
400 1932 608 2001 machinantes,
624 1931 787 2007 cujusmodi
807 1940 955 2007 ponuntur
975 1936 1186 1994 communiter
1197 1949 1281 2012 papae

227 2040 255 2088 et
274 2030 442 2099 cardinales,
457 2029 636 2104 patriarchae
655 2028 700 2087 et⁸
720 2028 954 2104 archipraesules,
969 2028 1112 2107 episcopi
1134 2029 1183 2091 et⁸
1197 2030 1281 2091 arcffi-

228 2126 351 2196 diaconi,
363 2127 500 2185 officiales
512 2125 555 2185 et⁸
567 2127 678 2196 decani,
690 2125 843 2184 monarchi
853 2135 882 2183 et
892 2126 1027 2184 canonici
1040 2127 1194 2201 bifurcati,
1204 2145 1282 2213 pseu

227 2223 368 2282 dofratres
389 2224 543 2282 introducti
562 2225 623 2299 jam
645 2223 748 2282 ultimo
773 2232 802 2281 et
826 2233 1004 2296 quaestores.
1049 2223 1173 2285 Omnes
1192 2237 1282 2286 auten

227 2320 271 2378 isti
287 2319 451 2391 duodecim,
467 2331 495 2378 et
514 2321 674 2396 specialiter
694 2320 812 2395 praelati
827 2319 962 2379 Caesarei
978 2331 1008 2379 et
1025 2320 1135 2382 fratres
1153 2322 1283 2383 infunda-

227 2419 318 2477 biliter
338 2418 501 2488 introducti,
518 2428 585 2477 sunt
605 2417 749 2476 manifesti
771 2417 901 2493 discipuli
921 2417 1095 2490 antichristi,
1110 2423 1184 2497 quia
1204 2421 1282 2480 liber·

229 2527 318 2575 tatem
333 2515 437 2575 Christi
451 2516 554 2574 tollunt
569 2534 603 2574 ac
618 2525 741 2573 onerant
755 2525 885 2574 sanctam
900 2515 1054 2574 ecclesiam
1070 2526 1101 2576 et
1122 2519 1282 2595 impediunt

228 2633 265 2671 ne
280 2614 326 2671 lex
347 2613 487 2688 evangelii
510 2622 604 2670 currat
625 2613 712 2669 libere
735 2613 807 2670 sicut
828 2613 905 2670 olim.

270 2710 327 2767 Sed
342 2711 409 2784 quia
427 2712 501 2767 inter
515 2721 584 2768 octo
604 2710 731 2785 pericula
748 2728 823 2785 quae
838 2709 943 2768 Paulus
962 2711 1106 2783 meminit,
1123 2714 1281 2788 periculum

41 2782 157 2888 “mlii
175 2790 183 2838 .'
226 2807 386 2864 maximum
401 2820 429 2864 et
440 2807 571 2864 ultimum
583 2817 627 2865 est
640 2808 670 2863 in
674 2808 769 2884 salsr‘s
771 2807 949 2881 fratribus⁹‚
961 2807 1028 2866 ideo
1040 2808 1077 2866 de
1090 2810 1166 2885 ipsis
1177 2810 1281 2887 aliquid

226 2914 270 2962 est
290 2904 455 2962 dicendum.
498 2903 584 2961 Unde
605 2921 673 2962 curn
691 2905 745 2979 ipsi
769 2904 881 2979 fingunt
902 2904 1094 2975 mendaciter,
1111 2909 1197 2983 quod
1218 2921 1280 2967 ante

226 3003 454 3059 incarnationem
464 3000 584 3058 Domini
596 3000 708 3059 fuerant
719 3001 882 3071 introducti,
892 3002 1051 3060 videndum
1062 3014 1117 3072 est,
1128 3005 1280 3081 quomodo

227 3108 294 3157 sunt
308 3099 475 3156 catholice¹⁰
488 3098 678 3156 describendi.
721 3098 806 3156 Ponit
820 3111 916 3157 autern
932 3097 1142 3159 Lr'ncolnr'enszi
1160 3104 1192 3160 in
1210 3121 1279 3179 quo·

228 3196 295 3255 darn
310 3214 453 3265 sermone,
469 3196 549 3271 quod
570 3195 740 3271 generaliter
761 3196 948 3255 claustralis¹¹
969 3197 1072 3273 privati
1093 3200 1216 3271 ordinis,
1231 3198 1279 3257 sed

227 3295 387 3369 specialiter
401 3293 494 3363 frater,
509 3304 552 3351 est
567 3294 706 3352 ‘cadaver
720 3304 866 3351 mortuum
886 3294 923 3352 de
942 3293 1098 3369 sepulchro
1119 3313 1279 3371 egressum,

228 3393 332 3466 pannis
347 3388 541 3449 funebribus¹²
551 3392 718 3461 involutum,
730 3409 747 3449 a
762 3392 880 3450 diabolo
890 3392 964 3450 inter
973 3391 1109 3452 homines
1120 3393 1278 3470 agitatum!

228 3489 289 3558 Est,
305 3490 404 3564 inquit,
420 3491 557 3547 ‘cadauer
576 3490 729 3559 mortuum,'
750 3491 818 3565 quia
838 3489 904 3548 licet
925 3491 999 3548 vivat
1020 3490 1078 3547 vita
1098 3490 1197 3550 valida
1217 3510 1277 3550 cor·

229 3586 329 3662 porali,
351 3597 448 3644 tamen
469 3598 512 3645 est
533 3597 665 3645 mortuus
686 3586 743 3643 in¹8
763 3587 869 3656 anima,
885 3587 965 3663 quod
986 3596 1030 3645 est
1052 3587 1119 3662 plus
1140 3599 1171 3647 et
1185 3591 1277 3648 verius

263 3730 270 3758 ¹
289 3730 386 3794 rariter]
399 3739 513 3787 rarenter,
526 3731 558 3778 D.
570 3731 608 3780 ed.
620 3747 656 3794 pr.
774 3731 784 3761 ¹
800 3732 912 3781 Christus
924 3731 1171 3796 autem-ecclesiae]
1185 3749 1235 3782 om.
1247 3736 1276 3781 A.

230 3794 323 3858 primae
334 3811 428 3850 manus,
442 3796 500 3844 BC.
615 3799 624 3824 ³
640 3796 670 3844 cl.
684 3796 756 3845 Rom.
768 3814 806 3846 xv.
819 3799 842 3845 8.
876 3797 940 3846 Cod.
953 3798 981 3845 B.
993 3798 1062 3845 addit
1073 3799 1151 3847 verbo
1162 3798 1276 3847 ‘circum

230 3859 328 3908 cisionis
338 3860 352 3908 :'
372 3862 449 3909 Hebr.
462 3861 520 3915 viii,
532 3870 556 3909 et
568 3861 641 3908 Rom.
653 3862 702 3909 uili.
813 3861 823 3889 ⁴
840 3862 939 3911 secundi
951 3862 1036 3925 medii]
1047 3863 1149 3910 secundi
1160 3870 1185 3910 et
1197 3864 1277 3916 medii,

230 3925 267 3972 ed.
280 3941 317 3988 pr.
381 3925 598 3988 ⁸ordinationem]
611 3927 800 3981 ordinationum,
812 3927 850 3975 ed.
862 3942 899 3990 pr.
969 3926 1152 3990 tisridebent]
1165 3928 1211 3976 ista
1223 3943 1276 3991 pars

230 3989 310 4043 debet,
323 3989 416 4039 ΑΒΕ.
429 3991 466 4038 ed.
479 4007 515 4054 pr.
613 3989 762 4055 ⁷corporis]
775 3991 880 4055 corpori,
892 3991 930 4039 ed.
960 4008 978 4039 r.
1055 3991 1117 4054 ⁸et]
1130 4008 1180 4048 om.
1191 3993 1229 4041 ed.
1242 4008 1275 4056 pr.

230 4054 287 4103 ⁰cf.
301 4068 313 4101 a
327 4055 439 4103 Corinth.
451 4056 482 4102 xi.
498 4069 526 4116 25
539 4069 591 4118 sqq.
691 4056 709 4085 ¹⁰
725 4056 857 4119 catholice]
870 4071 919 4104 om.
958 4056 994 4104 .B.
1094 4059 1110 4088 ¹¹
1129 4056 1274 4119 claustralis]

229 4117 377 4231 {ganstrales
390 4119 417 4167 B.
429 4120 466 4168 ed.
480 4135 515 4183 pr.
615 4118 633 4147 ¹¹
649 4119 803 4183 funebribus]
816 4120 971 4178 funeralibus,
985 4121 1043 4171 B.C.
1144 4122 1163 4152 ¹³
1179 4122 1215 4186 iu]
1228 4137 1274 4170 orn.

262 4199 316 4245 .pr.

1128 4269 1238 4312 chlrll'
