2864 4836
547 396 804 477 JOANNIS
845 399 1090 462 vvlczrff
1272 423 1336 459 um

277 578 314 618 ex
329 558 393 635 lege
407 558 584 617 matrimonii
596 558 634 616 ad
647 558 723 616 hanc
738 557 826 616 fidem
840 560 982 636 conjugii
1000 574 1079 623 sunt
1095 567 1197 624 artati.
1239 563 1267 623 Si
1281 562 1336 622 ὠ

278 657 396 733 quilibet
420 656 568 732 prolificus
592 674 629 714 ex
653 655 789 732 qualibet,
814 674 890 732 quae
916 658 978 716 sibi
1007 660 1164 736 placeret,
1191 670 1335 740 promti

278 755 351 815 soret
372 754 632 830 consanguinitatis
651 752 793 824 conlusio,
814 752 990 814 hereditatis
1015 769 1175 834 paternae
1198 757 1335 825 destructis

277 865 431 931 parentum
452 853 646 921 inhonoratio,
668 852 821 910 hominum
842 854 1001 913 contentio
1029 867 1132 934 atque
1155 860 1267 918 occisio
1286 871 1334 914 cun

277 952 374 1010 multis
399 952 461 1010 aliis
486 953 734 1026 inconvenientiis,
759 970 832 1028 quas
859 953 960 1011 vident
987 956 1181 1036 philosophi
1208 957 1333 1018 natmaks

278 1049 352 1107 Ideo
366 1049 412 1108 lex
427 1061 545 1109 naturae
560 1069 629 1109 cum
643 1049 721 1110 sacto
735 1049 792 1109 Dei
806 1050 894 1109 docet
914 1052 1095 1127 ecclesiam,
1113 1058 1204 1134 quod
1217 1058 1333 1133 contina

277 1147 404 1222 copulati
418 1147 545 1223 legitime
559 1165 613 1224 pro
628 1166 682 1206 suo
697 1158 837 1224 perpetuo
852 1149 1084 1226 conjungantur
1092 1174 1103 1227 ;
1128 1166 1163 1214 et
1178 1157 1249 1215 satis
1261 1152 1334 1213 modi
1376 1188 1378 1201 ι

277 1261 345 1302 cum
372 1254 418 1302 est
444 1255 473 1303 et
501 1247 706 1316 necessarium,
734 1246 815 1321 quod
841 1255 964 1322 uterque
998 1251 1182 1328 conjugum
1211 1269 1265 1329 pro
1293 1264 1334 1309 m

276 1353 417 1418 perpetuo
438 1343 519 1401 alteri
541 1354 634 1403 servet
654 1343 752 1413 fidem,
767 1343 836 1419 quia
856 1361 924 1402 cum
943 1354 1068 1405 mamm
1088 1349 1334 1408 uniunturvimre

276 1440 452 1498 matrimonii
472 1441 503 1497 in
524 1440 676 1517 principio,
691 1440 771 1517 quod
792 1450 859 1499 sunt
880 1440 973 1500 taliter
992 1459 1060 1503 una
1082 1455 1220 1518 caro,et
1238 1445 1335 1505 sititet

276 1553 378 1594 eorum
398 1537 500 1595 dimitti
522 1536 639 1596 deberet
659 1536 793 1615 propter¹
807 1536 1006 1608 infortunium,
1029 1551 1170 1618 utroque
1189 1543 1333 1620 superstite,

277 1644 444 1709 sequeretur
464 1634 639 1693 matrimonii
660 1635 812 1694 infidelitas
830 1646 860 1694 et
880 1637 1128 1700 inconvenientia
1149 1643 1286 1720 superius
1300 1657 1334 1699 n·

277 1733 371 1790 citata.

317 1829 454 1888 Pseuslis.
496 1830 618 1889 Videtur
635 1830 715 1901 mihi,
728 1831 809 1907 quod
829 1830 900 1890 false
921 1842 950 1890 et
969 1833 1206 1912 imbrigabiliter
1220 1838 1334 1916 quuet'a

278 1929 308 1985 in
329 1928 384 1987 hac
406 1940 494 2005 parte.
537 1928 659 1988 Videtur
673 1931 751 1987 enim
774 1930 877 2006 primo,
893 1947 961 1989 cum
982 1939 1044 1989 tam
1068 1935 1182 1994 mulier
1201 1935 1335 2015 quamrir

278 2029 312 2084 sit
341 2028 457 2103 conjux,
486 2027 567 2103 quod
595 2045 836 2104 quorumcunque
863 2027 964 2086 talium
992 2030 1149 2105 copulatio
1181 2035 1221 2093 sit
1248 2022 1335 2092 matri·

277 2125 409 2183 monium
416 2144 424 2196 ;
457 2134 486 2183 et
510 2126 551 2184 sic
576 2125 636 2184 duo
660 2125 711 2183 viri
731 2126 846 2184 uxorati
870 2135 899 2184 et
919 2125 1067 2185 caritative
1094 2131 1205 2189 sociati
1229 2149 1266 2190 ex
1286 2130 1334 2188 hoc

278 2222 481 2281 contraherent
500 2223 677 2298 conjugium,
693 2233 721 2280 et
740 2224 781 2282 sic
801 2223 838 2281 de
856 2223 1003 2281 uxoribus.
1048 2221 1195 2286 Similiter
1214 2229 1286 2287 nihil
1297 2237 1334 2286 cst

276 2320 385 2378 licitum
400 2320 455 2378 nisi
470 2320 616 2396 possibile,
633 2320 685 2379 sed
699 2319 780 2378 multi
800 2319 973 2396 copulantur
991 2322 1254 2385 matrimonialiter
1273 2326 1334 2385 satis

276 2418 360 2487 licite,
376 2417 425 2493 qui
440 2435 501 2476 non
516 2428 641 2494 possunt
656 2418 730 2475 filios
744 2435 907 2493 procreare,
919 2435 991 2494 ergo
1003 2418 1166 2496 descriptio
1182 2434 1230 2482 est
1244 2425 1333 2481 minus

277 2516 378 2574 valida.
422 2515 557 2574 Similiter
574 2517 736 2591 procreatio
756 2526 800 2575 est
818 2532 879 2573 non
899 2515 994 2573 solum
1009 2521 1203 2593 appropriate
1218 2523 1249 2578 in
1264 2539 1333 2579 mas·

278 2615 354 2684 culo,
368 2615 420 2672 sed
436 2632 522 2690 saepe
538 2625 593 2672 stat
608 2615 832 2683 matrimonium,
847 2613 965 2689 quando
985 2618 1151 2688 procreatio
1167 2619 1235 2677 talis
1251 2620 1331 2678 deest

278 2712 399 2770 Videtur
420 2731 491 2787 ergo
513 2729 572 2769 non
594 2711 697 2780 solum,
714 2711 793 2787 quod
814 2729 851 2768 eo
873 2712 937 2786 ipso
958 2728 1018 2786 quo
1038 2722 1082 2770 est
1102 2716 1218 2772 unum¹
1239 2719 1332 2774 matri·

279 2812 410 2868 monium
425 2820 535 2868 suntet
550 2811 617 2880 dun,
633 2810 700 2867 sed³
718 2809 799 2886 quod
813 2809 891 2867 bona
905 2809 1080 2866 matrimonii
1095 2811 1183 2870 valde
1201 2815 1333 2873 acciden-

279 2909 369 2966 taliter
383 2909 437 2965 sibi
450 2909 556 2965 insunt.

318 3007 481 3064 Phrenesis.
524 3005 618 3063 Valde
639 3007 766 3081 captiose
786 3006 905 3076 invehis,
921 3004 973 3063 sed
993 3005 1067 3063 scias
1087 3007 1333 3078 certitudinaliter,

279 3105 358 3179 quod
385 3104 564 3161 succumbes
617 3103 669 3159 Ad
685 3105 809 3177 pronum
833 3109 1026 3178 argumentum
1054 3113 1137 3160 tuum
1168 3108 1333 3181 respondeo

279 3202 479 3270 concedendo
495 3200 575 3277 quod
596 3219 837 3276 quorumcunque
858 3201 981 3258 duorum
1001 3201 1163 3278 conjugum
1187 3206 1332 3279 copulatio

280 3302 314 3358 sit
329 3301 554 3358 matrimonium.
599 3298 657 3357 Sed
672 3309 743 3356 nota
764 3298 844 3373 quod
867 3316 928 3356 non
943 3300 1078 3374 sequitur,
1095 3301 1141 3356 ‘A
1155 3313 1202 3359 est
1225 3304 1331 3378 conjux

280 3398 314 3468 C,
329 3410 357 3456 et
372 3398 396 3455 B
411 3408 454 3455 est
474 3399 581 3473 conjux
596 3396 634 3466 D,
650 3415 720 3471 ergo
735 3395 763 3453 Α
779 3406 807 3454 et
822 3395 846 3452 B
863 3408 930 3454 sunt
944 3396 1085 3472 conjuges
1093 3397 1111 3469 ;'
1137 3399 1209 3474 quia
1223 3402 1261 3458 ad
1277 3401 1331 3459 hoc

279 3496 359 3572 quod
373 3496 411 3554 illi
427 3497 483 3553 sint
500 3495 651 3570 conjuges,
666 3503 782 3569 oportet
801 3495 881 3570 quod
901 3495 958 3551 sint
977 3493 1102 3553 distincti
1117 3497 1147 3552 in
1162 3500 1290 3569 sexibus,
1304 3511 1331 3557 et

278 3593 359 3668 quod
384 3593 454 3650 alter
479 3589 605 3668 reliquo⁴
629 3593 667 3650 ad
692 3593 781 3649 finem
808 3593 983 3650 matrimonii
1013 3593 1164 3669 copuletur
1171 3614 1179 3666 ;
1214 3607 1246 3655 ut
1271 3615 1329 3655 non

280 3692 407 3766 sequitur
421 3692 451 3747 in
467 3691 559 3761 simili,
575 3692 597 3748 si
612 3691 665 3748 iste
680 3691 761 3748 canis
776 3691 825 3766 qui
840 3700 883 3748 est
904 3702 986 3766 pater
999 3691 1073 3748 illius
1087 3693 1182 3761 catuli,
1200 3695 1236 3752 sit
1256 3705 1328 3765 tuus,

279 3788 358 3864 quod
384 3790 419 3846 sit
443 3801 596 3864 propterea
619 3798 700 3863 pater
720 3798 794 3847 tuus.
839 3787 1016 3864 ‘Conjugcs’
1038 3807 1110 3865 ergo
1135 3809 1205 3849 cum
1232 3795 1328 3853 dicunt

279 3889 447 3945 relationem
462 3887 499 3944 ad
513 3888 636 3945 invicem
651 3886 801 3943 fundatam
819 3888 849 3944 in
864 3886 920 3944 fide
935 3888 1027 3944 taliter
1045 3889 1210 3960 relatorum,
1227 3910 1330 3951 secun·

312 4037 320 4065 ¹
337 4034 449 4099 propter]
463 4049 512 4082 om.
525 4035 561 4088 B..
574 4035 605 4082 A.
617 4034 710 4098 primae
722 4049 816 4082 manus.
935 4033 944 4062 ²
959 4033 1048 4098 unum]
1061 4051 1154 4092 verum.
1167 4038 1196 4088 C.
1208 4039 1328 4089 secundae

280 4116 374 4148 manus.
489 4101 498 4126 ³
513 4100 568 4164 sed]
581 4100 723 4155 secuudum,
735 4100 774 4148 ed.
786 4115 823 4164 pr.
933 4098 942 4128 ¹
960 4100 1066 4165 reliquo]
1079 4103 1160 4151 reticui·
1171 4106 1250 4168 (quasi
1262 4105 1327 4169 aqui

280 4165 355 4228 cujus,
367 4165 418 4226 cui)
430 4165 525 4214 A.B.C.
