2864 4836
492 349 946 416 Pronaoorrrnm.
1261 373 1300 439 19

142 501 325 567 Francolurti
343 517 372 567 et
386 505 513 587 Lipsiae,
528 511 670 588 impensis
684 511 728 571 Io.
744 512 835 572 Gottl.
859 512 1014 589 Vierleitgzi'
1025 531 1105 573 anno
1123 529 1200 591 1753
1219 516 1251 574 in
1265 513 1299 588 4⁰

142 610 174 669 iu
196 610 292 672 lucem
317 615 437 691 prolata,
460 628 574 694 praeter
596 617 752 695 prologum
778 628 806 677 et
831 617 960 677 indicem
983 620 1108 696 paginas
1133 623 1191 695 318
1217 639 1300 679 com·

141 716 284 794 plectitur,
307 731 394 799 atque
418 723 554 796 eundem,
575 743 664 802 quem
686 726 775 784 editio
798 727 942 803 princeps,
966 726 1079 785 titulum
1103 727 1228 798 exhibet,
1251 727 1297 788 his

141 835 256 886 tantmn
269 828 374 888 additis
384 830 494 889 verbis:
517 835 636 890 ‘auctus
647 840 691 890 est
702 831 828 909 denique
839 832 911 891 liber
925 833 1061 910 catalogo
1072 834 1298 911 praecipuorum

140 933 179 993 de
191 933 315 993 Wicleso
330 944 431 994 nostro
442 936 624 1012 scriptorum,
635 955 725 1015 quem
732 939 791 997 vita
801 956 838 996 ex
852 939 970 1015 optimIs
979 938 1109 998 fontibus
1119 938 1296 999 Germanico

140 1040 282 1100 idiomate
295 1042 414 1118 depicta
427 1040 573 1120 sequitur!

135 1232 138 1236 ἱ
182 1127 229 1205 E'x
243 1148 301 1207 hoc
315 1148 386 1208 tituli
400 1149 599 1209 additamento
613 1149 732 1210 editoris
746 1168 856 1209 nomen
871 1151 900 1209 in
915 1150 1064 1209 volumine
1078 1149 1136 1209 hoc
1151 1168 1295 1228 nusquam

139 1272 313 1331 expressum
337 1256 434 1332 colligi
458 1266 563 1333 potest.
604 1257 674 1315 Vita
697 1258 785 1328 enim,
808 1258 891 1334 quus
915 1259 1026 1316 mentio
1051 1257 1128 1316 sacta
1151 1267 1204 1327 est,
1229 1259 1293 1316 sine

139 1361 232 1420 dubio
252 1361 326 1421 haec
346 1372 406 1422 est:
427 1361 469 1421 D.
481 1361 627 1441 lohannes
647 1366 715 1438 (sic)
737 1365 856 1442 Wiclefii
873 1364 1036 1442 wahrhasle
1055 1365 1117 1421 und
1127 1364 1295 1440 gegrilndete

141 1467 336 1527 Nachrt'chlen
356 1488 409 1528 von
429 1473 528 1529 sanem
541 1469 642 1543 Leben,
656 1470 842 1530 Lehrsaetaen
857 1471 918 1529 und
928 1469 1081 1548 Schrssen,
1096 1489 1150 1528 von
1165 1469 1294 1547 Ludwig

140 1572 262 1651 Philipp
282 1575 544 1650 With,1754,40.
587 1575 680 1653 lgitur
697 1575 745 1635 hic
759 1577 822 1654 ipse
840 1576 1008 1637 Ludovicus
1022 1575 1173 1653 Philippus
1192 1576 1293 1646 Wirlh,

139 1681 192 1757 qui
207 1681 397 1740 concionator
410 1681 519 1741 aulicus
533 1694 619 1759 atque
634 1693 787 1741 consector
797 1681 980 1742 Culmbachii
993 1681 1055 1754 fuit,
1066 1683 1151 1742 istam
1161 1682 1293 1758 Trialogi

139 1787 301 1847 editionem
324 1789 467 1848 curavisse
488 1789 608 1849 videtur.
651 1788 729 1849 Cum
750 1806 820 1847 vero
842 1790 879 1848 de
900 1788 1023 1848 consilio
1045 1807 1080 1847 ac
1100 1790 1213 1847 ratione
1233 1788 1296 1847 edi-

140 1894 230 1953 tionis
248 1895 440 1955 instituendae
460 1913 497 1955 ne
511 1912 604 1955 unum
624 1896 743 1973 quidem
762 1896 883 1956 verbum
903 1894 1053 1971 proditum
1074 1895 1119 1965 sit,
1140 1893 1212 1953 liber
1232 1893 1295 1970 ipse

139 2002 300 2060 testimonii
314 2003 403 2062 instar
413 2003 611 2079 inspiciendus
624 2013 677 2062 est.

182 2107 330 2166 Volumen
350 2109 408 2167 hoc
429 2108 498 2168 nihil
519 2110 641 2168 omnino
662 2110 771 2186 proprii
792 2108 888 2179 habet,
911 2125 978 2168 cum
1000 2106 1118 2166 nonnisi
1139 2105 1178 2166 ad
1202 2104 1292 2165 fidem

138 2212 277 2273 editionis
297 2214 435 2292 principis
456 2234 627 2293 expressum
648 2217 693 2276 sit.
735 2214 873 2293 Namque
894 2224 924 2273 et
944 2213 1085 2291 prologus
1106 2223 1136 2272 et
1156 2212 1244 2272 index
1264 2221 1294 2271 et

139 2331 238 2380 textus
272 2321 335 2398 ipse
370 2333 400 2382 et
428 2324 586 2383 summaria
612 2323 736 2400 margini
764 2324 1092 2400 apposita-postremo
1121 2322 1223 2380 omnia
1254 2338 1292 2379 ex

138 2427 269 2487 editione
293 2430 423 2506 principe
447 2448 519 2507 pure
547 2431 701 2507 depromta
728 2440 804 2489 sunt.
846 2431 914 2489 Imo
941 2429 1035 2489 editor
1063 2429 1153 2489 seculi
1178 2429 1292 2489 XVIII.

139 2534 264 2610 vestigia
287 2535 405 2594 editon's
429 2537 513 2612 primi
538 2554 606 2595 eum
630 2536 661 2593 in
685 2535 809 2594 modum
835 2536 947 2612 pressit,
970 2544 1002 2593 ut
1026 2544 1055 2593 et
1079 2536 1110 2592 in
1136 2536 1293 2595 verborum

138 2644 373 2720 interpunctione
394 2644 432 2702 ab
451 2643 588 2720 exemplo
609 2644 691 2703 istius
709 2644 757 2702 vix
777 2660 908 2719 unquam
930 2641 1086 2701 declinaret
1100 2652 1129 2701 et
1142 2643 1210 2702 vitia
1224 2660 1292 2702 eum

139 2751 261 2810 editoris
280 2750 390 2810 incuria
411 2760 473 2809 tum
494 2751 626 2827 ipsorum
650 2751 739 2810 etiarn
755 2748 1006 2827 typographorum
1027 2749 1203 2826 neghgentia
1227 2759 1293 2810 orta

139 2857 262 2918 fideliter
281 2867 311 2917 et
331 2868 464 2917 accurate
482 2868 631 2935 repeteret
676 2857 803 2917 Sufficiat
822 2874 983 2934 paucorum
1002 2874 1142 2928 errorum,
1157 2857 1208 2934 qui
1221 2855 1292 2916 utri·

139 2983 234 3042 usque
262 2964 397 3024 editionis
421 2955 594 3024 communes
619 2958 694 3036 sun't,
723 2965 904 3024 mentionem
933 2963 1036 3023 iacere.
1080 2964 1117 3022 In
1144 2964 1209 3023 libri
1236 2962 1293 3022 lv.

139 3071 269 3149 capitulo
283 3091 301 3144 4
316 3082 418 3131 auctor
439 3073 475 3131 de
497 3090 519 3131 s.
536 3090 631 3131 coena
651 3090 742 3149 agens
762 3081 791 3131 et
806 3071 968 3129 doctrinam
983 3070 1020 3130 de
1037 3070 1292 3129 transsubstantia-

138 3180 221 3238 tione
240 3177 453 3255 Christologiae
467 3196 524 3255 ope
537 3178 714 3255 impugnans
727 3176 801 3236 haec
814 3177 940 3254 profert:
964 3175 1179 3235 ‘Panis—non
1193 3175 1291 3252 potius

141 3286 254 3346 desinit·
272 3305 336 3346 esse
357 3288 450 3364 panis,
473 3305 563 3364 quam
585 3286 750 3345 humanitas
774 3305 811 3345 ex
832 3285 898 3357 hoc,
921 3283 1003 3363 quod
1028 3285 1060 3343 fit
1080 3283 1171 3354 Deus,
1186 3283 1292 3344 desinit

139 3411 206 3454 esse
220 3393 330 3453 homo!

182 3502 249 3581 Jam
263 3504 294 3561 in
312 3503 440 3562 editIone
454 3503 584 3580 principe
599 3502 813 3578 interpunctum
827 3508 887 3559 tam
902 3516 1036 3576 perverse
1051 3501 1179 3576 positum
1193 3507 1245 3571 est,
1260 3509 1292 3558 ut

138 3611 301 3670 sententiae
320 3619 403 3668 tenor
421 3609 535 3669 medius
554 3608 719 3678 dissecetur,
738 3607 879 3684 locusque
899 3623 987 3666 sensu
1006 3616 1117 3665 careat:
1143 3604 1290 3664 ‘Panis-

139 3735 205 3778 non
229 3719 325 3796 potius
349 3718 453 3778 desiuit
476 3735 542 3778 esse
566 3719 661 3794 panis,
685 3734 774 3794 quam
799 3715 970 3776 humanitas.
1013 3714 1059 3774 Ex
1087 3714 1292 3776 hoc—desinit

137 3845 206 3886 esse
220 3823 329 3885 homo!

182 3933 219 3993 In
251 3932 379 3992 editione
407 3942 504 3991 autem
537 3931 689 4008 posteriori
716 3929 788 3990 haec
817 3930 944 3990 absurda
971 3928 1173 4004 interpunctio,
1202 3943 1291 4004 quam

136 4041 299 4102 emendare
320 4042 455 4100 attentius
475 4040 583 4116 legenti
604 4039 770 4098 facillimum
791 4046 861 4109 erat,
883 4055 955 4114 pure
976 4036 1122 4113 repetitur.

180 4148 297 4207 Deinde
318 4146 397 4206 haud
417 4164 484 4206 raro
505 4145 654 4216 vocabula,
673 4162 748 4220 quae
766 4141 1017 4220 typographorum
1038 4158 1135 4199 errore
1156 4150 1292 4217 corrupta

138 4275 207 4316 esse
223 4254 306 4315 facile
326 4254 378 4313 luit
395 4253 548 4324 intellectu,
564 4252 780 4313 accuratissime
794 4251 811 4311 i.
821 4268 846 4309 e.
862 4248 1003 4308 mendose
1023 4246 1060 4306 ad
1080 4246 1168 4306 fidem
1187 4247 1291 4324 prioris

687 4374 736 4415 ca
