2864 4836
547 456 802 538 Jonrvrvrs
844 457 1067 520 vrum
1252 480 1335 518 mie.

274 620 419 682 secunda¹
434 620 501 681 Cor.
516 621 589 692 viii.;
620 630 649 680 et
668 616 732 679 talis
750 619 835 678 realis
855 619 1034 680 mendicatio
1057 615 1135 680 sine'
1150 615 1334 698 petitione&

274 719 466 779 insinuatione
487 717 595 779 vocali¹
616 729 659 778 est
684 736 798 777 summe
822 717 950 795 perlecta
970 717 1165 779 mendicatio
1187 728 1221 778 et
1242 717 1333 776 incur.

274 817 379 877 Talem
397 817 484 895 ergo'
498 817 743 876 mendicationem
762 815 884 874 decebat
901 814 1052 876 Christum
1073 816 1200 888 habere,
1215 815 1255 876 ad
1267 814 1333 874 unli-

273 926 362 975 tatem
382 915 530 974 ecclesiae.
573 913 663 986 Quod
684 915 709 974 si
730 913 830 974 iratres
851 932 888 973 ex
902 914 951 974 tali
971 914 1206 975 mendicatione
1226 912 1332 991 sophis-

273 1015 362 1072 ticant
376 1024 405 1072 et
417 1012 585 1073 mendicant
595 1013 688 1072 valide
698 1031 717 1072 a
727 1013 837 1088 populo
848 1013 1012 1072 clamorose
1025 1022 1055 1071 et
1070 1013 1192 1090 populo
1203 1028 1329 1079 onerose,

272 1112 338 1188 quis
358 1112 476 1182 dubitat,
490 1113 562 1188 quin
575 1112 630 1170 ista
649 1110 825 1170 mendicatio
844 1109 1047 1182 sit'diabolica
1062 1112 1157 1170 nimis
1176 1110 1330 1188 sophistice

272 1228 309 1267 ex
336 1209 415 1268 facto
440 1208 546 1269 Christi
569 1220 631 1268 tam
655 1210 835 1294 virtuosoet
861 1207 1000 1293 ecclesiae
1028 1209 1069 1267 ita
1093 1210 1207 1286 grato?
1244 1206 1330 1284 Super

273 1309 343 1366 isto‘
360 1319 457 1366 autem
477 1307 590 1367 addunt
608 1306 709 1366 fratres
721 1292 924 1365 definitionem
944 1306 988 1365 sui
998 1292 1171 1378 mendacii,
1187 1307 1272 1384 quod
1283 1323 1330 1365 ne·

273 1405 344 1466 dum
357 1406 439 1467 licet⁸
459 1405 511 1466 sed
531 1417 576 1467 est
595 1407 763 1482 simpliciter
776 1405 953 1465 meritorium
975 1404 1017 1464 sic
1031 1403 1200 1464 voluntarie
1220 1403 1329 1464 mendi·

154 1535 198 1592 εἰ·
274 1522 348 1564 care.
391 1504 459 1565 Feci
484 1516 581 1564 autern
605 1513 708 1564 contra
727 1503 785 1564 hoc
803 1505 834 1562 in
854 1503 964 1580 vulgari
984 1501 1164 1580 multiplices
1184 1505 1328 1574 rationem

274 1604 369 1680 primo
383 1622 420 1662 ex
434 1603 493 1663 hoc
506 1600 603 1680 quod⁰
617 1601 757 1674 Christus,
773 1602 840 1679 ‘qui
853 1619 915 1661 non
928 1601 1006 1660 venit
1018 1600 1120 1678 legem
1140 1601 1266 1674 solvere,
1280 1600 1332 1662 sed>

82 1690 92 1714 ⁶
155 1689 173 1713 ¹¹²
274 1699 413 1778 implere,’
428 1700 497 1760 dicit
511 1700 721 1760 Deuteronom.
735 1719 791 1771 xv„
812 1699 951 1759 ‘omuino
969 1698 1107 1776 indigens
1127 1708 1158 1759 et
1176 1701 1328 1760 mendino

274 1818 336 1858 non
349 1800 403 1859 erit
416 1800 491 1858 inter
505 1798 575 1858 vos?
617 1799 666 1857 Ad
680 1799 750 1875 q'uid
769 1797 858 1876 ergo⁷
870 1797 998 1874 oportuit
1011 1795 1165 1856 Christum
1184 1797 1328 1875 praevari-

176 1944 183 1963 s
275 1898 371 1957 cando
392 1899 423 1956 in
443 1897 519 1956 hanc
540 1899 636 1973 legem
657 1915 675 1955 a
695 1915 749 1956 suo
770 1896 881 1975 populo
901 1895 994 1955 taliter
1014 1894 1209 1956 mendicare?
1253 1896 1330 1958 siml

275 1995 497 2055 Proverbiorum
519 2015 586 2054 xxx.
630 1995 775 2055 Solomou
798 1997 837 2054 ita
861 2004 954 2071 rogat,
976 1992 1105 2054 ‘divitias
1130 2004 1163 2053 et
1186 1993 1329 2055 meridici·

275 2104 364 2153 tatem
378 2113 415 2154 ne
430 2094 544 2154 dederis
558 2094 654 2153 mihi⁸'
670 2104 725 2154 etc.
766 2093 896 2153 Christus
909 2110 980 2168 ergo
994 2110 1056 2151 non
1070 2091 1124 2150 luit
1136 2094 1329 2153 nenesetutm

275 2193 454 2267 disrumpere
474 2191 551 2251 hanc
571 2193 703 2250 virtutem
725 2192 931 2250 consistentem
952 2190 983 2248 in
1002 2189 1111 2259 medio,
1133 2207 1206 2249 cum
1229 2190 1329 2252 fideles

274 2290 413 2349 ecclesiae
428 2291 528 2349 omnia
542 2290 609 2349 talia
623 2289 800 2350 necessaria⁹
813 2290 991 2367 paratissime
1008 2287 1063 2348 sibi
1076 2287 1198 2348 dabam
1243 2289 1329 2349 Simi-

272 2389 337 2446 liter
356 2385 423 2465 Job.
445 2388 523 2448 xxix.
545 2389 728 2464 imprecative
749 2397 813 2446 orat
833 2386 988 2460 sanctus¹⁰,
1010 2385 1102 2459 ‘Quis
1122 2385 1176 2447 det
1198 2387 1274 2447 mihi
1297 2398 1332 2448 ut

275 2487 329 2545 sim
350 2488 431 2563 juxta
451 2504 569 2545 menses
590 2487 734 2562 pristinos,
755 2486 916 2545 secundum
934 2485 995 2546 dies
1009 2486 1114 2562 quibus
1126 2482 1215 2545 Deus
1229 2497 1329 2548 custo-

275 2585 371 2643 diebat
386 2604 442 2654 me,
457 2585 574 2660 quando
595 2584 766 2659 splendebat
784 2585 902 2642 lucerna
920 2585 983 2660 ejus
1001 2601 1088 2659 super
1106 2593 1199 2658 caput
1217 2601 1327 2656 meum,

272 2692 300 2740 et
315 2683 352 2740 ad
366 2683 464 2740 lumen
480 2683 542 2757 ejus
557 2681 699 2740 ambulavi
714 2683 891 2751 intenebris,
906 2683 979 2740 sicut
994 2682 1045 2740 fuit
1059 2683 1088 2740 in
1103 2683 1209 2744 diebus
1227 2682 1329 2746 adole·

274 2780 400 2837 scentiae
429 2779 564 2838 meae¹¹l'
606 2778 665 2837 Ubi
691 2789 770 2855 patet
794 2780 858 2838 luce
882 2780 994 2852 clarius,
1017 2779 1097 2856 quod
1121 2782 1178 2841 iste
1207 2796 1328 2845 sanctus

273 2889 372 2935 sancte
397 2877 599 2953 imprecatus¹²
622 2887 665 2936 est
689 2876 791 2936 adesse
816 2878 870 2936 sibi
892 2879 1227 2955 prosperitatemffseculi
1253 2884 1329 2944 sicut

273 2975 361 3047 olim3
391 2976 570 3052 quomodo¹³
589 2994 659 3051 ergo
674 2975 747 3034 foret
767 2976 845 3035 istud
860 2976 1037 3052 culpabiliter
1051 2977 1209 3037 vitiosum?
1245 2980 1328 3041 Sicut

274 3073 339 3131 Act.
364 3092 411 3131 xx.
434 3073 527 3132 dicit¹⁴
548 3073 653 3132 Paulus
675 3078 843 3149 ‘argentum
864 3085 893 3133 et
914 3093 1017 3134 aurum
1037 3086 1066 3135 et
1086 3087 1200 3134 vestem
1221 3079 1328 3140 nullius

275 3172 436 3247 concupivi,
452 3172 506 3248 ipsi
525 3189 578 3230 vos
598 3173 684 3242 scitis,
699 3172 838 3248 quoniam
857 3173 895 3231 ad
914 3191 1037 3250 eaquae
1056 3173 1128 3232 mihi
1145 3192 1225 3251 opus
1245 3190 1328 3238 erant

273 3279 301 3327 et
329 3269 374 3328 his
402 3271 451 3345 qui
479 3288 595 3328 mecum
624 3282 699 3342 sunt,
728 3272 958 3331 ministraverunt
985 3291 1090 3332 manus
1117 3273 1238 3334 istae¹⁸.'
1280 3276 1326 3337 Ex

273 3369 378 3444 quibus
405 3369 515 3427 videtur
534 3369 615 3445 quod
639 3369 721 3426 labor
744 3369 902 3445 corporalis
925 3371 1062 3430 innuitive
1086 3373 1274 3449 praecipitur,
1297 3385 1328 3434 et

273 3465 448 3524 mendicatio
468 3466 627 3543 corporalis
646 3467 830 3528 interdicitur.
879 3468 1014 3528 Similiter
1034 3488 1049 3528 a
1066 3469 1202 3529 Thessal.
1222 3472 1325 3532 ultimo

210 3688 213 3693 -
306 3656 313 3683 ¹
332 3652 401 3703 Deus
412 3654 472 3704 dicit
483 3655 508 3703 in
520 3655 635 3721 apostolo
650 3656 757 3705 secunda
768 3656 841 3720 Cor]
853 3657 912 3706 dicit
927 3657 1055 3722 apostolus
1067 3657 1092 3706 in
1108 3659 1217 3723 epistola
1232 3674 1244 3709 2
1257 3663 1322 3718 Cor..

273 3718 365 3768 A.B.C.
378 3720 416 3769 ed.
429 3736 465 3785 pr.
607 3721 617 3749 ²
633 3722 796 3771 insinuatione
807 3723 899 3787 vocali]
912 3723 1076 3772 insinuatione
1087 3724 1212 3782 vocabuli,
1226 3728 1272 3784 C.;
1288 3727 1322 3776 in·

272 3784 393 3833 sinuativn
404 3786 492 3841 vocali,
504 3785 541 3834 ed.
553 3801 590 3849 pr.
704 3787 802 3851 ³ergo]
814 3788 887 3846 enim,
899 3788 992 3838 A.B.C.
1004 3789 1042 3836 ed.
1053 3805 1091 3852 pr.
1226 3794 1322 3858 ‘super

272 3849 333 3913 isto]
346 3850 463 3905 similiter,
475 3852 567 3901 A.B.C.
579 3852 700 3901 secundae
710 3868 804 3901 manus.
902 3853 912 3882 ⁵
928 3854 997 3918 lioet]
1009 3861 1116 3946 oportet,
1127 3854 1223 3906 ΑΒΕ.
1236 3860 1275 3909 ed.
1287 3874 1321 3923 pr.

272 3915 281 3940 ⁰
298 3930 328 3963 ex
339 3915 387 3963 hoc
399 3916 477 3979 qnod]
490 3932 519 3965 ex
531 3917 579 3965 hoc
592 3917 681 3965 Mattb.
694 3935 726 3972 v.‚
738 3919 811 3981 quod.
824 3918 862 3967 ed.
874 3935 911 3982 pr.
1050 3919 1083 3967 arl
1112 3920 1154 3969 uid
1166 3923 1241 3987 ergo]
1254 3923 1321 3972 aliter

271 3981 1102 4111 fr

272 4118 369 4159 sanctus
381 4111 446 4175 Job..
458 4112 495 4166 C..
508 4113 569 4160 All.
581 4112 607 4160 in
618 4085 735 4177 margine.
754 4085 759 4104 ’
811 4065 843 4144 p¹¹
861 4114 891 4163 cl.
904 4117 961 4180 Job.
973 4066 1107 4171 e'xnnpn
1118 4131 1142 4177 3.
1210 4069 1264 4150 ἢ
1280 4053 1322 4168 im]

271 4175 396 4239 precatus]
406 4185 526 4239 precatus,
537 4177 629 4226 huc.
695 4180 713 4208 ¹³
729 4181 867 4244 quomodo]
877 4181 983 4244 quando,
993 4181 1099 4231 need.
1109 4197 1147 4246 pr.
1216 4185 1234 4216 ¹¹
1251 4184 1322 4251 dicit]

272 4255 320 4287 orn.
333 4240 370 4288 ed.
384 4256 420 4303 pr.
519 4242 536 4272 ¹⁵
553 4250 576 4291 et
586 4243 744 4293 his—manus
756 4245 829 4309 istae]
841 4261 891 4296 om.
904 4247 965 4295 ΑΒ.
977 4247 1014 4296 ed.
1027 4263 1063 4310 pr.
