2864 4836
502 441 758 523 JOANNJS
794 440 1004 503 Wrcrrr
1197 461 1280 498 nin

228 589 422 646 communiter
431 589 585 664 accipitur¹
597 607 614 646 a
628 587 819 664 philosophis,
831 585 911 663 quod
925 585 1022 644 omnis
1036 602 1082 643 res
1097 583 1169 643 citra
1183 582 1280 642 Deum

228 685 275 743 fit²
300 705 317 743 a
341 685 407 744 Deo
436 687 498 744 sine
523 686 707 763 praejacente
735 685 863 753 materia,
888 701 978 760 quam
1002 681 1085 741 Deus
1112 678 1281 741 necessario

227 784 443 859 praesupponit,
459 794 487 842 et
500 783 559 843 hoc
578 784 636 842 sive
655 784 685 841 in
705 802 736 842 se
756 781 833 859 ipsa⁸
845 771 955 864 ¹sivein
975 798 1029 840 suo
1047 779 1188 839 materiali
1202 779 1280 854 prin-

229 881 314 956 cipio.
361 880 447 939 Unde
468 881 577 939 Auctor
598 883 629 938 de
649 883 742 939 causis
763 881 848 939 istam
868 879 1020 938 materiam
1040 875 1188 954 profunde
1208 893 1281 936 con·

228 979 358 1037 siderans
378 989 469 1049 notat,
489 979 569 1055 quod
588 980 683 1056 prima
702 979 834 1037 omnium
854 995 950 1036 rerum
969 986 1131 1035 creatarum
1151 984 1196 1034 est
1215 992 1280 1042 esse,

228 1086 257 1134 et
279 1087 346 1134 ante
368 1077 464 1153 ipsum
487 1094 548 1134 non
569 1088 612 1135 est
631 1087 759 1136 creatum
784 1076 877 1147 aliud;
907 1094 962 1132 esse
982 1073 1101 1151 quidem
1122 1072 1280 1148 analogum

228 1173 266 1232 ad
280 1172 382 1233 decem
396 1192 503 1250 genera
517 1186 560 1233 est
574 1175 667 1251 prima
681 1176 813 1232 omnium
828 1184 989 1232 creatarum
1003 1172 1122 1242 rerum⁴,
1137 1181 1167 1228 et
1181 1188 1219 1229 ex
1233 1169 1281 1228 illo

227 1271 388 1347 procedunt
402 1272 514 1347 species
528 1283 556 1331 et
570 1290 680 1347 genera
691 1273 830 1340 ordinate,
842 1281 871 1328 et
882 1272 977 1346 prirno
988 1287 1081 1345 genus
1092 1269 1279 1337 substantiae,

229 1368 357 1427 secundo
372 1387 466 1445 genus
480 1371 654 1445 quantitatis,
669 1370 753 1428 tertio
767 1387 860 1445 genus
874 1368 1019 1446 qualitatis
1033 1385 1100 1427 cum
1121 1368 1181 1426 suis
1194 1366 1283 1443 parti·

229 1468 283 1525 bus
303 1468 474 1543 subjectivis,
495 1478 523 1526 et
543 1469 583 1527 sic
604 1470 632 1525 in
653 1468 700 1526 illo
720 1485 784 1526 esse
805 1466 931 1542 analogo
952 1465 1033 1524 Deus
1052 1466 1160 1523 creavit
1182 1466 1283 1523 omnia

228 1564 321 1634 stinul,
342 1575 370 1622 et
384 1576 498 1640 praeter
511 1565 584 1625 haec
604 1584 664 1641 quo
683 1565 720 1624 ad
741 1564 930 1624 simultatem⁵
949 1563 1034 1640 primi
1053 1563 1189 1621 instantis
1210 1573 1283 1621 tem·

228 1662 315 1738 poris,
334 1680 368 1722 ac
389 1664 474 1722 tertio
495 1681 554 1741 quo
576 1665 614 1722 ad
635 1664 788 1723 creationis
808 1661 999 1721 simultatem⁶
1019 1661 1107 1719 totius
1128 1659 1283 1718 materialis

228 1760 378 1820 essentiae.
413 1747 493 1820 ¹Istis
516 1761 634 1839 quidem
659 1762 749 1820 tribus
774 1759 876 1831 modis,
902 1760 952 1837 qui
976 1759 1042 1817 vivit
1066 1758 1096 1816 in
1122 1769 1283 1827 aeternum,

229 1859 334 1916 creavit
348 1859 449 1917 omnia
463 1859 556 1930 simul,
572 1858 649 1918 unde
664 1875 837 1935 quacunque
857 1867 987 1917 creatura
1005 1856 1128 1932 signata,
1142 1854 1193 1914 illa
1213 1855 1245 1914 fit
1266 1873 1284 1914 a

230 1954 296 2014 Deo
318 1972 372 2031 pro
393 1956 489 2032 aliqua
509 1974 653 2027 mensura,
668 1969 696 2016 et
717 1974 778 2015 non
799 1973 836 2013 ex
857 1954 955 2032 aliquo
975 1952 1115 2014 materiali
1136 1953 1283 2030 principio

230 2052 430 2129 praecedente.
473 2052 510 2111 Et
521 2053 591 2113 illud
604 2055 775 2131 supponitur
785 2071 849 2112 esse
864 2052 1034 2130 descriptive
1050 2052 1150 2111 creari
1194 2049 1283 2109 Unde

231 2160 377 2209 creaturae
398 2150 505 2210 habent
526 2152 629 2227 triplex
650 2170 713 2212 esse
735 2151 869 2210 notabile.
911 2150 1010 2210 Primo
1030 2168 1085 2207 esse
1104 2148 1284 2226 tirtellr'grdr‘le,

231 2248 275 2304 vel
288 2247 389 2322 ydeale
403 2261 552 2306 aeternum
567 2250 596 2306 in
611 2249 686 2321 Deo,
702 2249 832 2308 secundo
846 2268 900 2306 esse
912 2247 1068 2323 exemplare
1081 2248 1112 2306 iu
1131 2247 1192 2306 suis
1205 2247 1284 2323 prin·

230 2344 321 2420 cipiis,
337 2346 489 2420 quomodo
509 2357 655 2405 creaturae
673 2347 832 2423 productae
851 2345 994 2422 posterius
1012 2353 1146 2403 creantur
1158 2343 1190 2403 in
1204 2343 1283 2420 prin·

229 2443 306 2518 cipio
323 2443 425 2501 mundi
445 2444 474 2501 in
493 2444 551 2503 suis
570 2445 734 2521 principiis;
759 2455 788 2503 et
807 2443 890 2502 tertio
909 2462 964 2501 esse
982 2442 1159 2500 riedtin'dreuee
1179 2443 1210 2500 in
1230 2458 1284 2500 suo

230 2541 392 2617 eompleto⁷
413 2543 542 2613 existere,
557 2543 637 2618 quod
659 2543 690 2601 fit
704 2561 792 2619 opere
813 2541 1069 2601 administrationis
1076 2558 1085 2612 ;
1115 2549 1145 2599 et
1163 2551 1285 2616 propter

231 2639 358 2697 medium
386 2640 453 2698 esse³
474 2640 607 2699 dicuntur
628 2642 728 2700 omnia
748 2640 824 2700 facta
847 2658 865 2698 a
886 2640 952 2698 Deo
978 2640 1077 2709 creari,
1097 2638 1165 2697 licet
1190 2655 1285 2716 opere

213 2800 215 2815 Ι
232 2735 485 2796 administrationis
501 2758 536 2797 ex
551 2740 613 2799 aliis
627 2740 832 2817 producantur.

674 3040 769 3100 CAP.
794 3040 845 3099 IV.

638 3187 769 3246 Materia
779 3189 884 3262 prt'nta.

272 3331 406 3390 Pseustt's.
449 3333 495 3392 De
511 3338 628 3393 materia
635 3338 735 3410 prima
749 3337 825 3394 varie
839 3334 997 3411 loquuntur
1015 3333 1192 3412 philosophi,
1208 3354 1243 3395 ac
1264 3337 1288 3395 si

232 3448 286 3488 nec
302 3449 331 3488 se
347 3433 426 3506 ipsos
440 3433 630 3508 intelligerent
641 3452 695 3492 nec
709 3435 859 3493 materiam
871 3433 907 3491 de
922 3449 980 3509 qua
992 3430 1171 3505 balbutiunt;
1194 3434 1289 3510 speci·

233 3528 311 3585 aliter
326 3547 393 3586 curn
408 3531 571 3588 Arr'stoteles
586 3530 670 3600 dicat,
686 3532 767 3606 quod
786 3532 849 3606 ipsa
867 3548 928 3589 non
947 3541 990 3589 est
1010 3530 1218 3606 cognoscibilis
1232 3533 1288 3591 nisi

234 3643 284 3698 per
306 3627 470 3701 analogiam
492 3629 528 3685 ad
551 3628 683 3697 sormam,
699 3639 727 3686 et
749 3628 842 3687 forma
857 3645 917 3686 non
938 3638 982 3687 est
1003 3628 1211 3704 cognoscibilis
1231 3632 1288 3691 nisi

233 3741 285 3798 per
300 3724 485 3798 subjeetum⁸,
501 3727 581 3800 quod
597 3736 640 3784 est
655 3727 717 3802 ipsa
731 3726 859 3785 materia.

216 3935 219 3951 1
269 3901 424 3966 ¹accipitur]
438 3902 582 3967 concipitur,
596 3903 628 3952 Ι).
743 3903 808 3968 ²tit]
821 3905 859 3959 sit,
873 3905 904 3953 A.
917 3906 955 3955 ed.
966 3921 1003 3969 pr.
1118 3904 1289 3974 'ipsaJipao,

217 3967 327 4049 (ΑΒΕ.
340 3968 377 4016 ed.
390 3984 425 4032 pr.
512 3969 784 4033 *rerum]om.C.ed.
815 3986 847 4024 ης
865 3970 1013 4034 principium
1025 3969 1288 4024 omniumcreatamm

218 4091 220 4102 A
236 4048 324 4086 rerum.
338 4033 383 4088 Α.;
397 4049 475 4082 rerum
488 4049 537 4081 om.
551 4032 583 4082 D.
704 4035 714 4063 ³
730 3986 891 4098 simufiatem]
905 4035 999 4084 instans
1010 4034 1084 4093 idem,
1096 4035 1149 4087 sive
1160 4052 1289 4089 wewam

218 4121 220 4161 ,
236 4097 245 4123 ⁴
262 4097 423 4161 simultatem]
437 4099 594 4148 similitatem.
608 4100 649 4154 Aa
663 4100 854 4154 similitudinem.
864 4100 923 4148 B.C.
936 4101 973 4149 ed.
985 4116 1021 4165 pr.
1120 4099 1131 4130 ²
1148 4103 1277 4170 completo

217 4161 365 4299 icssmplete.
378 4163 416 4274 eld.
429 4178 465 4225 pr.
581 4165 658 4213 'scil
672 4174 772 4230 propter
781 4181 832 4214 esse
841 4165 986 4229 exemplare.
1108 4165 1275 4232 ’subjectum

237 4235 367 4288 nuceium,
395 4263 412 4273 ,.
