2864 4836
62 281 167 290 μ-.-

536 388 789 469 Jonrrnrrs
831 391 1064 454 arcera*
1250 414 1314 451 m.

265 555 335 613 satis
358 571 498 629 magnam
527 552 765 613 destructionem¹
792 570 959 630 regnorum
990 553 1078 616 foret
1108 555 1171 616 boc
1197 552 1314 631 flagelm

265 652 405 711 inflictum
433 669 452 709 a
478 649 554 721 Deo,
582 650 649 710 lioet
676 668 738 709 non
765 668 854 727 super
880 651 965 711 istud
995 653 1240 730 superaddatur¹
1261 666 1315 710 mn

265 750 381 809 afflictio
406 767 458 826 per
482 748 598 808 fraudes
622 749 804 809 insensibiles
830 748 1024 809 antichristi?
1076 750 1246 824 Quomodo
1264 764 1314 824 ogr

265 858 424 925 sequuntur
444 847 592 908 Christum
613 858 643 907 et
664 865 733 907 suos
754 846 905 924 apostolos
927 849 963 905 in
976 850 1043 908 vita
1066 859 1100 909 et
1122 850 1254 910 doctrina
1268 864 1316 925 ptr

266 946 362 1006 cendo
386 946 535 1015 ecclesiae,
556 962 624 1004 cum
646 943 778 1004 Christus
801 944 905 1021 legitur
931 945 1050 1007 fecisse
1077 948 1256 1008 miraculose
1274 945 1318 1005 dm

266 1046 407 1110 convivia,
426 1061 501 1120 quae
522 1060 540 1100 a
560 1043 702 1119 probabili
722 1052 909 1102 excesserunt
931 1052 1038 1103 totum
1061 1046 1227 1121 prandium
1244 1040 1319 1121 qund'

267 1143 329 1219 ipse
349 1159 416 1200 cum
433 1141 495 1200 suis
513 1140 661 1217 discipulis
679 1141 835 1217 assumpsit
849 1136 884 1199 a⁴
896 1150 963 1200 toto
981 1143 1119 1220 populo,
1135 1156 1249 1221 praeter
1263 1143 1320 1202 last

267 1239 431 1316 fragmenta
454 1256 531 1315 quae
555 1250 739 1316 sumpserant
761 1248 830 1315 post
853 1238 977 1315 plenam
1001 1242 1075 1318 ejus
1098 1243 1282 1311 cibationm
1296 1248 1321 1298 tt

269 1337 389 1397 Marcus
403 1347 431 1395 et
444 1335 596 1413 Johannes
609 1337 640 1394 in
654 1336 713 1396 suis
726 1336 882 1412 evangeliis
896 1346 1125 1400 contestantur.

311 1433 454 1494 Secundus
466 1434 570 1493 aduam
583 1434 703 1494 fratrum
717 1445 768 1506 est,
783 1434 864 1511 quod
877 1435 909 1493 in
922 1438 1095 1497 contractis
1112 1456 1192 1516 quas
1209 1438 1321 1497 hanun

270 1543 492 1593 contemnentes
506 1531 587 1592 Pauli
601 1533 779 1603 laboricium‚
794 1532 831 1592 de
845 1550 906 1609 quo
920 1533 1037 1593 dictum
1051 1547 1104 1595 est
1119 1538 1262 1615 superius,
1274 1534 1322 1595 ω’·

110 1616 128 1640 ⁰³
178 1615 217 1641 ω’
271 1642 363 1691 antur.
405 1630 444 1689 Et
457 1630 531 1691 haec
546 1631 657 1690 videtur
670 1632 743 1690 ratio
758 1648 847 1708 quare
865 1630 1024 1708 inAnglia
1040 1646 1118 1694 sunt
1134 1645 1322 1695 tantaeternt

269 1728 352 1806 plusl
370 1727 480 1788 steriles
500 1747 590 1805 quam
611 1727 755 1801 solebant;
788 1730 849 1787 imo
869 1728 1095 1791 considerando
1117 1733 1249 1803 ulterius,
1267 1746 1323 1791 aaa
1364 1806 1366 1815 Ι

270 1845 395 1904 corpora
413 1845 501 1904 supra
519 1827 670 1901 coelestia⁶
687 1836 775 1903 agant
793 1825 824 1885 in
844 1836 951 1885 terram
971 1829 1150 1890 secundum
1172 1831 1324 1908 dispositio

269 1944 338 1985 nem
353 1942 515 2002 passorum,
531 1926 573 1985 sic
587 1923 670 2002 quod
685 1934 747 1983 tota
765 1925 951 2001 intemperies
968 1942 1009 1983 ex
1030 1925 1174 1989 indebita
1191 1929 1323 2007 positione

268 2025 444 2082 terrestrium
464 2035 509 2082 est
522 2035 649 2094 causata,
664 2023 775 2082 videtur
789 2021 869 2098 quod
888 2020 989 2082 fratres
1009 2024 1156 2087 ociantes
1171 2026 1323 2087 inordinate

268 2122 386 2199 globate
415 2131 444 2180 et
469 2132 662 2199 aggregantes
686 2121 830 2180 terrestria
853 2130 974 2179 causant
1000 2131 1101 2182 totam
1128 2124 1324 2203 intemperies

269 2219 464 2278 sublunarem.
505 2219 544 2278 Et
564 2219 633 2278 hinc
652 2219 803 2295 assignant
824 2216 991 2295 philosophi
1011 2223 1179 2294 rationem,
1192 2221 1323 2301 quarela

272 2317 434 2376 civitatibus
458 2328 487 2376 et
510 2317 582 2377 locis
603 2316 785 2394 paludalibus
805 2321 855 2374 ae'r
874 2316 1074 2377 communiter
1094 2329 1145 2379 est
1170 2332 1323 2398 corruptus

251 2414 300 2531 pSi
322 2417 401 2473 enim
424 2415 570 2475 foetiditas
590 2416 702 2475 inclusa
725 2418 802 2477 intus
824 2414 899 2474 soret
919 2425 951 2474 ut
971 2415 1061 2474 olim'
1082 2436 1140 2494 per
1161 2418 1323 2479 laboriciuat

251 2513 433 2629 perpurataf‘,
455 2532 516 2572 non
540 2514 604 2591 plus
629 2515 720 2574 modo
742 2535 831 2593 quam
852 2516 932 2593 prius
951 2512 1049 2573 forent
1076 2517 1267 2592 pestilentiae
1285 2515 1323 2575 vel

251 2614 455 2689 {intemperies
475 2631 549 2689 quae
572 2615 745 2690 contingunt
765 2617 796 2673 in
817 2621 891 2684 ae're,
908 2624 939 2672 ut
960 2613 1092 2688 tangitur
1112 2615 1146 2672 in
1168 2626 1252 2692 parte
1272 2633 1323 2675 ser·

269 2729 357 2767 mone
380 2711 509 2769 secundo
532 2711 642 2786 primae
664 2713 761 2788 partis,
784 2731 870 2790 super
890 2707 954 2770 illo⁰
978 2709 1080 2770 Lucae
1103 2714 1197 2772 xxii:
1232 2722 1322 2772 ‘erunt

270 2809 354 2883 signa
375 2808 405 2865 in
429 2809 490 2867 sole
515 2820 543 2867 et
567 2809 637 2867 luna
661 2821 689 2868 et
714 2811 802 2869 stellis
823 2811 886 2869 etc!
929 2808 1042 2868 Fratres
1067 2827 1142 2886 ergo
1150 2812 1174 2844 ¹⁰
1199 2813 1322 2872 ociantes

270 2907 298 2963 in
322 2917 413 2965 terrae
434 2908 573 2966 laboricio
598 2918 627 2966 et
651 2909 875 2985 multiplicantes
899 2909 930 2966 in
953 2906 1045 2984 globo
1070 2909 1228 2985 superfluo
1252 2912 1323 2969 inor·

270 3003 367 3062 dinato
389 3006 540 3076 terrestria,
562 3017 629 3065 sunt
653 3008 744 3066 multa
768 3009 797 3065 in
823 3006 936 3066 causau
959 3006 1053 3064 aeriae
1077 3005 1249 3067 discrasiae.
1289 3006 1322 3064 Et

271 3106 294 3163 si
316 3106 427 3163 dicatur
449 3105 529 3181 quod
554 3106 748 3164 communitas
769 3106 931 3175 hominum,
952 3104 1039 3163 etiam
1064 3105 1181 3164 rurales
1207 3113 1322 3165 causant

269 3205 353 3261 istam
376 3203 577 3278 intemperiem
599 3204 672 3262 sicut
693 3203 803 3274 fratres,
824 3204 993 3262 conceditur
1010 3201 1092 3278 quod
1109 3205 1230 3263 nedum
1250 3200 1321 3271 sicu,

271 3301 323 3358 sed
348 3300 508 3358 inficientes
533 3306 631 3358 ae‘rem
656 3320 722 3359 cum
743 3302 919 3377 ingurgitato
942 3299 1094 3359 stomacho
1118 3311 1149 3360 et
1171 3303 1321 3362 sudoribus

269 3398 432 3473 evaporatis
448 3396 572 3456 indebite
588 3398 717 3457 inficiunt
736 3405 834 3457 ae'rem
853 3399 1054 3469 communiter,
1069 3408 1098 3457 et
1118 3400 1249 3460 inferunt
1267 3402 1322 3460 suis

252 3492 254 3567 l
270 3497 463 3556 confratribus
484 3510 677 3556 nocumenta:
705 3507 801 3557 sectae
821 3508 919 3556 tamen
937 3497 1034 3557 istae¹³
1049 3497 1174 3558 fratrum
1193 3519 1322 3559 commu·

251 3582 343 3735 {niter
364 3595 531 3670 praecipua
553 3614 620 3653 cum
641 3596 747 3655 debent
769 3614 887 3654 manere
909 3597 939 3654 in
961 3597 1066 3655 eremis
1087 3605 1119 3654 ut
1141 3595 1282 3675 Baptista,
1296 3609 1322 3655 et

251 3692 349 3769 knullo
371 3692 462 3750 modo
484 3694 652 3768 conglobari
674 3697 703 3753 in
725 3705 871 3753 conventu
892 3693 1029 3764 indebit0‚
1051 3693 1104 3753 sed
1125 3695 1195 3770 plus
1216 3705 1322 3756 attente

251 3824 254 3883 p
274 3790 343 3848 dare
358 3808 390 3848 se
405 3790 544 3850 laboricio
560 3791 597 3849 ad
612 3791 774 3867 profectum
789 3792 928 3851 ecclesiae
943 3792 1017 3850 sicut
1032 3791 1149 3850 Paulus.

251 3898 254 4009 i
304 3945 533 4009 ¹destructionem]
546 3961 659 4010 poenam,
672 3946 760 4012 edpr.
914 3944 1130 4009 ’superaddatur]
1143 3945 1320 4011 superadditur.

251 4010 310 4059 ¹ed.
322 4027 359 4075 pr.
457 4009 561 4075 ³quod]
574 4028 623 4060 om.
637 4013 664 4060 B.
763 4010 815 4076 ⁴a]
827 4012 865 4068 de.
877 4011 916 4060 ed.
928 4028 965 4077 pr.
1055 4010 1150 4076 ³plus]
1163 4027 1215 4061 om.
1228 4010 1319 4061 ΑΜ.

243 4070 254 4141 l
272 4075 282 4103 ⁰
299 4092 371 4140 snpra
384 4075 511 4139 coelestia]
528 4092 601 4141 supra
613 4085 710 4134 terram.
724 4078 784 4128 Aa.
799 4077 892 4141 primae
904 4091 1005 4132 manus;
1023 4076 1223 4141 supercoelestia.
1234 4077 1273 4127 ed.
1284 4091 1319 4140 pr.

252 4168 254 4205 t
268 4138 278 4167 ²
295 4141 368 4205 olim]
381 4142 441 4190 olim
453 4141 524 4198 soret,
534 4143 572 4191 ed.
584 4159 620 4206 pr.
687 4144 696 4170 ⁸
712 4142 841 4207 exputata]
852 4144 969 4206 expirata.
978 4142 1016 4192 ed
1025 4157 1063 4206 pr.
1138 4142 1149 4172 ⁹
1164 4141 1222 4207 illo]
1232 4142 1318 4207 primo.

252 4205 308 4253 'ed
321 4222 357 4268 pr.
442 4208 460 4236 ¹⁰
476 4223 502 4255 er
520 4207 547 4271 o]
560 4216 651 4264 autem,
663 4208 703 4264 C..
716 4207 744 4256 B.
757 4208 878 4258 secundae
889 4223 984 4257 manns.
1070 4207 1088 4238 ¹¹
1106 4204 1319 4268 multainoeusa]

252 4269 468 4328 Lmnltaecausae.
513 4288 567 4337 .pr.
667 4273 686 4303 ¹²
702 4273 749 4337 sic]
763 4274 803 4329 sit,
814 4273 852 4322 ed.
864 4288 901 4337 pr.
1000 4272 1018 4303 ¹³
1034 4272 1107 4336 istae]
1120 4273 1271 4338 omedpr.
