2864 4836
142 438 240 476 caan.
509 418 852 481 TRIALOGUS.

145 588 254 637 contra
267 577 374 650 Deum,
388 579 458 656 quia
478 580 559 656 quod
573 579 670 640 Deus¹
692 580 829 640 discernit
849 599 914 640 esse
933 580 1108 654 laciendum,
1130 592 1203 642 tarn·

145 692 240 751 quam
262 677 415 753 indignum
435 679 630 754 postponitur,
652 688 682 737 et
706 680 867 737 secundum
885 680 1027 756 judicium
1048 681 1202 740 hominum

145 772 231 849 quod
245 772 327 833 Deus
347 775 477 852 despicit,
492 777 679 852 ponderatur.
721 777 760 836 Et
779 777 852 836 haec
871 788 915 836 est
933 795 993 836 una
1012 780 1094 850 ratio,
1113 797 1202 855 quare

144 869 304 946 religiones
324 873 451 949 privatae
473 875 666 932 communiter
687 885 754 933 sunt
774 875 939 951 perplexae.
982 874 1021 933 Et
1044 876 1067 935 si
1088 878 1201 954 objicis,

145 968 230 1044 quod
258 968 394 1030 humilior
418 980 462 1030 est
489 971 684 1030 communiter
711 973 891 1049 ignorantior
915 982 945 1030 et
973 972 1011 1031 ad
1038 974 1201 1049 regendum

143 1064 281 1142 ineptior,
297 1069 349 1128 sed
363 1087 431 1128 cum
445 1080 577 1129 austerus
594 1079 623 1129 et
641 1071 770 1148 prudeus
789 1070 876 1129 debet
890 1071 965 1148 eligi,
981 1082 1012 1130 ut
1026 1074 1133 1148 praesit
1148 1073 1201 1132 hu-

145 1163 273 1235 milibus,
295 1166 407 1225 videtur
431 1169 513 1244 quod
537 1167 637 1243 regula
659 1186 721 1226 non
748 1179 792 1227 est
816 1170 988 1245 generaliter
1010 1172 1201 1243 observanda,

145 1261 257 1320 scilicet
275 1265 357 1340 quod
375 1265 511 1324 humilior
525 1266 562 1325 ad
577 1266 804 1342 praeessendum
818 1277 862 1325 est
881 1267 983 1342 aptior.
1026 1268 1085 1327 Iste
1104 1281 1201 1329 autem

145 1360 282 1437 objectus
302 1371 346 1420 est
366 1362 527 1423 diabolicus
541 1364 585 1422 vel
605 1364 780 1434 mundanus,
795 1382 862 1422 cum
881 1365 1021 1439 supponit
1039 1367 1117 1424 illum
1137 1385 1201 1426 esse

144 1458 394 1534 praeeligendum,
419 1479 507 1537 quem
532 1461 659 1521 mundus
683 1462 728 1520 vel
752 1463 863 1520 lucmm
889 1463 1093 1537 temporalium
1118 1483 1201 1541 prae·

145 1566 289 1631 acceptat.
331 1556 377 1615 Ex
399 1575 459 1633 quo
478 1559 674 1618 indubitanter
692 1561 883 1629 convincitur,
904 1559 985 1635 quod
1006 1563 1201 1619 communitas

144 1651 221 1712 hoc¹
235 1655 364 1714 sentiens
374 1656 439 1731 plus
453 1658 629 1732 appretiatur
644 1658 732 1714 vitam
747 1657 942 1715 mundanam³
953 1657 998 1715 vel
1009 1657 1086 1716 laute
1096 1659 1200 1729 vivere,

145 1767 237 1826 quam
256 1753 351 1810 vivere
365 1755 499 1813 virtuose.
541 1754 580 1813 Et
600 1755 662 1813 illa⁴
677 1763 722 1813 est
741 1754 894 1812 maledicta
913 1755 1022 1830 religio,
1038 1773 1105 1812 curn
1126 1757 1200 1814 bene

144 1858 223 1907 esset
235 1849 282 1919 illi,
294 1868 362 1908 cum
373 1868 433 1926 quo
445 1849 519 1910 foret
534 1853 610 1910 atali
624 1853 727 1911 ordine
742 1853 951 1927 dispensatum.
987 1852 1025 1910 Et
1036 1852 1104 1910 illud
1119 1853 1200 1927 quod

144 1946 259 2023 objicis,
274 1948 355 2023 quod
375 1948 513 2020 callidior,
527 1950 576 2025 qui
591 1961 711 2008 vocatur
729 1949 873 2019 scientior,
889 1949 963 2009 soret
982 1951 1020 2008 ad
1039 1950 1199 2025 regendum

145 2044 322 2119 dispositior,
335 2056 364 2103 et
379 2047 454 2104 bene
468 2057 642 2122 personatus
657 2048 762 2105 virilior
776 2047 850 2105 soret
864 2065 917 2123 pro
932 2035 1115 2124 acquirendis
1130 2066 1199 2124 pos·

144 2142 325 2201 sessionibus
344 2144 456 2202 mundo
474 2145 667 2219 captabilior⁶,
688 2163 785 2204 revera
807 2164 928 2204 accusas
948 2147 1035 2205 talem
1056 2146 1199 2224 privatum

143 2239 289 2311 ordinem,
309 2250 338 2298 et
358 2239 448 2299 doces
468 2244 682 2318 acceptandum
697 2241 803 2301 Christi
818 2243 952 2301 ordinem
967 2243 1199 2320 praecellentem.

144 2335 176 2395 Si
193 2348 291 2395 autem
305 2338 426 2396 scientia
439 2338 529 2408 inflat,
546 2341 634 2397 etiam
655 2342 686 2398 in
707 2351 809 2399 namra
829 2359 881 2398 sua
898 2340 1057 2412 laudabilis,
1073 2345 1199 2418 quanto⁶

141 2434 239 2510 magis
255 2434 372 2512 vulpina
386 2436 545 2496 calliditas?
577 2437 614 2496 Et
628 2439 652 2496 si
668 2437 827 2497 secundum
843 2439 1055 2513 reputationem
1073 2441 1197 2500 munda·

141 2549 213 2590 nam
229 2533 383 2609 grandior⁷
400 2544 487 2610 atque
502 2536 642 2593 austerior
660 2535 725 2610 plus
743 2534 883 2605 laudetur,
899 2535 966 2593 ideo
981 2535 1067 2594 debet
1081 2538 1148 2612 eligi
1164 2539 1194 2596 in

140 2630 319 2707 praelatum;
351 2633 402 2690 ubi
426 2643 469 2690 est
494 2633 567 2690 fides
596 2633 752 2708 scripturae
777 2642 806 2690 et
830 2633 939 2691 virtutis
964 2636 1194 2708 praeeminentia

141 2729 317 2804 superista?
351 2729 426 2788 Ideo
441 2729 558 2789 indubie
574 2729 644 2789 tales
655 2729 786 2788 incidunt
797 2730 827 2787 in
839 2729 908 2788 illud
919 2730 983 2789 Vae
994 2731 1196 2807 propheticum

140 2824 304 2885 Esaiaev⁸t
324 2826 405 2887 ‘Vae
416 2829 465 2904 qui
476 2827 575 2886 dicunt
586 2827 695 2885 malum
704 2828 815 2885 bonum
826 2837 855 2885 et
865 2829 976 2886 bonum
988 2830 1123 2889 maluml'
1158 2829 1196 2889 Et

141 2932 231 3001 patet,
246 2942 314 2983 cum
328 2926 401 2984 ratio
415 2935 444 2984 et
460 2925 608 2983 inclinatio
623 2925 724 2983 mundi
740 2924 890 2984 destruunt
904 2924 959 2984 hos
973 2926 1099 2998 ordines,
1113 2928 1194 3004 quod

139 3021 255 3080 bonum
269 3032 345 3082 esset
359 3023 439 3100 ipsos
453 3040 574 3092 cessare,
590 3032 618 3080 et
632 3021 754 3097 purum⁹
764 3023 898 3080 ordinem
914 3022 1020 3082 Christi
1034 3042 1156 3100 regnare
1163 3025 1192 3084 ¹⁰.

139 3117 229 3177 Unde
241 3136 294 3194 pro
310 3120 452 3178 sententia
463 3120 545 3178 istius
556 3119 702 3195 religionis
713 3121 744 3177 in
754 3118 913 3178 humilitate
929 3119 1073 3191 fundatae,
1086 3131 1191 3179 notan-

139 3214 212 3276 dum
223 3227 267 3275 est
278 3219 397 3276 verbum
408 3217 514 3277 Christi
525 3216 627 3276 Matth.
638 3219 713 3275 xviii.
725 3218 890 3275 diffinientis
901 3229 930 3274 et
941 3219 1069 3276 sedantis
1081 3219 1192 3278 dissen-

140 3316 257 3374 sionem
271 3315 345 3373 inter
355 3315 545 3391 discipulos¹¹,
556 3316 621 3391 quis
632 3332 733 3373 eorum
744 3315 887 3372 videretur
896 3333 961 3372 esse
972 3316 1073 3390 major,
1086 3315 1122 3373 de
1134 3334 1192 3392 qua

140 3412 330 3473 contentione
344 3412 442 3471 Lucae
457 3413 534 3483 xxii,
549 3422 577 3471 et
596 3412 800 3488 respondentis
821 3412 857 3470 ad
877 3414 1086 3487 quaestionem,
1102 3431 1191 3488 quarn

139 3509 274 3586 discipuli
283 3511 482 3586 quaesiemnt:
498 3509 599 3582 ‘Quis
610 3522 702 3586 putas,
712 3510 806 3584 major
815 3521 858 3567 est
868 3511 898 3566 in
908 3526 1000 3584 regno
1009 3510 1190 3569 coelorumi’

140 3618 170 3667 et
181 3608 328 3667 advocans
338 3607 423 3685 Jesus
434 3609 585 3684 parvulum
601 3608 698 3666 statuit
713 3625 780 3665 eum
795 3608 824 3664 in
839 3607 937 3665 medio
949 3625 1051 3665 eorum
1062 3620 1091 3666 et
1103 3610 1189 3669 dixit:

139 3710 246 3766 ‘amen
260 3707 326 3765 dico
341 3706 432 3777 vobis,
447 3706 502 3765 nisi
521 3707 652 3764 conversi
673 3704 780 3763 fueritis
800 3715 829 3763 et
848 3704 1013 3763 efficiamini
1033 3707 1106 3767 sicut
1125 3726 1190 3783 par-

174 3864 182 3893 ¹
199 3859 281 3924 Deus]
294 3875 344 3910 om.
356 3859 394 3910 ed.
407 3875 445 3924 pr.
517 3859 603 3923 ¹h0c]
615 3859 684 3913 haec,
696 3858 733 3908 ed.
746 3873 782 3922 pr.
848 3858 857 3886 ³
874 3858 1035 3922 mundanam]
1048 3858 1190 3918 humanam,

138 3926 178 3976 ed.
188 3941 225 3990 pr.
291 3925 299 3953 ⁴
316 3925 371 3990 illa]
378 3925 447 3981 haec,
456 3925 494 3975 ed.
504 3941 541 3990 pr.
606 3924 616 3952 ⁵
632 3923 790 3987 captabilior]
800 3924 946 3988 coaptatior‚
957 3925 984 3970 B.
994 3923 1087 3987 primae
1096 3940 1190 3981 manus,

139 3992 178 4042 ed.
190 4007 242 4055 pn:
261 3991 381 4054 capacior,
394 3991 428 4039 D.
559 3989 568 4018 ⁶
585 3989 689 4053 quanto]
702 3997 726 4036 et
738 3997 837 4052 quanto.
851 3990 878 4036 B.
890 3989 984 4052 primae
995 4004 1089 4043 manus,
1101 3989 1140 4037 ed.
1153 4005 1189 4052 pr.

138 4057 149 4085 ¹
165 4056 438 4168 grandiorbgravidior,
451 4054 510 4105 B.C.
523 4055 644 4105 secundae
654 4069 748 4109 manus,
761 4055 798 4103 ed.
811 4069 847 4117 pr.
1028 4055 1037 4080 ⁸
1055 4053 1142 4102 Esaiae
1153 4054 1188 4118 v.]

139 4122 228 4172 Esaiae
245 4137 267 4169 x.
308 4157 314 4168 .
332 4121 370 4170 ed.
387 4136 424 4184 pr.
575 4122 585 4149 ⁰
602 4119 702 4184 purum]
720 4119 853 4168 secundum
871 4133 967 4181 purum,
986 4117 1077 4166 ΛΜ.
1095 4119 1133 4167 ed.
1152 4135 1188 4183 pr.

138 4188 158 4218 ¹⁰
174 4186 288 4251 regnare]
301 4186 413 4250 regulari,
425 4186 518 4237 A.B.C.
531 4187 567 4236 ed.
580 4203 616 4250 pr.
682 4187 699 4217 ¹¹
717 4183 862 4249 discipulos]
875 4184 1009 4246 discipulos
1020 4182 1078 4245 ejus,
1088 4184 1180 4234 alte.

1283 423 1342 507 167
