2864 4836
509 429 847 494 TRIALOGUS.

593 922 688 982 CAP.
711 923 749 981 II.

541 1078 588 1136 De
601 1078 798 1138 Eucharistto.

182 1231 308 1293 Alr'thr'a.
350 1231 415 1303 Dic,
431 1232 520 1310 rogo¹
536 1232 623 1293 frater
636 1234 801 1306 Phronesis‚
818 1234 854 1294 de
868 1236 1049 1306 eucharistia,
1064 1252 1139 1311 quae
1153 1245 1196 1293 est
1230 1264 1340 1313 omos

138 1331 338 1411 penultimum
359 1340 582 1402 sacramentum,
598 1342 660 1391 tum
679 1335 748 1408 quia
768 1344 812 1392 est
826 1334 921 1408 magis
939 1332 1101 1390 venerabile
1123 1333 1196 1390 inter
1230 1314 1371 1429 {fflffilss

139 1438 248 1510 cetera,
264 1439 325 1488 tum
341 1430 471 1488 secundo
485 1430 554 1506 quia
568 1430 678 1489 videtur
693 1431 799 1489 habere
819 1429 1021 1489 fundationem
1036 1430 1195 1488 maximam

137 1527 171 1587 in
197 1527 347 1605 scriptura,
370 1536 399 1586 et
423 1536 484 1585 tum
509 1528 593 1586 tertio
618 1529 687 1604 quia
711 1527 799 1586 hodie
825 1528 901 1586 circa
926 1527 1128 1586 eucharistiam
1151 1538 1194 1586 est

138 1624 287 1686 dissensio
301 1625 366 1702 plus
380 1625 520 1700 brigosa'.
561 1625 600 1683 Et
614 1627 719 1701 primo,
735 1644 773 1683 ne
792 1625 958 1684 laboremus
976 1627 1006 1683 in
1020 1627 1196 1702 aequivocis,

139 1723 326 1801 specificare³
340 1723 480 1781 debemus
496 1723 686 1799 quidditatem
701 1723 786 1798 hujus
801 1725 973 1781 sacramenti
988 1723 1166 1780 venerabilis.

181 1820 344 1881 Phrenesis.
386 1820 499 1897 Capere
521 1821 664 1888 debemus
685 1839 702 1878 a
723 1821 873 1878 communi
894 1821 1071 1895 experientia
1092 1837 1196 1878 sensus

140 1918 243 1989 nostri,
255 1918 336 1995 quod
351 1919 489 1977 sacerdos
504 1919 542 1977 ad
556 1919 645 1977 altare
660 1917 805 1976 accedens
817 1936 854 1974 ex
868 1936 945 1993 pane
957 1928 985 1975 et
996 1917 1063 1975 vino
1079 1916 1196 1975 conficit
1230 1903 1368 2009 gffililei¹¹

140 2017 190 2076 vel
210 2027 362 2075 consecrat
381 2017 488 2074 unum⁴
508 2016 641 2075 sensibile
663 2034 826 2085 remanens,
841 2015 922 2091 quod
941 2016 1043 2090 vulgus
1064 2013 1196 2090 intelligit
1229 2024 1271 2048 ⁵⁸⁶¹
1301 2023 1371 2050 ‘mum-

140 2099 252 2188 corpus
266 2124 295 2171 et
309 2115 483 2189 sanguinem
497 2111 568 2190 Jesu
583 2112 698 2171 Christi.
740 2111 814 2170 ideo
829 2111 865 2169 de
880 2112 928 2170 illo
944 2111 1011 2170 albo
1026 2121 1055 2170 et
1069 2111 1195 2169 rotundo

140 2221 317 2268 consecrato
345 2229 363 2268 a
390 2211 560 2286 presbytero
589 2210 689 2269 simili⁶
717 2210 828 2268 hostiae
857 2228 918 2267 non
947 2219 1085 2279 sacratae,
1114 2207 1195 2284 quod

139 2306 281 2367 sacerdos
307 2318 375 2384 post
401 2307 508 2384 frangit
536 2318 565 2365 et
590 2309 724 2376 comedit,
750 2326 785 2366 ac
814 2308 915 2383 recipit
940 2307 1195 2365 transmutationes

144 2404 307 2464 simillimas
327 2405 439 2463 hostiae
461 2423 523 2463 non
545 2415 681 2475 sacratae,
697 2415 728 2463 ut
741 2415 812 2480 puta
833 2406 1044 2463 comestionem
1066 2424 1083 2462 a
1104 2422 1194 2473 mure,

141 2502 387 2582 putrefactionem
401 2522 438 2563 ex
453 2513 594 2579 tempore,
609 2522 677 2562 cum
691 2505 979 2562 transmutationibus
995 2503 1142 2573 similibus,
1159 2503 1195 2562 de

139 2601 192 2661 illo
207 2601 328 2678 inquam
341 2602 408 2659 albo
423 2602 555 2677 primitus
569 2601 618 2659 fiat
632 2619 736 2659 sermo
779 2601 817 2658 Et
832 2610 899 2659 sunt
914 2611 1045 2659 recentes
1058 2601 1195 2659 haeretici

140 2697 194 2776 qui
215 2709 323 2776 negant
344 2698 413 2757 illud
433 2716 498 2757 esse
519 2709 743 2768 sacramentum,
763 2709 795 2756 ut
816 2697 1026 2775 subterfugiant
1047 2699 1077 2756 in
1098 2716 1194 2757 errore

142 2797 215 2856 suo·
238 2797 473 2856 inconvenientia
499 2815 574 2873 quae
604 2808 769 2872 sequuntur.
813 2795 872 2855 Sed
897 2796 961 2855 illos
986 2808 1045 2855 tarn
1071 2797 1196 2872 antiquis

142 2912 235 2971 quam
249 2895 398 2953 modernis
413 2903 526 2954 tantum
542 2894 703 2952 contrarios
714 2904 830 2970 oportet
842 2905 925 2952 caute
940 2897 1093 2971 corripere,
1105 2913 1195 2971 qnae·

141 2991 237 3051 rendo
251 2992 387 3068 primum,
401 2993 472 3068 quid
486 2991 657 3068 descriptive
673 2993 708 3049 sit
728 3002 943 3050 sacramentum
962 2992 1150 3051 eucharistiae
1165 2993 1194 3050 in

143 3091 303 3160 communi,
333 3101 361 3149 et
389 3089 435 3153 uel
466 3090 699 3165 aequivocabunt
727 3089 771 3147 vel
799 3107 860 3148 non
890 3088 1013 3148 evadent
1042 3091 1112 3166 quin
1140 3090 1195 3148 ista

143 3199 257 3247 sacrata
271 3188 365 3247 hostia
380 3189 414 3247 sit
434 3186 553 3264 aliquod
572 3197 796 3245 sacramentum.
840 3186 975 3245 Similiter
990 3186 1195 3245 discurrendol

142 3304 197 3363 per
211 3285 266 3345 alia
280 3304 332 3344 sex
352 3295 541 3354 sacramenta,
562 3294 640 3361 patet
659 3284 740 3360 quod
759 3284 805 3341 illa
825 3296 891 3342 sunt
911 3286 949 3342 ita
967 3285 1102 3342 modicae
1123 3285 1194 3342 enti·

142 3382 211 3443 tatis
230 3402 265 3441 ac
285 3384 502 3460 permanentiae
524 3382 597 3440 sicut
618 3381 703 3439 istud.
745 3374 810 3438 Nec
832 3381 903 3456 fingi
918 3392 1012 3456 potest
1027 3381 1109 3452 ratio,
1124 3383 1194 3457 quin

142 3500 198 3559 per
223 3482 301 3541 idem
324 3499 384 3557 quo
408 3479 455 3538 illa
477 3489 544 3538 sunt
570 3490 752 3537 sacramenta
772 3477 920 3547 ecclesiae,
942 3488 1035 3536 estet
1057 3478 1141 3549 istud,
1163 3489 1195 3538 ut

142 3589 224 3657 patet
248 3577 435 3638 discurrendo
456 3596 508 3654 per
529 3576 718 3653 quidditatem
744 3575 890 3649 baptismi,
913 3575 1141 3635 confirmationis
1167 3588 1195 3636 et

141 3687 279 3756 quattuor
290 3687 451 3736 ceterorum
469 3685 657 3732 narratorum.
694 3671 828 3730 Similiter
838 3672 867 3730 iu
879 3673 933 3730 ista
944 3675 1064 3732 materia
1077 3685 1195 3750 oportet

140 3777 321 3838 locutionem
343 3792 531 3834 communem
556 3773 696 3847 accipere,
718 3770 880 3829 secundum
904 3770 1000 3849 quod⁸
1021 3773 1143 3831 ecclesia
1164 3772 1194 3829 in

178 3963 187 3992 ¹
204 3962 279 4027 rogo]
292 3978 342 4012 om.
355 3963 395 4038 B...
403 3962 433 4011 C.
446 3961 539 4025 primae
550 3975 646 4034 manus,
658 3958 696 4007 ed.
708 3975 746 4023 pr.
943 3957 953 3986 ’
969 3958 1081 4021 brigosa]
1094 3959 1136 4033 ᾖε.
1148 3959 1196 4006 liti·

143 4027 224 4093 giosa.
304 4025 482 4093 ἐροειῇεαιε]
496 4024 711 4089 specrvocaroed.
724 4040 760 4088 pr.
829 4088 834 4098 Ι
876 4022 1078 4098 ⁴unurn]unum
1090 4039 1195 4087 signum,

140 4093 239 4144 'A.B.C.
365 4091 477 4154 tamiri]
490 4090 584 4145 similis,
597 4089 635 4137 ed.
648 4105 684 4153 pr.
716 4131 718 4134 .
801 4088 946 4137 ‘merrore
958 4089 1015 4151 suo]
1027 4096 1091 4137 mter
1102 4103 1196 4164 errores

144 4174 216 4275 {rose
224 4158 318 4234 A.l}.C.
415 4154 675 4270 'discugendokom
686 4153 725 4203 ed.
737 4169 774 4217 pr.
863 4153 1196 4218 ‘seorndumquodlsrcut

168 4261 183 4281 .,
219 4235 497 4289 ‚pnmaemanumqu
542 4236 592 4270 om.
633 4255 639 4267 .
