2864 4836
137 469 234 513 cnm.
499 445 843 507 TRIALOGUS.

548 889 644 949 CAP.
666 889 794 949 XXVII.

477 1044 569 1105 Deum
577 1050 698 1123 poluisse
711 1048 867 1108 thromari

156 1178 162 1191 ⁸
186 1205 310 1266 Arathia
352 1204 451 1264 Verba
474 1216 525 1264 tua
549 1205 579 1262 in
603 1216 686 1281 parte
709 1205 847 1282 intelligo,
872 1216 901 1265 et
925 1206 992 1266 licet
1012 1208 1200 1268 circumstent
1234 1228 1368 1307 233³,er

142 1304 236 1365 dubia
248 1303 368 1373 infinita,
382 1302 493 1361 videtur
507 1313 605 1361 tamen
619 1303 691 1362 mihi
704 1303 826 1375 difficile,
837 1304 989 1381 quomodo
999 1304 1081 1364 Deus
1095 1307 1200 1382 poterit

138 1403 297 1473 incarnari,
317 1411 347 1460 et
369 1401 521 1477 quomodo
543 1401 582 1460 ad
603 1402 736 1477 objectus
759 1401 957 1460 incarnatione
983 1403 1135 1478 supposita
1156 1412 1200 1461 est

141 1499 313 1561 dicendum.
355 1499 477 1558 Videtur
497 1499 585 1569 enim,
607 1498 687 1575 quod
708 1499 781 1558 sicut
802 1499 1002 1558 identificatio¹
1024 1510 1069 1559 est
1088 1501 1200 1577 impos-

144 1598 248 1669 sibilis,
262 1608 295 1656 ut
308 1614 445 1674 suppono
465 1615 502 1655 ex
523 1597 589 1655 alibi
609 1596 767 1666 declaratis
782 1597 824 1654 sic
843 1607 873 1656 et
891 1598 1061 1668 incarnatio,
1076 1615 1144 1656 cum
1163 1598 1201 1656 sit

145 1696 294 1773 quaedam
323 1695 509 1754 identificatio
543 1704 709 1753 naturamm
743 1696 837 1770 magis
870 1694 1080 1753 differentium⁸
1111 1712 1200 1771 quam

143 1811 251 1855 eorum
265 1793 405 1870 quorum⁸
418 1793 604 1851 identificatio
619 1802 663 1849 est
677 1790 821 1866 neganda.
865 1789 895 1848 Si
914 1792 993 1849 enim
1007 1791 1090 1850 Deus
1103 1802 1200 1868 partes

146 1893 352 1971 quantitativas
371 1893 501 1951 continui
520 1890 698 1949 identificare
717 1907 778 1948 non
797 1891 911 1965 poterit,
927 1890 1078 1965 quomodo
1097 1892 1200 1950 identi-

146 1992 236 2052 ficare
251 1990 360 2066 potest⁴
371 1986 605 2065 personalitatem
618 1987 707 2046 Verbi
722 2005 790 2045 cum
804 1997 907 2044 natura
917 1986 1053 2058 bumana,
1065 1988 1106 2047 sic
1121 1988 1201 2064 quod

145 2098 304 2164 utrumque
328 2104 430 2146 eorum
455 2087 492 2144 sit
516 2086 621 2144 eadem
648 2085 795 2161 persona?
839 2083 973 2143 Similiter
1000 2086 1200 2144 incarnatione

148 2185 310 2262 arrpposita,
326 2202 387 2242 non
401 2183 512 2241 videtur
526 2185 599 2241 ratio
613 2184 684 2258 quin
695 2181 825 2240 Verbum
840 2182 952 2257 potest⁶
966 2184 1071 2242 multas
1085 2194 1202 2242 naturas

143 2284 293 2345 humanas
314 2278 414 2342 simul⁶
428 2299 585 2350 assumere,
603 2292 632 2339 et
651 2281 758 2339 multae
779 2298 922 2356 personae
942 2281 1055 2340 divinae
1075 2281 1201 2340 eandem

146 2381 245 2443 simul.
285 2378 324 2439 Et
350 2380 428 2438 idem
454 2389 498 2437 est
523 2379 664 2455 judicium
693 2378 730 2436 de
754 2378 882 2454 qualibet
910 2389 1012 2436 natura
1040 2391 1144 2450 creata,
1170 2390 1201 2438 ut

147 2480 262 2539 videtur
285 2476 445 2554 quosdam⁷
469 2475 605 2549 doctores
633 2493 769 2545 asserere,
794 2488 823 2534 et
850 2477 956 2550 periret
980 2479 1102 2535 omnino
1128 2479 1201 2536 ratio

146 2576 299 2654 arguendi,
314 2592 382 2633 cum
396 2574 469 2633 sicut
482 2591 571 2631 nemo
587 2573 640 2631 scit
653 2588 750 2631 utrum
765 2573 826 2649 ipse
841 2575 876 2632 sit
890 2571 987 2631 Deus⁸
1002 2593 1055 2650 per
1068 2592 1201 2651 assump-

147 2675 262 2735 tionem
290 2671 500 2740 absconditam,
528 2673 569 2730 sic
597 2672 690 2729 nescit
720 2671 756 2730 de
784 2671 912 2747 qualibet
940 2682 1079 2744 creatura,
1106 2683 1203 2732 utrum

148 2771 260 2832 scilicet
274 2771 356 2829 Deus
371 2786 440 2828 suus
456 2770 491 2828 sit
505 2770 703 2845 quodcunque
717 2771 824 2829 animal
838 2771 1052 2831 rationa1e⁹ve1
1066 2773 1204 2831 accidens

147 2887 204 2948 per
218 2869 448 2944 assumptionem
463 2867 675 2943 hypostaticam
690 2887 722 2927 se
736 2869 881 2928 latentem.

1234 1315 1254 1343 ut
1264 1311 1315 1344 Deus
1322 1315 1374 1344 urtu-

1234 1359 1273 1384 rarn
1280 1351 1378 1385 humanam

1234 1397 1344 1427 munau.

149 3065 281 3134 materia,
293 3073 322 3123 et
336 3074 448 3121 certum
462 3075 506 3121 est
520 3064 601 3138 quod
615 3064 663 3122 illa
678 3066 828 3141 supposita
839 3065 921 3124 facile
936 3077 981 3125 est
995 3085 1047 3142 per
1061 3068 1203 3125 rationem
1237 3120 1247 3144 c
1262 3070 1266 3078 '
1286 3037 1373 3144 {gum

149 3162 251 3222 tollere
265 3178 371 3219 omnes
389 3161 516 3236 argutias
534 3162 564 3218 in
584 3164 752 3237 oppositum
773 3162 929 3222 iaciendas.
973 3164 1054 3223 Sicut
1072 3164 1152 3222 enim
1167 3184 1203 3223 ex

149 3261 278 3320 trinitate
293 3261 408 3317 animae
423 3277 441 3316 a
455 3260 608 3334 posteriori
619 3261 805 3335 cognoscitur
816 3261 945 3320 Trinitas
958 3262 1095 3331 increata,
1111 3263 1152 3320 sic
1166 3280 1203 3320 ex

150 3359 262 3417 unione
283 3357 398 3416 animae
419 3374 487 3416 cunr
508 3375 631 3434 corpore
651 3359 810 3416 incarnatio
824 3357 880 3416 Dei
901 3369 997 3434 potest
1016 3359 1117 3417 nosci:
1144 3361 1203 3435 spi·

149 3456 224 3515 ritus
244 3455 323 3513 enirn
344 3465 457 3513 creatus
477 3455 599 3513 unitur¹⁰
618 3457 733 3530 corpori
753 3455 881 3513 animato
899 3466 928 3514 et
947 3455 978 3514 fit
997 3474 1056 3514 una
1077 3474 1203 3532 persona

151 3552 289 3622 bominis,
311 3570 386 3629 quae
407 3562 534 3610 servatur
554 3552 655 3610 inillo
678 3552 787 3627 spiritu,
808 3553 1076 3629 quomodocunque
1101 3564 1203 3613 natura

150 3668 295 3726 corporea
309 3649 393 3709 suerit
407 3651 512 3708 variata
520 3669 528 3721 ;
551 3660 579 3708 et
590 3650 630 3707 sic
641 3648 820 3708 credendum
831 3650 914 3707 estin
928 3660 1009 3725 parte
1025 3651 1061 3710 de
1075 3669 1203 3727 persona

186 3823 195 3851 ¹
212 3821 383 3885 identificatio]
393 3819 593 3885 ydemptificatio.
601 3820 657 3870 libri
664 3836 739 3869 manu
747 3820 839 3886 scripti.
904 3821 915 3850 '
925 3820 1100 3886 differentium]
1110 3822 1200 3871 distan-

151 3886 317 3943 tium.D.ed.
330 3902 367 3950 pr.
433 3888 442 3914 ³
459 3902 544 3935 eorum
551 3887 667 3950 quorum]
679 3901 763 3936 earum
774 3902 884 3950 quarum,
892 3886 925 3936 D.
933 3887 971 3936 ed.
980 3903 1016 3952 pr.
1082 3887 1091 3915 ⁴
1107 3887 1201 3951 potest]

151 3953 253 4018 poterit.
265 3953 296 4002 C.
307 3951 429 4002 secundae
440 3967 534 4000 manus.
665 3952 675 3979 ⁶
691 3952 786 4015 potest]
799 3968 849 4001 om.
863 3954 891 4001 B.
902 3953 997 4017 primae
1008 3968 1103 4007 manus,
1115 3952 1153 4002 ed.
1164 3968 1202 4016 pr.

151 4019 163 4048 ⁸
180 4016 266 4080 simul]
279 4016 351 4066 simul
363 4024 454 4081 posset,
467 4016 495 4064 B.
507 4016 600 4081 primae
611 4032 706 4072 manus,
719 4016 752 4065 D.
764 4018 802 4067 ed.
815 4033 851 4082 pr,
939 4016 949 4044 ²
965 4017 1060 4066 videtur
1070 4017 1202 4081 quosdam]

151 4083 268 4132 videntur
279 4081 389 4145 quidam.
401 4082 429 4130 Β.
440 4082 535 4146 primae
546 4097 641 4139 manus,
652 4083 690 4131 ed.
702 4098 739 4147 pr.
854 4081 864 4110 ⁸
880 4083 911 4131 sit
924 4081 1005 4147 Deus]
1017 4091 1054 4132 est
1066 4083 1143 4138 Deus,
1155 4084 1202 4138 Α.;

156 4155 195 4197 est
204 4147 302 4210 dignus,
315 4147 344 4195 B.
356 4147 476 4196 secundae
492 4162 587 4195 nunus.
784 4148 793 4176 ⁸
812 4147 942 4211 rationale]
956 4147 1104 4205 irrationale,
1115 4148 1154 4198 ed.
1166 4165 1202 4212 pr.

154 4213 174 4242 ¹⁰
190 4212 285 4275 unitur]
298 4211 380 4260 unitus
391 4220 436 4267 est.
449 4211 542 4260 A.B.C.
