2864 4836
71 289 1328 327 ——h———m

431 403 774 468 TRIALOGUS.
1206 413 1253 497 ⁶5

516 814 611 877 CAP.
632 817 686 878 IX.

382 989 524 1063 *Quarum
538 1011 633 1052 rerum
646 994 708 1054 sciti
718 995 801 1054 ideae.

110 1154 247 1215 Praestas.
294 1155 332 1215 In
356 1156 411 1217 ista
435 1158 557 1218 materia
580 1170 705 1235 possunt
728 1161 779 1219 tibi
804 1158 922 1220 credere
945 1161 997 1238 qui
1021 1159 1122 1220 volunt
1156 1172 1262 1208 nnana

65 1251 196 1330 logicam
209 1264 291 1313 tuam
305 1255 473 1314 inusitatam
490 1257 643 1332 accipere3
669 1257 722 1317 sed
740 1276 828 1335 grave
843 1259 963 1330 videtur,
979 1277 1048 1318 cum
1062 1261 1122 1319 sin-
1155 1260 1201 1329 “il
1201 1263 1296 1337 ,m

66 1352 170 1428 guium
188 1352 443 1430 incomplexorum
461 1364 511 1412 aut
530 1355 675 1430 significat
693 1357 894 1428 substantiam,
909 1367 958 1418 aut
977 1357 1174 1451 quantita-1<¹
1155 1335 1312 1411 ml?

65 1450 143 1509 tem¹
154 1460 184 1510 et
197 1462 293 1510 cetera
293 1452 394 1529 ,quod
409 1452 482 1512 sint*
494 1452 565 1512 tales
579 1452 680 1529 ydeae,
692 1472 768 1531 quae
782 1473 838 1514 nec
853 1465 920 1515 sunt
934 1455 1120 1526 substantiae,
1234 1422 1292 1453 m.

66 1567 124 1607 nec
147 1549 315 1609 accidentia
368 1550 436 1610 Imo
460 1553 503 1612 sic
518 1551 707 1628 intelligendo
732 1553 871 1612 terminos
894 1570 1000 1630 posses
1028 1563 1120 1612 totam

65 1646 285 1724 philosophiam
312 1650 485 1722 subvertere,
516 1669 583 1710 cum
608 1649 694 1709 Plato
720 1651 847 1726 primum
875 1651 984 1709 invenit
1011 1668 1121 1709 nomen

65 1745 170 1821 ydeae,
190 1754 219 1805 et
239 1747 383 1806 sententia
402 1766 455 1806 sua
473 1767 526 1825 per
540 1748 717 1807 Araitotelem
736 1759 781 1807 est
799 1747 945 1807 efficacius
965 1747 1120 1807 destructa.

66 1841 135 1902 Nec
162 1843 269 1903 abhinc
296 1845 431 1905 inventus
458 1846 512 1906 luit
539 1843 742 1923 philosophus,
765 1846 816 1921 qui
843 1844 921 1903 hanc
945 1846 1120 1904 sententiam

66 1958 158 2000 ausus
173 1941 272 2000 fuerit³
286 1943 438 2003 sustinere.

108 2038 273 2100 Phrenesis.
314 2039 413 2100 Nemo
438 2041 526 2101 debet
551 2040 668 2101 credere
692 2041 748 2100 nisi
768 2040 929 2100 voluntarie
952 2040 1071 2111 veritati,
1093 2049 1121 2099 et
1155 2046 1289 2125 m&

68 2137 139 2214 quia
153 2147 251 2196 tantus
264 2136 474 2215 philosophus⁴
484 2138 668 2200 discredidit⁸
678 2140 788 2199 veritati
802 2139 979 2216 infringibili,
991 2139 1123 2216 displicet

65 2235 192 2296 multum
216 2236 320 2308 bonis;
356 2237 424 2296 ideo
451 2237 594 2311 laborant,
618 2247 650 2296 ut
682 2236 820 2297 homines
848 2237 938 2296 fidem
965 2237 1123 2296 adhibeant

65 2334 186 2394 veritati.
227 2333 315 2393 Ponit
325 2343 424 2394 autem
436 2334 623 2413 Augustam,
638 2335 719 2413 quod
732 2334 819 2394 Plato
837 2336 964 2412 primum
975 2335 1123 2395 adinvenit

65 2449 178 2491 nomen
196 2430 297 2508 ydeae,
312 2432 366 2493 sed
385 2451 432 2491 res
451 2433 516 2510 ipsa
533 2451 602 2492 cum
621 2431 751 2491 Platonis
770 2434 915 2492 sententia
931 2443 977 2493 est
995 2443 1121 2493 aeterna.

64 2527 139 2589 Ideo
160 2528 259 2607 lapsus
280 2548 315 2589 ac
335 2548 416 2589 error
436 2532 516 2590 avia
535 2531 661 2590 veritatis
682 2540 726 2589 est
747 2530 822 2590 adeo
844 2531 1021 2607 antiquatus,
1041 2531 1123 2609 quod

61 2629 190 2688 creditur
200 2638 320 2706 propter
331 2629 484 2705 antiquum
498 2647 626 2688 errorem
637 2628 707 2687 illud
721 2628 802 2705 quod
816 2628 853 2687 de
867 2628 945 2687 lacto
958 2639 1002 2688 est
1016 2628 1121 2687 salsum

65 2726 115 2785 vel
135 2726 316 2803 impossibile
338 2744 404 2786 esse
422 2744 543 2786 verum:
572 2725 650 2785 unde
670 2726 836 2802 turpissima
855 2737 885 2786 et
904 2725 991 2785 fallax
1010 2727 1122 2803 argutia

64 2835 128 2883 tam
152 2825 184 2882 in
211 2825 388 2901 speculativa
415 2843 504 2902 quam
533 2824 654 2884 morali⁸
678 2825 800 2883 materia
827 2834 880 2896 est,
905 2842 965 2902 qua
986 2823 1121 2884 diabolus

64 2922 182 2981 seducit
195 2923 342 2994 miseros⁷,
358 2924 399 2982 ‘si
413 2921 452 2981 ad
465 2933 580 2982 tantum
593 2922 725 2998 tempus⁸
738 2922 848 2981 credita
857 2923 902 2982 vel
915 2924 1023 2983 usitata
1036 2922 1119 2981 fuerit

63 3019 116 3078 illa
133 3021 286 3092 sententia,
300 3038 373 3097 ergo
387 3019 473 3080 vera'
515 3020 554 3079 Et
575 3021 617 3080 sic
638 3019 760 3079 credens
781 3020 850 3080 fidei
871 3022 1029 3098 scripturae
1050 3038 1118 3080 cum

62 3118 161 3177 verbis
181 3119 241 3177 suis
263 3119 352 3178 debet
373 3119 481 3178 dictam
502 3117 630 3196 logicam
651 3129 812 3196 acceptare,
834 3119 902 3197 quia
923 3120 996 3179 sicut
1018 3137 1118 3179 sacrae

62 3217 222 3293 scripturae
237 3216 389 3288 sententia,
404 3216 447 3276 sic
461 3227 490 3276 et
504 3217 568 3294 ejus
582 3217 678 3294 logica
697 3227 742 3276 est
755 3235 773 3275 a
788 3215 922 3276 fidelibus
941 3214 1116 3276 veneranda.

63 3314 154 3373 Unde
164 3324 288 3391 peccant
302 3315 468 3387 mortaliter,
480 3316 530 3393 qui
543 3315 662 3374 dimissa
672 3314 769 3390 logica
779 3314 946 3391 scripturae,
958 3315 1117 3373 innituntur

63 3412 316 3476 adinventionibus
340 3412 447 3473 frivolis
474 3413 563 3473 hodie
582 3413 702 3482 usitatis,
724 3429 792 3470 cum
812 3403 895 3469 Deus
916 3410 982 3488 plus
1008 3410 1117 3485 obligat

61 3511 198 3570 homines
217 3511 257 3570 ad
275 3510 401 3571 sormam
422 3512 579 3570 verborum
600 3509 669 3568 fidei
689 3509 855 3584 scripturae,
875 3525 965 3584 quam
986 3517 1117 3566 creatura

61 3609 159 3686 aliqua
177 3619 279 3686 posset
300 3609 338 3668 ad
358 3626 426 3668 suas
446 3609 630 3668 inventiones
654 3605 700 3665 vel
724 3591 953 3664 consuetudines
977 3605 1116 3681 obligare,

63 3707 104 3768 Et
118 3707 186 3766 hinc
205 3706 279 3783 lapsi
300 3717 367 3766 sunt
388 3707 490 3766 discoli
509 3705 548 3765 ad
568 3715 681 3764 tantmn
699 3704 731 3762 in
744 3703 868 3774 devium,
884 3703 965 3781 quod
982 3714 1116 3780 reputant

59 3806 159 3883 legem
179 3803 237 3864 Dei
257 3803 387 3864 summe⁰
408 3803 617 3882 impossibilem
642 3812 672 3862 et
692 3811 812 3879 propter
833 3801 1007 3861 adulterinas
1029 3800 1116 3861 tradi·

58 4000 546 4123 tuscanens
541 3999 594 4050 ι
588 4015 640 4114 ι
716 3995 1116 4159 ’inaspicuas

59 4065 185 4188 discrfflt,
197 4082 269 4182 (ξαι
238 4131 277 4182 ed
290 4147 327 4197 pr.
373 4082 411 4161 μ’
426 4065 527 4195 morfli]
539 4064 770 4194 iliwnlorllisllffpr.
752 4079 789 4121 us,
849 4079 992 4192 miseros]
1004 4127 1116 4178 hommes

59 4199 173 4254 miseros.
184 4197 218 4247 D.
319 4196 455 4263 'tempus]
468 4131 527 4253 tres]
536 4197 574 4246 ed.
585 4211 623 4261 pr.
700 4145 963 4259 ’ςιιιιιιιιιε]ειιιιιιιιιιιεν
974 4192 1012 4244 cd.
1024 4209 1062 4258 pr.
1112 4239 1114 4243 ,

103 4296 284 4342 tutamenti.
587 4296 606 4336 Ρ
