2864 4836
541 320 808 327 ...φὺν-..-

605 427 863 508 JOANNIS
897 424 1108 489 WICLIF
1299 445 1381 482 uari.

326 601 478 652 erraverat.
524 590 700 650 Democritus
721 601 828 662 autem,
847 589 942 659 Plato,
961 587 1150 666 Augustinus,
1165 585 1382 652 Lincolnientis,

328 691 377 767 qui
398 691 438 749 ita
459 699 620 760 senserant,
635 699 703 749 sunt
724 689 813 765 longe
834 687 971 748 clariores
992 684 1170 764 philosophi,
1184 695 1214 743 et
1235 685 1266 743 in
1288 682 1382 742 multis

328 787 559 863 methaphisicis¹
572 788 698 846 scientiis
711 786 777 863 plus
791 785 988 863 splendentes.
1030 783 1104 843 Ideo
1118 781 1240 860 quando
1251 798 1381 849 assumis,

330 885 410 962 quod
422 885 504 943 vivax
519 885 592 943 ratio
602 885 646 943 vel
661 884 869 943 demonstratio
884 880 1110 959 methaphisiea²
1120 879 1302 950 contradicit,
1315 879 1382 937 salse

331 984 415 1060 petis,
430 981 476 1039 ut⁸
490 982 625 1052 assoles‘,
638 983 757 1058 quando
770 982 822 1041 tibi
836 980 975 1040 deficiunt
987 989 1167 1055 argumenta.
1209 976 1292 1037 Sicut
1306 978 1382 1036 enim

329 1081 469 1139 ternarius
485 1098 545 1137 non
560 1090 604 1139 est
624 1079 770 1138 divisibilis
790 1080 819 1137 in
840 1079 912 1138 duas
931 1076 1101 1136 medietates
1119 1074 1259 1153 aequales
1273 1074 1382 1151 simpli·

329 1181 409 1247 citer,
425 1179 466 1237 sic
481 1178 616 1236 sensibile
636 1178 807 1236 continuum
827 1196 863 1235 ex
883 1177 1013 1252 partibus
1031 1173 1252 1233 indivisibilibus
1266 1174 1381 1250 impari·

328 1279 383 1334 bus
411 1277 594 1351 integratum.
645 1275 684 1333 Et
711 1275 779 1333 hinc
806 1273 1026 1343 mathematici⁶,
1054 1273 1105 1350 qui
1133 1289 1200 1330 cum
1229 1271 1289 1331 hoc
1317 1279 1382 1330 sunt

329 1374 479 1434 sensibiles
493 1373 669 1450 philosophi,
684 1382 790 1432 vocant
803 1373 874 1431 tales
888 1381 987 1448 partes
1002 1370 1157 1446 compositi
1172 1368 1255 1446 ‘ejus
1274 1369 1382 1428 medie·

329 1481 401 1530 tates
416 1472 609 1543 communiter
623 1469 798 1540 intellectas‚'
814 1472 937 1546 quarum
950 1487 1011 1527 una
1029 1466 1233 1527 insensibiliter
1247 1467 1293 1526 vel
1309 1466 1381 1526 indi·

329 1568 476 1627 visibiliter
503 1567 633 1627 excedit⁶
661 1569 756 1626 aliam.
809 1567 897 1626 Unde
925 1567 1020 1644 major
1046 1583 1116 1643 pars
1143 1576 1382 1642 argumentorum

329 1676 445 1724 tuorum
467 1683 528 1724 non
552 1665 618 1742 plus
641 1665 773 1742 procedit
794 1677 896 1725 contra
917 1664 1165 1741 compositionem
1187 1664 1321 1724 continui
1346 1681 1381 1721 ex

330 1781 391 1821 non
405 1763 529 1840 quantis,
545 1782 633 1840 quam
648 1775 751 1822 contra
765 1764 1011 1840 compositionem
1024 1762 1139 1821 numen'
1157 1779 1195 1821 ex
1214 1762 1381 1822 unitatibus.

331 1861 404 1920 Ideo
433 1861 533 1921 dicunt
561 1861 712 1920 sensibiles
740 1861 917 1938 philosophi,
943 1860 1024 1938 quod
1051 1859 1150 1919 talium
1175 1861 1383 1919 continuorum

331 1960 427 2036 aliqua
441 1977 508 2036 pars
528 1969 572 2018 est
591 1960 720 2035 aliquota
737 1978 797 2035 quo
817 1959 853 2017 ad
867 1958 975 2028 Deum,
990 1975 1065 2034 quae
1083 1975 1145 2017 non
1163 1968 1208 2017 est
1226 1959 1315 2017 nobis
1334 1957 1383 2016 ali·

331 2067 429 2135 quota,
450 2067 479 2115 et
503 2056 559 2115 alia
581 2057 752 2116 sensibiliter
777 2057 913 2133 aliquota,
935 2067 964 2115 et
986 2057 1028 2116 sic
1051 2055 1268 2132 distinguuntur
1288 2066 1384 2133 partes

332 2154 610 2214 commensurabiles
638 2165 666 2213 et
694 2166 792 2232 partes
820 2154 1139 2214 incommensurabiles.
1196 2153 1384 2213 Indivisibilia

333 2260 430 2310 autem
452 2268 513 2309 non
535 2261 602 2309 sunt
623 2262 721 2327 partes
747 2253 891 2330 aliquotae
913 2261 942 2311 et
964 2251 1243 2311 commensurabiles
1265 2270 1326 2329 quo
1347 2252 1384 2310 ad

333 2365 388 2406 nos
403 2347 545 2406 sensibilis
563 2350 701 2420 continui,
718 2359 785 2409 sunt
804 2360 901 2409 autem
916 2361 1012 2427 partes
1027 2351 1173 2427 aliquotae
1187 2359 1218 2410 et
1231 2367 1384 2409 commen-

333 2445 471 2505 surabiles
492 2464 552 2523 quo
573 2445 611 2505 ad
633 2447 739 2506 Deum.
781 2448 958 2524 Exemplum
979 2457 1058 2524 patet
1080 2448 1117 2507 de
1138 2447 1248 2526 angulo
1270 2449 1383 2507 mutin-

332 2545 455 2622 gentiae,
471 2546 521 2621 qui
535 2546 670 2622 quotiens
685 2546 808 2605 volueris
821 2547 852 2604 in
867 2547 975 2622 angulo
995 2546 1142 2606 rectilineo
1162 2546 1337 2617 continetur,
1351 2555 1383 2604 nt

333 2653 411 2720 patet
425 2643 454 2701 in
468 2643 553 2702 tertio
568 2643 778 2702 elementorum
792 2642 946 2714 Euclidis]
961 2655 990 2703 et
1004 2655 1103 2703 tamen
1118 2653 1228 2703 certum
1244 2655 1297 2714 est,
1313 2662 1384 2720 quo

334 2739 542 2815 modocunque
556 2740 711 2816 loquamur
725 2740 761 2799 de
776 2741 913 2818 angulis⁸,
928 2742 1051 2819 angulus
1067 2742 1300 2818 contingentiae’
1315 2761 1385 2801 con·

332 2837 438 2894 tinetur
451 2837 481 2893 in
503 2855 679 2914 quocunque
700 2840 809 2916 angulo
828 2840 975 2899 rectilineo
997 2842 1091 2900 solum
1114 2840 1252 2900 finicies¹⁰
1266 2858 1327 2918 quo
1348 2840 1385 2899 ad

333 2932 439 2991 Deum.
485 2934 523 2993 Et
542 2953 602 3011 quo
622 2936 660 2994 ad
678 2938 922 3013 compositionem
942 2939 1022 2998 orbis
1040 2938 1132 2997 ultimi
1152 2957 1186 2997 ac
1203 2939 1269 3016 ejus
1284 2956 1385 2998 curva-

332 3032 442 3089 tionem
457 3033 486 3089 in
502 3051 555 3091 sua
570 3034 810 3104 circumferentia,
827 3046 937 3094 certum
954 3035 1093 3113 estquod
1110 3036 1187 3113 jacet
1208 3038 1386 3113 compositio

335 3129 496 3188 secundum
511 3132 592 3207 quod
606 3149 659 3207 per
672 3143 804 3191 naturam
820 3133 1035 3192 indivisibilium
1054 3145 1244 3193 mensuratur.
1289 3134 1388 3194 Modi-

333 3245 400 3286 cum
416 3227 535 3305 quidem
549 3240 601 3298 est,
617 3231 698 3305 quod
719 3248 811 3288 unum
832 3249 885 3307 per
899 3249 1066 3291 mensuram
1080 3231 1283 3291 indivisibilem
1304 3251 1388 3292 exce·

332 3325 397 3385 dit¹¹
411 3327 552 3403 reliquum
564 3345 623 3404 quo
638 3328 675 3386 ad
686 3328 925 3404 magnitudinem,
937 3329 1136 3406 obliquitatem
1142 3329 1172 3399 ¹²,
1182 3331 1352 3390 curvitatem
1358 3329 1387 3401 ¹³,

331 3423 375 3482 vel
399 3425 469 3485 alias
488 3425 655 3503 huJusmodi
674 3428 835 3503 passiones.
878 3427 942 3486 Nec
964 3438 1080 3505 oportet
1099 3427 1222 3486 multum
1242 3429 1387 3488 sollicitari

366 3687 373 3715 ¹
391 3687 590 3752 methaphisieis]
602 3688 790 3744 mathematicis,
803 3689 869 3738 nt).
976 3688 985 3718 ²
1001 3688 1192 3755 methaphisioa]
1204 3689 1388 3746 mathematioa.

335 3751 402 3801 Α.Ι).
469 3753 535 3817 sut]
543 3768 597 3807 nec,
606 3754 645 3803 ed.
657 3771 694 3817 pr.
764 3754 893 3818 ‘assoles]
902 3753 1045 3809 confundas,
1058 3755 1095 3811 13..
1104 3757 1135 3803 Α.
1147 3755 1243 3819 primae
1252 3772 1349 3811 manus.
1361 3757 1390 3806 C.

332 3817 453 3866 secundae
465 3834 560 3867 manus.
675 3821 685 3846 ⁵
701 3819 880 3883 mathematici]
892 3820 1071 3885 meibaptistci,
1083 3820 1121 3869 ed.
1134 3835 1171 3884 pr.
1183 3836 1240 3869 curn
1253 3821 1283 3870 C.
1295 3823 1389 3886 prinue

332 3898 427 3931 manus.
551 3883 682 3948 ‘excedit]
714 3886 814 3937 rocedit.
826 3885 864 3934 ed.
874 3901 911 3949 pr.
1051 3884 1254 3934 ⁷elementorum
1266 3886 1387 3950 Euclidis]

331 3947 489 3997 elenchorum
501 3948 636 3997 secundum
648 3901 783 4003 Euc]idem.
795 3950 833 3999 ed.
847 3966 884 4014 pr.
957 3950 966 3977 ⁸
983 3949 1112 4014 loquamur
1123 3951 1155 3999 de
1165 3950 1276 4015 angulis]
1288 3951 1389 4016 loquan-

331 4022 371 4061 tur
382 4013 414 4062 de
425 4013 525 4076 angulo,
538 4015 576 4064 ed.
588 4029 625 4077 pr.
691 4015 701 4043 ⁹
717 4014 912 4078 contingentiae]
926 4015 1098 4072 continentiae,
1107 4016 1145 4064 ed.
1157 4032 1194 4080 pr.
1262 4015 1282 4045 ¹⁰
1299 4017 1389 4066 fiuieies

331 4077 379 4127 he.
392 4077 466 4126 linitis
483 4078 585 4133 vicibus.
598 4094 617 4128 s.
630 4079 655 4127 in
672 4095 800 4129 numerum
818 4079 921 4134 linitum.
933 4080 1001 4129 verbi
1016 4079 1095 4129 forma
1107 4081 1181 4129 simili
1193 4081 1276 4130 verbis
1289 4083 1389 4137 ‘deciea

332 4142 492 4199 milliestetn
575 4144 592 4172 ¹¹
609 4145 715 4209 excedit]
728 4145 837 4202 excedat,
850 4145 883 4194 D.
982 4145 1000 4174 ¹²
1016 4145 1199 4209 obliquitatem]
1213 4146 1389 4210 obliquantem.

332 4207 370 4254 ed.
382 4223 418 4269 pr.
519 4207 536 4236 ¹³
554 4209 709 4274 curvitatem]
722 4211 884 4266 curvedinem,
895 4210 933 4260 ed.
946 4227 990 4273 pr..
1003 4210 1033 4259 C.
1045 4211 1138 4274 primae
1150 4226 1245 4265 manus,
1258 4211 1292 4260 D.
