<?xml version="1.0" encoding="UTF-8"?>
<!DOCTYPE html PUBLIC "-//W3C//DTD XHTML 1.0 Transitional//EN"
    "http://www.w3.org/TR/xhtml1/DTD/xhtml1-transitional.dtd">
<html xmlns="http://www.w3.org/1999/xhtml" xml:lang="en" lang="en">
 <head>
  <title>
</title>
<meta http-equiv="Content-Type" content="text/html;charset=utf-8" />
  <meta name='ocr-system' content='tesseract 3.04.00' />
  <meta name='ocr-capabilities' content='ocr_page ocr_carea ocr_par ocr_line ocrx_word'/>
</head>
<body>
  <div class='ocr_page' id='page_1' title='image "./trialoguscumsup00lechgoog_0398.png"; bbox 0 0 2864 4836; ppageno 0'>
   <div class='ocr_carea' id='block_1_1' title="bbox 144 340 1400 368">
    <p class='ocr_par' dir='ltr' id='par_1_1' title="bbox 144 340 1400 368">
     <span class='ocr_line' id='line_1_1' title="bbox 144 340 1400 368; baseline 0.006 -18"><span class='ocrx_word' id='word_1_1' title='bbox 144 340 1400 368; x_wconf 73' lang='lat'><em>——-————-—-———-—-—---—........</em></span> 
     </span>
    </p>
   </div>
   <div class='ocr_carea' id='block_1_2' title="bbox 138 456 1337 550">
    <p class='ocr_par' dir='ltr' id='par_1_2' title="bbox 138 456 1337 550">
     <span class='ocr_line' id='line_1_2' title="bbox 138 456 1337 550; baseline 0.013 -38"><span class='ocrx_word' id='word_1_2' title='bbox 138 475 235 520; x_wconf 56' lang='lat' dir='ltr'>cnm</span> <span class='ocrx_word' id='word_1_3' title='bbox 500 456 841 521; x_wconf 77' lang='lat' dir='ltr'><em>TRIALOGUS.</em></span> <span class='ocrx_word' id='word_1_4' title='bbox 1272 465 1337 550; x_wconf 82' lang='lat'>385</span> 
     </span>
    </p>
   </div>
   <div class='ocr_carea' id='block_1_3' title="bbox 137 613 1193 1575">
    <p class='ocr_par' dir='ltr' id='par_1_3' title="bbox 137 613 1193 1575">
     <span class='ocr_line' id='line_1_3' title="bbox 139 613 1192 702; baseline 0.016 -31"><span class='ocrx_word' id='word_1_5' title='bbox 139 613 199 672; x_wconf 79' lang='lat' dir='ltr'>sati</span> <span class='ocrx_word' id='word_1_6' title='bbox 219 613 333 674; x_wconf 83' lang='lat' dir='ltr'>suenrut</span> <span class='ocrx_word' id='word_1_7' title='bbox 352 634 421 675; x_wconf 89' lang='lat' dir='ltr'>cum</span> <span class='ocrx_word' id='word_1_8' title='bbox 436 618 691 679; x_wconf 77' lang='lat' dir='ltr'>‘circumcisione&#39;</span> <span class='ocrx_word' id='word_1_9' title='bbox 734 620 799 681; x_wconf 91' lang='lat' dir='ltr'>Nec</span> <span class='ocrx_word' id='word_1_10' title='bbox 817 621 937 682; x_wconf 89' lang='lat' dir='ltr'>dubium</span> <span class='ocrx_word' id='word_1_11' title='bbox 952 628 1023 702; x_wconf 90' lang='lat' dir='ltr'>quin</span> <span class='ocrx_word' id='word_1_12' title='bbox 1043 628 1072 686; x_wconf 90' lang='lat' dir='ltr'>hi</span> <span class='ocrx_word' id='word_1_13' title='bbox 1090 628 1192 688; x_wconf 85' lang='lat' dir='ltr'>iratres</span> 
     </span>
     <span class='ocr_line' id='line_1_4' title="bbox 139 711 1192 800; baseline 0.014 -29"><span class='ocrx_word' id='word_1_14' title='bbox 139 711 232 772; x_wconf 81' lang='lat' dir='ltr'>nimis</span> <span class='ocrx_word' id='word_1_15' title='bbox 251 716 444 774; x_wconf 89' lang='lat' dir='ltr'>communiter</span> <span class='ocrx_word' id='word_1_16' title='bbox 462 726 522 774; x_wconf 91' lang='lat' dir='ltr'>tam</span> <span class='ocrx_word' id='word_1_17' title='bbox 537 716 668 778; x_wconf 84' lang='lat' dir='ltr'>‘domos&#39;</span> <span class='ocrx_word' id='word_1_18' title='bbox 686 721 852 796; x_wconf 86' lang='lat' dir='ltr'>corporales</span> <span class='ocrx_word' id='word_1_19' title='bbox 872 724 1076 800; x_wconf 82' lang='lat' dir='ltr'><strong>temporalium</strong></span> <span class='ocrx_word' id='word_1_20' title='bbox 1097 726 1192 785; x_wconf 89' lang='lat' dir='ltr'>domi·</span> 
     </span>
     <span class='ocr_line' id='line_1_5' title="bbox 140 813 1192 902; baseline 0.014 -33"><span class='ocrx_word' id='word_1_21' title='bbox 140 826 250 871; x_wconf 87' lang='lat' dir='ltr'>norum</span> <span class='ocrx_word' id='word_1_22' title='bbox 264 829 354 889; x_wconf 88' lang='lat' dir='ltr'>quam</span> <span class='ocrx_word' id='word_1_23' title='bbox 369 813 475 872; x_wconf 92' lang='lat' dir='ltr'>domos</span> <span class='ocrx_word' id='word_1_24' title='bbox 486 815 647 891; x_wconf 86' lang='lat' dir='ltr'>spirituales</span> <span class='ocrx_word' id='word_1_25' title='bbox 659 819 860 889; x_wconf 74' lang='lat' dir='ltr'>‘subvertunt&#39;</span> <span class='ocrx_word' id='word_1_26' title='bbox 872 820 1012 881; x_wconf 87' lang='lat' dir='ltr'>docentes</span> <span class='ocrx_word' id='word_1_27' title='bbox 1023 825 1192 902; x_wconf 88' lang='lat' dir='ltr'>apocrypha</span> 
     </span>
     <span class='ocr_line' id='line_1_6' title="bbox 140 909 1192 1000; baseline 0.015 -34"><span class='ocrx_word' id='word_1_28' title='bbox 140 916 233 984; x_wconf 74' lang='lat' dir='ltr'>atque</span> <span class='ocrx_word' id='word_1_29' title='bbox 261 909 384 970; x_wconf 88' lang='lat' dir='ltr'>ludicra¹</span> <span class='ocrx_word' id='word_1_30' title='bbox 411 922 531 989; x_wconf 90' lang='lat' dir='ltr'>propter</span> <span class='ocrx_word' id='word_1_31' title='bbox 558 923 719 990; x_wconf 90' lang='lat' dir='ltr'>quaestum.</span> <span class='ocrx_word' id='word_1_32' title='bbox 771 916 843 976; x_wconf 92' lang='lat' dir='ltr'>Ideo</span> <span class='ocrx_word' id='word_1_33' title='bbox 871 935 939 977; x_wconf 90' lang='lat' dir='ltr'>cum</span> <span class='ocrx_word' id='word_1_34' title='bbox 967 932 1082 996; x_wconf 84' lang='lat' dir='ltr'>oportet</span> <span class='ocrx_word' id='word_1_35' title='bbox 1109 924 1192 1000; x_wconf 92' lang='lat' dir='ltr'>ipsos</span> 
     </span>
     <span class='ocr_line' id='line_1_7' title="bbox 139 1006 1192 1096; baseline 0.015 -32"><span class='ocrx_word' id='word_1_36' title='bbox 139 1006 287 1084; x_wconf 79' lang='lat' dir='ltr'>redargui,</span> <span class='ocrx_word' id='word_1_37' title='bbox 301 1007 388 1067; x_wconf 93' lang='lat' dir='ltr'>debet</span> <span class='ocrx_word' id='word_1_38' title='bbox 409 1010 569 1069; x_wconf 90' lang='lat' dir='ltr'>secundum</span> <span class='ocrx_word' id='word_1_39' title='bbox 591 1010 716 1070; x_wconf 88' lang='lat' dir='ltr'>formam</span> <span class='ocrx_word' id='word_1_40' title='bbox 738 1015 929 1090; x_wconf 88' lang='lat' dir='ltr'>apostolicam</span> <span class='ocrx_word' id='word_1_41' title='bbox 951 1023 1090 1095; x_wconf 81' lang='lat' dir='ltr'>‘arguere</span> <span class='ocrx_word' id='word_1_42' title='bbox 1111 1021 1192 1096; x_wconf 93' lang='lat' dir='ltr'>ipsos</span> 
     </span>
     <span class='ocr_line' id='line_1_8' title="bbox 140 1102 1191 1189; baseline 0.013 -26"><span class='ocrx_word' id='word_1_43' title='bbox 140 1102 246 1175; x_wconf 81' lang='lat' dir='ltr'>dure3&#39;</span> <span class='ocrx_word' id='word_1_44' title='bbox 277 1116 306 1165; x_wconf 92' lang='lat' dir='ltr'>et</span> <span class='ocrx_word' id='word_1_45' title='bbox 330 1125 398 1165; x_wconf 91' lang='lat' dir='ltr'>curn</span> <span class='ocrx_word' id='word_1_46' title='bbox 422 1117 536 1167; x_wconf 90' lang='lat' dir='ltr'>tantum</span> <span class='ocrx_word' id='word_1_47' title='bbox 559 1108 589 1166; x_wconf 91' lang='lat' dir='ltr'>iu</span> <span class='ocrx_word' id='word_1_48' title='bbox 614 1109 672 1171; x_wconf 86' lang='lat' dir='ltr'>fide</span> <span class='ocrx_word' id='word_1_49' title='bbox 697 1109 845 1182; x_wconf 89' lang='lat' dir='ltr'>fluctuant,</span> <span class='ocrx_word' id='word_1_50' title='bbox 868 1114 1009 1175; x_wconf 88' lang='lat' dir='ltr'>debemus</span> <span class='ocrx_word' id='word_1_51' title='bbox 1033 1117 1191 1189; x_wconf 84' lang='lat' dir='ltr'>intendere,</span> 
     </span>
     <span class='ocr_line' id='line_1_9' title="bbox 139 1201 1193 1292; baseline 0.014 -33"><span class='ocrx_word' id='word_1_52' title='bbox 139 1201 226 1279; x_wconf 90' lang='lat' dir='ltr'>quod</span> <span class='ocrx_word' id='word_1_53' title='bbox 238 1220 276 1261; x_wconf 88' lang='lat' dir='ltr'>ex</span> <span class='ocrx_word' id='word_1_54' title='bbox 292 1215 392 1262; x_wconf 86' lang='lat' dir='ltr'>nostra</span> <span class='ocrx_word' id='word_1_55' title='bbox 405 1205 607 1282; x_wconf 74' lang='lat' dir='ltr'>reprobatione</span> <span class='ocrx_word' id='word_1_56' title='bbox 623 1207 757 1267; x_wconf 86' lang='lat' dir='ltr'>‘stabiles</span> <span class='ocrx_word' id='word_1_57' title='bbox 772 1211 828 1268; x_wconf 91' lang='lat' dir='ltr'>sint</span> <span class='ocrx_word' id='word_1_58' title='bbox 842 1213 873 1269; x_wconf 90' lang='lat' dir='ltr'>in</span> <span class='ocrx_word' id='word_1_59' title='bbox 888 1213 944 1272; x_wconf 83' lang='lat' dir='ltr'>fide</span> <span class='ocrx_word' id='word_1_60' title='bbox 952 1214 970 1285; x_wconf 89' lang='lat'>;&#39;</span> <span class='ocrx_word' id='word_1_61' title='bbox 998 1218 1137 1292; x_wconf 88' lang='lat' dir='ltr'>aquibus</span> <span class='ocrx_word' id='word_1_62' title='bbox 1153 1217 1193 1276; x_wconf 80' lang='lat' dir='ltr'>si²</span> 
     </span>
     <span class='ocr_line' id='line_1_10' title="bbox 140 1299 1192 1383; baseline 0.015 -25"><span class='ocrx_word' id='word_1_63' title='bbox 140 1299 250 1375; x_wconf 80' lang='lat' dir='ltr'>ignave</span> <span class='ocrx_word' id='word_1_64' title='bbox 275 1300 448 1372; x_wconf 85' lang='lat' dir='ltr'>desistimus,</span> <span class='ocrx_word' id='word_1_65' title='bbox 476 1305 624 1363; x_wconf 86' lang='lat' dir='ltr'>caritatem</span> <span class='ocrx_word' id='word_1_66' title='bbox 650 1305 755 1365; x_wconf 88' lang='lat' dir='ltr'>Christi</span> <span class='ocrx_word' id='word_1_67' title='bbox 780 1309 919 1368; x_wconf 91' lang='lat' dir='ltr'>ecclesiae</span> <span class='ocrx_word' id='word_1_68' title='bbox 944 1330 1023 1383; x_wconf 87' lang='lat' dir='ltr'>suae,</span> <span class='ocrx_word' id='word_1_69' title='bbox 1045 1314 1105 1372; x_wconf 93' lang='lat' dir='ltr'>imo</span> <span class='ocrx_word' id='word_1_70' title='bbox 1128 1332 1192 1374; x_wconf 91' lang='lat' dir='ltr'>sec·</span> 
     </span>
     <span class='ocr_line' id='line_1_11' title="bbox 139 1398 1193 1470; baseline 0.016 -16"><span class='ocrx_word' id='word_1_71' title='bbox 139 1405 238 1455; x_wconf 82' lang='lat' dir='ltr'>tarum</span> <span class='ocrx_word' id='word_1_72' title='bbox 253 1398 370 1457; x_wconf 81' lang='lat' dir='ltr'>istarum</span> <span class='ocrx_word' id='word_1_73' title='bbox 385 1399 564 1460; x_wconf 85' lang='lat' dir='ltr'>dimittimus.</span> <span class='ocrx_word' id='word_1_74' title='bbox 606 1401 644 1461; x_wconf 86' lang='lat' dir='ltr'>Et</span> <span class='ocrx_word' id='word_1_75' title='bbox 657 1403 749 1462; x_wconf 81' lang='lat' dir='ltr'>istud³</span> <span class='ocrx_word' id='word_1_76' title='bbox 763 1405 873 1464; x_wconf 87' lang='lat' dir='ltr'>videtur</span> <span class='ocrx_word' id='word_1_77' title='bbox 893 1408 963 1465; x_wconf 89' lang='lat' dir='ltr'>mihi</span> <span class='ocrx_word' id='word_1_78' title='bbox 983 1409 1149 1470; x_wconf 86' lang='lat' dir='ltr'>damnabile</span> <span class='ocrx_word' id='word_1_79' title='bbox 1164 1424 1193 1470; x_wconf 89' lang='lat' dir='ltr'>et</span> 
     </span>
     <span class='ocr_line' id='line_1_12' title="bbox 137 1493 858 1575; baseline 0.017 -24"><span class='ocrx_word' id='word_1_80' title='bbox 137 1510 204 1572; x_wconf 89' lang='lat' dir='ltr'>quo</span> <span class='ocrx_word' id='word_1_81' title='bbox 219 1494 257 1554; x_wconf 89' lang='lat' dir='ltr'>ad</span> <span class='ocrx_word' id='word_1_82' title='bbox 271 1493 423 1572; x_wconf 78' lang='lat' dir='ltr'>regaliam⁴</span> <span class='ocrx_word' id='word_1_83' title='bbox 438 1496 544 1561; x_wconf 86' lang='lat' dir='ltr'>Christi</span> <span class='ocrx_word' id='word_1_84' title='bbox 557 1500 683 1575; x_wconf 91' lang='lat' dir='ltr'>proditio</span> <span class='ocrx_word' id='word_1_85' title='bbox 697 1502 858 1566; x_wconf 82' lang='lat' dir='ltr'>manifesta.</span> 
     </span>
    </p>
   </div>
   <div class='ocr_carea' id='block_1_4' title="bbox 540 1985 798 2044">
    <p class='ocr_par' dir='ltr' id='par_1_4' title="bbox 540 1985 798 2044">
     <span class='ocr_line' id='line_1_13' title="bbox 540 1985 798 2044; baseline 0 0"><span class='ocrx_word' id='word_1_86' title='bbox 540 1985 634 2044; x_wconf 82' lang='lat' dir='ltr'><strong>CAP.</strong></span> <span class='ocrx_word' id='word_1_87' title='bbox 657 1985 798 2044; x_wconf 90' lang='lat' dir='ltr'>XXXIX.</span> 
     </span>
    </p>
   </div>
   <div class='ocr_carea' id='block_1_5' title="bbox 312 2128 1028 2306">
    <p class='ocr_par' dir='ltr' id='par_1_5' title="bbox 312 2128 1028 2306">
     <span class='ocr_line' id='line_1_14' title="bbox 312 2128 1028 2210; baseline 0.007 -23"><span class='ocrx_word' id='word_1_88' title='bbox 312 2128 357 2188; x_wconf 87' lang='lat' dir='ltr'>De</span> <span class='ocrx_word' id='word_1_89' title='bbox 372 2131 452 2189; x_wconf 83' lang='lat' dir='ltr'>rebus</span> <span class='ocrx_word' id='word_1_90' title='bbox 467 2134 631 2203; x_wconf 76' lang='lat' dir='ltr'>novrisiim&#39;s,</span> <span class='ocrx_word' id='word_1_91' title='bbox 647 2141 674 2191; x_wconf 83' lang='lat' dir='ltr'>et</span> <span class='ocrx_word' id='word_1_92' title='bbox 680 2133 774 2210; x_wconf 78' lang='lat' dir='ltr'>primo</span> <span class='ocrx_word' id='word_1_93' title='bbox 788 2134 818 2191; x_wconf 85' lang='lat' dir='ltr'>de</span> <span class='ocrx_word' id='word_1_94' title='bbox 832 2136 1028 2192; x_wconf 81' lang='lat' dir='ltr'>resurrectrbne</span> 
     </span>
     <span class='ocr_line' id='line_1_15' title="bbox 525 2230 816 2306; baseline 0.003 -19"><span class='ocrx_word' id='word_1_95' title='bbox 525 2237 693 2288; x_wconf 78' lang='lat' dir='ltr'>mortuorum</span> <span class='ocrx_word' id='word_1_96' title='bbox 697 2230 816 2306; x_wconf 82' lang='lat' dir='ltr'>sutura.</span> 
     </span>
    </p>
   </div>
   <div class='ocr_carea' id='block_1_6' title="bbox 141 2385 1384 3934">
    <p class='ocr_par' dir='ltr' id='par_1_6' title="bbox 141 2385 1195 3054">
     <span class='ocr_line' id='line_1_16' title="bbox 186 2385 1194 2465; baseline 0.003 -21"><span class='ocrx_word' id='word_1_97' title='bbox 186 2385 307 2445; x_wconf 63' lang='lat' dir='ltr'>Attrita.</span> <span class='ocrx_word' id='word_1_98' title='bbox 350 2386 449 2446; x_wconf 76' lang='lat' dir='ltr'>Bone⁶</span> <span class='ocrx_word' id='word_1_99' title='bbox 477 2386 571 2460; x_wconf 84' lang='lat' dir='ltr'>irater,</span> <span class='ocrx_word' id='word_1_100' title='bbox 598 2406 701 2465; x_wconf 91' lang='lat' dir='ltr'>posses</span> <span class='ocrx_word' id='word_1_101' title='bbox 728 2391 758 2447; x_wconf 92' lang='lat' dir='ltr'>in</span> <span class='ocrx_word' id='word_1_102' title='bbox 786 2390 840 2448; x_wconf 90' lang='lat' dir='ltr'>ista</span> <span class='ocrx_word' id='word_1_103' title='bbox 867 2391 987 2448; x_wconf 89' lang='lat' dir='ltr'>materia</span> <span class='ocrx_word' id='word_1_104' title='bbox 1015 2389 1194 2448; x_wconf 89' lang='lat' dir='ltr'>contendere</span> 
     </span>
     <span class='ocr_line' id='line_1_17' title="bbox 147 2483 1193 2563; baseline 0.001 -21"><span class='ocrx_word' id='word_1_105' title='bbox 147 2483 237 2543; x_wconf 88' lang='lat' dir='ltr'>nimis</span> <span class='ocrx_word' id='word_1_106' title='bbox 259 2485 317 2557; x_wconf 92' lang='lat' dir='ltr'>diu,</span> <span class='ocrx_word' id='word_1_107' title='bbox 339 2486 421 2544; x_wconf 73' lang='lat' dir='ltr'>ideo‘</span> <span class='ocrx_word' id='word_1_108' title='bbox 442 2503 516 2562; x_wconf 82' lang='lat' dir='ltr'>rogo</span> <span class='ocrx_word' id='word_1_109' title='bbox 536 2497 568 2546; x_wconf 92' lang='lat' dir='ltr'>ut</span> <span class='ocrx_word' id='word_1_110' title='bbox 588 2486 696 2563; x_wconf 86' lang='lat' dir='ltr'>aliquid</span> <span class='ocrx_word' id='word_1_111' title='bbox 717 2486 797 2546; x_wconf 89' lang='lat' dir='ltr'>dicas</span> <span class='ocrx_word' id='word_1_112' title='bbox 817 2488 847 2544; x_wconf 80' lang='lat' dir='ltr'>de</span> <span class='ocrx_word' id='word_1_113' title='bbox 867 2493 941 2544; x_wconf 77' lang='lat' dir='ltr'>statu</span> <span class='ocrx_word' id='word_1_114' title='bbox 962 2487 1081 2544; x_wconf 81' lang='lat' dir='ltr'>homim&#39;s</span> <span class='ocrx_word' id='word_1_115' title='bbox 1105 2504 1193 2562; x_wconf 94' lang='lat' dir='ltr'>quem</span> 
     </span>
     <span class='ocr_line' id='line_1_18' title="bbox 141 2583 1194 2663; baseline -0.002 -18"><span class='ocrx_word' id='word_1_116' title='bbox 141 2587 268 2663; x_wconf 78' lang='lat' dir='ltr'>accipiet</span> <span class='ocrx_word' id='word_1_117' title='bbox 286 2584 560 2661; x_wconf 72' lang='lat' dir='ltr'>portiunculam,</span> <span class='ocrx_word' id='word_1_118' title='bbox 582 2594 611 2643; x_wconf 90' lang='lat' dir='ltr'>et</span> <span class='ocrx_word' id='word_1_119' title='bbox 634 2585 674 2643; x_wconf 93' lang='lat' dir='ltr'>sic</span> <span class='ocrx_word' id='word_1_120' title='bbox 702 2584 738 2644; x_wconf 95' lang='lat' dir='ltr'>de</span> <span class='ocrx_word' id='word_1_121' title='bbox 763 2594 839 2644; x_wconf 90' lang='lat' dir='ltr'>statu</span> <span class='ocrx_word' id='word_1_122' title='bbox 861 2583 1044 2643; x_wconf 83' lang='lat' dir='ltr'>beatitudinis</span> <span class='ocrx_word' id='word_1_123' title='bbox 1065 2594 1094 2643; x_wconf 91' lang='lat' dir='ltr'>et</span> <span class='ocrx_word' id='word_1_124' title='bbox 1118 2594 1194 2643; x_wconf 91' lang='lat' dir='ltr'>statu</span> 
     </span>
     <span class='ocr_line' id='line_1_19' title="bbox 142 2681 1193 2761; baseline -0.004 -18"><span class='ocrx_word' id='word_1_125' title='bbox 142 2693 302 2761; x_wconf 86' lang='lat' dir='ltr'>perpetuae</span> <span class='ocrx_word' id='word_1_126' title='bbox 316 2682 511 2740; x_wconf 90' lang='lat' dir='ltr'>damnationis</span> <span class='ocrx_word' id='word_1_127' title='bbox 525 2681 627 2740; x_wconf 92' lang='lat' dir='ltr'>vellem</span> <span class='ocrx_word' id='word_1_128' title='bbox 642 2682 723 2758; x_wconf 92' lang='lat' dir='ltr'>quod</span> <span class='ocrx_word' id='word_1_129' title='bbox 741 2682 849 2758; x_wconf 82' lang='lat' dir='ltr'>aliquid</span> <span class='ocrx_word' id='word_1_130' title='bbox 869 2681 1037 2741; x_wconf 89' lang='lat' dir='ltr'>declarares.</span> <span class='ocrx_word' id='word_1_131' title='bbox 1080 2681 1193 2754; x_wconf 89' lang='lat' dir='ltr'>Quam·</span> 
     </span>
     <span class='ocr_line' id='line_1_20' title="bbox 141 2780 1194 2851; baseline 0 -12"><span class='ocrx_word' id='word_1_132' title='bbox 141 2780 188 2839; x_wconf 83' lang='lat' dir='ltr'>vis</span> <span class='ocrx_word' id='word_1_133' title='bbox 201 2782 281 2840; x_wconf 91' lang='lat' dir='ltr'>enim</span> <span class='ocrx_word' id='word_1_134' title='bbox 294 2781 363 2840; x_wconf 78' lang='lat' dir='ltr'>iste⁷</span> <span class='ocrx_word' id='word_1_135' title='bbox 376 2780 442 2840; x_wconf 91' lang='lat' dir='ltr'>finis</span> <span class='ocrx_word' id='word_1_136' title='bbox 463 2781 498 2839; x_wconf 91' lang='lat' dir='ltr'>sit</span> <span class='ocrx_word' id='word_1_137' title='bbox 517 2780 633 2838; x_wconf 91' lang='lat' dir='ltr'>ultimus</span> <span class='ocrx_word' id='word_1_138' title='bbox 655 2781 684 2838; x_wconf 93' lang='lat' dir='ltr'>in</span> <span class='ocrx_word' id='word_1_139' title='bbox 706 2781 886 2851; x_wconf 86' lang='lat' dir='ltr'>executione,</span> <span class='ocrx_word' id='word_1_140' title='bbox 902 2781 988 2839; x_wconf 91' lang='lat' dir='ltr'>debet</span> <span class='ocrx_word' id='word_1_141' title='bbox 1009 2790 1108 2839; x_wconf 88' lang='lat' dir='ltr'>tamen</span> <span class='ocrx_word' id='word_1_142' title='bbox 1129 2798 1194 2840; x_wconf 90' lang='lat' dir='ltr'>esse</span> 
     </span>
     <span class='ocr_line' id='line_1_21' title="bbox 142 2878 1195 2957; baseline -0.001 -20"><span class='ocrx_word' id='word_1_143' title='bbox 142 2878 319 2957; x_wconf 88' lang='lat' dir='ltr'>praecipuus</span> <span class='ocrx_word' id='word_1_144' title='bbox 332 2887 361 2937; x_wconf 91' lang='lat' dir='ltr'>et</span> <span class='ocrx_word' id='word_1_145' title='bbox 374 2878 485 2955; x_wconf 90' lang='lat' dir='ltr'>primus</span> <span class='ocrx_word' id='word_1_146' title='bbox 498 2878 529 2935; x_wconf 93' lang='lat' dir='ltr'>in</span> <span class='ocrx_word' id='word_1_147' title='bbox 543 2879 712 2948; x_wconf 90' lang='lat' dir='ltr'>intentione,</span> <span class='ocrx_word' id='word_1_148' title='bbox 727 2879 846 2937; x_wconf 85' lang='lat' dir='ltr'>eumad</span> <span class='ocrx_word' id='word_1_149' title='bbox 861 2879 950 2938; x_wconf 89' lang='lat' dir='ltr'>finem</span> <span class='ocrx_word' id='word_1_150' title='bbox 969 2878 1038 2938; x_wconf 92' lang='lat' dir='ltr'>illud</span> <span class='ocrx_word' id='word_1_151' title='bbox 1053 2879 1195 2938; x_wconf 87' lang='lat' dir='ltr'>debemus</span> 
     </span>
     <span class='ocr_line' id='line_1_22' title="bbox 144 2974 991 3054; baseline 0.001 -19"><span class='ocrx_word' id='word_1_152' title='bbox 144 2986 238 3035; x_wconf 89' lang='lat' dir='ltr'>totam</span> <span class='ocrx_word' id='word_1_153' title='bbox 251 2977 341 3035; x_wconf 89' lang='lat' dir='ltr'>vitam</span> <span class='ocrx_word' id='word_1_154' title='bbox 355 2975 455 3034; x_wconf 83' lang='lat' dir='ltr'>istam⁸</span> <span class='ocrx_word' id='word_1_155' title='bbox 470 2985 498 3034; x_wconf 91' lang='lat' dir='ltr'>et</span> <span class='ocrx_word' id='word_1_156' title='bbox 511 2974 641 3035; x_wconf 88' lang='lat' dir='ltr'>laborem</span> <span class='ocrx_word' id='word_1_157' title='bbox 655 2976 824 3052; x_wconf 91' lang='lat' dir='ltr'>prudentius</span> <span class='ocrx_word' id='word_1_158' title='bbox 838 2978 991 3054; x_wconf 89' lang='lat' dir='ltr'>applicare.</span> 
     </span>
    </p>

    <p class='ocr_par' dir='ltr' id='par_1_7' title="bbox 143 3072 1384 3934">
     <span class='ocr_line' id='line_1_23' title="bbox 186 3072 1368 3151; baseline -0.001 -18"><span class='ocrx_word' id='word_1_159' title='bbox 186 3073 351 3136; x_wconf 74' lang='lat' dir='ltr'>Phrenesis.</span> <span class='ocrx_word' id='word_1_160' title='bbox 395 3072 559 3133; x_wconf 89' lang='lat' dir='ltr'>Considero</span> <span class='ocrx_word' id='word_1_161' title='bbox 580 3074 661 3149; x_wconf 94' lang='lat' dir='ltr'>quod</span> <span class='ocrx_word' id='word_1_162' title='bbox 684 3084 805 3133; x_wconf 90' lang='lat' dir='ltr'>cunctae</span> <span class='ocrx_word' id='word_1_163' title='bbox 826 3086 973 3133; x_wconf 83' lang='lat' dir='ltr'>creaturae</span> <span class='ocrx_word' id='word_1_164' title='bbox 994 3074 1051 3133; x_wconf 94' lang='lat' dir='ltr'>Dei</span> <span class='ocrx_word' id='word_1_165' title='bbox 1071 3086 1195 3151; x_wconf 92' lang='lat' dir='ltr'>prosunt</span> <span class='ocrx_word' id='word_1_166' title='bbox 1241 3109 1258 3148; x_wconf 51' lang='lat' dir='ltr'>‚u</span> <span class='ocrx_word' id='word_1_167' title='bbox 1290 3107 1319 3132; x_wconf 65' lang='grc' dir='ltr'>η</span> <span class='ocrx_word' id='word_1_168' title='bbox 1361 3115 1368 3124; x_wconf 83' lang='lat'><strong>·</strong></span> 
     </span>
     <span class='ocr_line' id='line_1_24' title="bbox 143 3157 1384 3255; baseline 0.001 -24"><span class='ocrx_word' id='word_1_169' title='bbox 143 3181 284 3248; x_wconf 87' lang='lat' dir='ltr'>acceptae</span> <span class='ocrx_word' id='word_1_170' title='bbox 311 3173 342 3229; x_wconf 90' lang='lat' dir='ltr'>in</span> <span class='ocrx_word' id='word_1_171' title='bbox 371 3172 430 3230; x_wconf 90' lang='lat' dir='ltr'>suis</span> <span class='ocrx_word' id='word_1_172' title='bbox 457 3170 608 3229; x_wconf 91' lang='lat' dir='ltr'>ordinibus</span> <span class='ocrx_word' id='word_1_173' title='bbox 615 3189 624 3242; x_wconf 88' lang='lat'>;</span> <span class='ocrx_word' id='word_1_174' title='bbox 660 3180 689 3229; x_wconf 90' lang='lat' dir='ltr'>et</span> <span class='ocrx_word' id='word_1_175' title='bbox 717 3172 758 3230; x_wconf 91' lang='lat' dir='ltr'>sic</span> <span class='ocrx_word' id='word_1_176' title='bbox 786 3171 903 3247; x_wconf 90' lang='lat' dir='ltr'>quilibet</span> <span class='ocrx_word' id='word_1_177' title='bbox 933 3182 1069 3232; x_wconf 86' lang='lat' dir='ltr'>tractatus</span> <span class='ocrx_word' id='word_1_178' title='bbox 1095 3183 1194 3232; x_wconf 88' lang='lat' dir='ltr'>noster</span> <span class='ocrx_word' id='word_1_179' title='bbox 1227 3157 1384 3255; x_wconf 45' lang='lat' dir='ltr'>„fffigmmegqfr</span> 
     </span>
     <span class='ocr_line' id='line_1_25' title="bbox 144 3268 1313 3345; baseline 0 -16"><span class='ocrx_word' id='word_1_180' title='bbox 144 3269 258 3329; x_wconf 91' lang='lat' dir='ltr'>videtur</span> <span class='ocrx_word' id='word_1_181' title='bbox 271 3269 342 3328; x_wconf 90' lang='lat' dir='ltr'>mihi</span> <span class='ocrx_word' id='word_1_182' title='bbox 362 3269 469 3328; x_wconf 89' lang='lat' dir='ltr'>debere</span> <span class='ocrx_word' id='word_1_183' title='bbox 488 3268 573 3327; x_wconf 92' lang='lat' dir='ltr'>nobis</span> <span class='ocrx_word' id='word_1_184' title='bbox 592 3268 734 3345; x_wconf 86' lang='lat' dir='ltr'>proficere</span> <span class='ocrx_word' id='word_1_185' title='bbox 753 3268 791 3326; x_wconf 90' lang='lat' dir='ltr'>ad</span> <span class='ocrx_word' id='word_1_186' title='bbox 810 3268 1002 3328; x_wconf 90' lang='lat' dir='ltr'>commodum</span> <span class='ocrx_word' id='word_1_187' title='bbox 1016 3279 1045 3328; x_wconf 90' lang='lat' dir='ltr'>et</span> <span class='ocrx_word' id='word_1_188' title='bbox 1059 3271 1194 3329; x_wconf 88' lang='lat' dir='ltr'>consola·</span> <span class='ocrx_word' id='word_1_189' title='bbox 1228 3271 1262 3295; x_wconf 74' lang='lat'>⁶⁸¹¹</span> <span class='ocrx_word' id='word_1_190' title='bbox 1278 3271 1313 3297; x_wconf 51' lang='lat'>¹¹¹¹*</span> 
     </span>
     <span class='ocr_line' id='line_1_26' title="bbox 144 3365 1194 3442; baseline 0.001 -16"><span class='ocrx_word' id='word_1_191' title='bbox 144 3368 267 3440; x_wconf 88' lang='lat' dir='ltr'>tionem,</span> <span class='ocrx_word' id='word_1_192' title='bbox 281 3367 334 3426; x_wconf 91' lang='lat' dir='ltr'>sed</span> <span class='ocrx_word' id='word_1_193' title='bbox 353 3377 489 3426; x_wconf 85' lang='lat' dir='ltr'>tractatus</span> <span class='ocrx_word' id='word_1_194' title='bbox 509 3365 670 3442; x_wconf 83' lang='lat' dir='ltr'>specialiter</span> <span class='ocrx_word' id='word_1_195' title='bbox 689 3365 725 3424; x_wconf 93' lang='lat' dir='ltr'>de</span> <span class='ocrx_word' id='word_1_196' title='bbox 744 3365 789 3424; x_wconf 91' lang='lat' dir='ltr'>his</span> <span class='ocrx_word' id='word_1_197' title='bbox 809 3368 904 3437; x_wconf 88' lang='lat' dir='ltr'>sectis,</span> <span class='ocrx_word' id='word_1_198' title='bbox 920 3385 988 3425; x_wconf 93' lang='lat' dir='ltr'>cum</span> <span class='ocrx_word' id='word_1_199' title='bbox 1008 3368 1077 3426; x_wconf 89' lang='lat' dir='ltr'>certi</span> <span class='ocrx_word' id='word_1_200' title='bbox 1092 3386 1194 3427; x_wconf 90' lang='lat' dir='ltr'>sumus</span> 
     </span>
     <span class='ocr_line' id='line_1_27' title="bbox 144 3463 1193 3542; baseline 0 -18"><span class='ocrx_word' id='word_1_201' title='bbox 144 3465 227 3542; x_wconf 92' lang='lat' dir='ltr'>quod</span> <span class='ocrx_word' id='word_1_202' title='bbox 240 3465 305 3542; x_wconf 93' lang='lat' dir='ltr'>plus</span> <span class='ocrx_word' id='word_1_203' title='bbox 323 3465 431 3523; x_wconf 85' lang='lat' dir='ltr'>instant</span> <span class='ocrx_word' id='word_1_204' title='bbox 449 3481 503 3540; x_wconf 92' lang='lat' dir='ltr'>pro</span> <span class='ocrx_word' id='word_1_205' title='bbox 523 3463 693 3522; x_wconf 85' lang='lat' dir='ltr'>defensione</span> <span class='ocrx_word' id='word_1_206' title='bbox 712 3463 833 3522; x_wconf 91' lang='lat' dir='ltr'>istorum</span> <span class='ocrx_word' id='word_1_207' title='bbox 850 3464 987 3523; x_wconf 91' lang='lat' dir='ltr'>ordinum</span> <span class='ocrx_word' id='word_1_208' title='bbox 1007 3465 1193 3541; x_wconf 88' lang='lat' dir='ltr'>privatorum,</span> 
     </span>
     <span class='ocr_line' id='line_1_28' title="bbox 143 3559 1193 3640; baseline 0 -18"><span class='ocrx_word' id='word_1_209' title='bbox 143 3580 236 3640; x_wconf 91' lang='lat' dir='ltr'>quam</span> <span class='ocrx_word' id='word_1_210' title='bbox 249 3564 358 3622; x_wconf 89' lang='lat' dir='ltr'>instant</span> <span class='ocrx_word' id='word_1_211' title='bbox 371 3580 426 3640; x_wconf 96' lang='lat' dir='ltr'>pro</span> <span class='ocrx_word' id='word_1_212' title='bbox 440 3562 623 3620; x_wconf 88' lang='lat' dir='ltr'>observantia</span> <span class='ocrx_word' id='word_1_213' title='bbox 633 3560 705 3636; x_wconf 86' lang='lat' dir='ltr'>legis</span> <span class='ocrx_word' id='word_1_214' title='bbox 716 3559 788 3633; x_wconf 87' lang='lat' dir='ltr'>Dei;</span> <span class='ocrx_word' id='word_1_215' title='bbox 811 3561 864 3620; x_wconf 92' lang='lat' dir='ltr'>sed</span> <span class='ocrx_word' id='word_1_216' title='bbox 874 3580 949 3638; x_wconf 90' lang='lat' dir='ltr'>quae</span> <span class='ocrx_word' id='word_1_217' title='bbox 964 3563 1058 3639; x_wconf 90' lang='lat' dir='ltr'>major</span> <span class='ocrx_word' id='word_1_218' title='bbox 1072 3564 1193 3633; x_wconf 88' lang='lat' dir='ltr'>insania,</span> 
     </span>
     <span class='ocr_line' id='line_1_29' title="bbox 143 3659 1194 3741; baseline -0.004 -19"><span class='ocrx_word' id='word_1_219' title='bbox 143 3680 235 3741; x_wconf 82' lang='lat' dir='ltr'>quam</span> <span class='ocrx_word' id='word_1_220' title='bbox 260 3663 298 3722; x_wconf 93' lang='lat' dir='ltr'>ad</span> <span class='ocrx_word' id='word_1_221' title='bbox 322 3661 491 3721; x_wconf 90' lang='lat' dir='ltr'>traditiones</span> <span class='ocrx_word' id='word_1_222' title='bbox 514 3659 629 3720; x_wconf 80' lang='lat' dir='ltr'>frivolas</span> <span class='ocrx_word' id='word_1_223' title='bbox 654 3668 766 3718; x_wconf 88' lang='lat' dir='ltr'>tantum</span> <span class='ocrx_word' id='word_1_224' title='bbox 789 3660 945 3731; x_wconf 90' lang='lat' dir='ltr'>attendere,</span> <span class='ocrx_word' id='word_1_225' title='bbox 967 3671 996 3720; x_wconf 92' lang='lat' dir='ltr'>et</span> <span class='ocrx_word' id='word_1_226' title='bbox 1020 3660 1115 3738; x_wconf 81' lang='lat' dir='ltr'>legem</span> <span class='ocrx_word' id='word_1_227' title='bbox 1137 3660 1194 3719; x_wconf 93' lang='lat' dir='ltr'>Dei</span> 
     </span>
     <span class='ocr_line' id='line_1_30' title="bbox 145 3756 1194 3837; baseline -0.004 -16"><span class='ocrx_word' id='word_1_228' title='bbox 145 3771 208 3821; x_wconf 84' lang='lat' dir='ltr'>tam</span> <span class='ocrx_word' id='word_1_229' title='bbox 231 3761 391 3837; x_wconf 84' lang='lat' dir='ltr'>pretiosam</span> <span class='ocrx_word' id='word_1_230' title='bbox 417 3759 580 3819; x_wconf 78' lang='lat' dir='ltr'>dimittere?</span> <span class='ocrx_word' id='word_1_231' title='bbox 623 3756 661 3817; x_wconf 89' lang='lat' dir='ltr'>Et</span> <span class='ocrx_word' id='word_1_232' title='bbox 688 3757 758 3834; x_wconf 93' lang='lat' dir='ltr'>quid</span> <span class='ocrx_word' id='word_1_233' title='bbox 780 3759 888 3817; x_wconf 91' lang='lat' dir='ltr'>scimus</span> <span class='ocrx_word' id='word_1_234' title='bbox 911 3777 976 3830; x_wconf 91' lang='lat' dir='ltr'>nos,</span> <span class='ocrx_word' id='word_1_235' title='bbox 1002 3761 1025 3818; x_wconf 92' lang='lat' dir='ltr'>si</span> <span class='ocrx_word' id='word_1_236' title='bbox 1050 3777 1194 3836; x_wconf 88' lang='lat' dir='ltr'>personae</span> 
     </span>
     <span class='ocr_line' id='line_1_31' title="bbox 143 3855 1194 3934; baseline -0.004 -16"><span class='ocrx_word' id='word_1_237' title='bbox 143 3861 265 3918; x_wconf 89' lang='lat' dir='ltr'>istarum</span> <span class='ocrx_word' id='word_1_238' title='bbox 292 3867 445 3928; x_wconf 85' lang='lat' dir='ltr'>sectarum,</span> <span class='ocrx_word' id='word_1_239' title='bbox 469 3873 542 3933; x_wconf 86' lang='lat' dir='ltr'>quas</span> <span class='ocrx_word' id='word_1_240' title='bbox 569 3855 664 3932; x_wconf 90' lang='lat' dir='ltr'>placet</span> <span class='ocrx_word' id='word_1_241' title='bbox 688 3855 755 3916; x_wconf 91' lang='lat' dir='ltr'>Deo</span> <span class='ocrx_word' id='word_1_242' title='bbox 783 3875 820 3915; x_wconf 86' lang='lat' dir='ltr'>ex</span> <span class='ocrx_word' id='word_1_243' title='bbox 848 3875 901 3916; x_wconf 88' lang='lat' dir='ltr'>sua</span> <span class='ocrx_word' id='word_1_244' title='bbox 927 3859 1019 3934; x_wconf 76' lang='lat' dir='ltr'>gratia</span> <span class='ocrx_word' id='word_1_245' title='bbox 1047 3857 1194 3927; x_wconf 83' lang='lat' dir='ltr'>illustrare,</span> 
     </span>
    </p>
   </div>
   <div class='ocr_carea' id='block_1_7' title="bbox 145 4045 1296 4308">
    <p class='ocr_par' dir='ltr' id='par_1_8' title="bbox 145 4045 1296 4308">
     <span class='ocr_line' id='line_1_32' title="bbox 179 4045 1194 4110; baseline -0.002 -14"><span class='ocrx_word' id='word_1_246' title='bbox 179 4046 187 4077; x_wconf 91' lang='lat'>¹</span> <span class='ocrx_word' id='word_1_247' title='bbox 205 4045 313 4110; x_wconf 80' lang='lat' dir='ltr'>ludicra]</span> <span class='ocrx_word' id='word_1_248' title='bbox 324 4045 458 4103; x_wconf 79' lang='lat' dir='ltr'>luciferina,</span> <span class='ocrx_word' id='word_1_249' title='bbox 470 4045 563 4097; x_wconf 71' lang='lat' dir='ltr'>Arte.</span> <span class='ocrx_word' id='word_1_250' title='bbox 680 4045 690 4074; x_wconf 84' lang='lat'><strong>¹</strong></span> <span class='ocrx_word' id='word_1_251' title='bbox 706 4045 739 4110; x_wconf 82' lang='lat' dir='ltr'>si]</span> <span class='ocrx_word' id='word_1_252' title='bbox 751 4061 801 4096; x_wconf 89' lang='lat' dir='ltr'>om.</span> <span class='ocrx_word' id='word_1_253' title='bbox 813 4047 841 4095; x_wconf 88' lang='lat' dir='ltr'>B.</span> <span class='ocrx_word' id='word_1_254' title='bbox 967 4046 976 4075; x_wconf 78' lang='lat'><strong>³</strong></span> <span class='ocrx_word' id='word_1_255' title='bbox 992 4045 1070 4110; x_wconf 90' lang='lat' dir='ltr'>istud]</span> <span class='ocrx_word' id='word_1_256' title='bbox 1083 4045 1154 4101; x_wconf 88' lang='lat' dir='ltr'>sicut,</span> <span class='ocrx_word' id='word_1_257' title='bbox 1167 4045 1194 4094; x_wconf 90' lang='lat' dir='ltr'>B.</span> 
     </span>
     <span class='ocr_line' id='line_1_33' title="bbox 178 4109 1296 4177; baseline -0.002 -16"><span class='ocrx_word' id='word_1_258' title='bbox 178 4112 184 4124; x_wconf 89' lang='lat'>&#39;</span> <span class='ocrx_word' id='word_1_259' title='bbox 228 4127 349 4167; x_wconf 73' lang='lat' dir='ltr'>emanue,</span> <span class='ocrx_word' id='word_1_260' title='bbox 360 4111 399 4161; x_wconf 88' lang='lat' dir='ltr'>ed.</span> <span class='ocrx_word' id='word_1_261' title='bbox 411 4127 448 4176; x_wconf 88' lang='lat' dir='ltr'>pr.</span> <span class='ocrx_word' id='word_1_262' title='bbox 540 4111 551 4140; x_wconf 83' lang='lat'>⁴</span> <span class='ocrx_word' id='word_1_263' title='bbox 567 4109 696 4176; x_wconf 80' lang='lat' dir='ltr'>regaliam]</span> <span class='ocrx_word' id='word_1_264' title='bbox 708 4113 826 4176; x_wconf 82' lang='lat' dir='ltr'>regulam,</span> <span class='ocrx_word' id='word_1_265' title='bbox 839 4111 898 4161; x_wconf 91' lang='lat' dir='ltr'><strong>B.C.</strong></span> <span class='ocrx_word' id='word_1_266' title='bbox 910 4112 948 4160; x_wconf 84' lang='lat' dir='ltr'>ed.</span> <span class='ocrx_word' id='word_1_267' title='bbox 960 4128 997 4177; x_wconf 87' lang='lat' dir='ltr'>pr.</span> <span class='ocrx_word' id='word_1_268' title='bbox 1090 4111 1100 4140; x_wconf 75' lang='lat'>⁵</span> <span class='ocrx_word' id='word_1_269' title='bbox 1116 4111 1194 4175; x_wconf 89' lang='lat' dir='ltr'>bone]</span> <span class='ocrx_word' id='word_1_270' title='bbox 1292 4163 1296 4169; x_wconf 54' lang='lat'>‚</span> 
     </span>
     <span class='ocr_line' id='line_1_34' title="bbox 196 4175 1194 4242; baseline 0.001 -17"><span class='ocrx_word' id='word_1_271' title='bbox 196 4192 218 4234; x_wconf 88' lang='lat' dir='ltr'>e,</span> <span class='ocrx_word' id='word_1_272' title='bbox 232 4175 260 4225; x_wconf 91' lang='lat' dir='ltr'>B.</span> <span class='ocrx_word' id='word_1_273' title='bbox 271 4177 366 4242; x_wconf 81' lang='lat' dir='ltr'>primae</span> <span class='ocrx_word' id='word_1_274' title='bbox 376 4191 471 4232; x_wconf 73' lang='lat' dir='ltr'>munus,</span> <span class='ocrx_word' id='word_1_275' title='bbox 484 4178 516 4226; x_wconf 85' lang='grc' dir='ltr'>Α.</span> <span class='ocrx_word' id='word_1_276' title='bbox 631 4177 642 4206; x_wconf 81' lang='lat'>⁸</span> <span class='ocrx_word' id='word_1_277' title='bbox 657 4176 727 4242; x_wconf 87' lang='lat' dir='ltr'>ideo]</span> <span class='ocrx_word' id='word_1_278' title='bbox 740 4177 839 4233; x_wconf 85' lang='lat' dir='ltr'>idcirco,</span> <span class='ocrx_word' id='word_1_279' title='bbox 851 4176 889 4227; x_wconf 87' lang='lat' dir='ltr'>ed.</span> <span class='ocrx_word' id='word_1_280' title='bbox 901 4192 938 4241; x_wconf 76' lang='lat' dir='ltr'>pr,</span> <span class='ocrx_word' id='word_1_281' title='bbox 1048 4175 1058 4203; x_wconf 82' lang='lat'>⁷</span> <span class='ocrx_word' id='word_1_282' title='bbox 1074 4176 1132 4241; x_wconf 87' lang='lat' dir='ltr'>iste]</span> <span class='ocrx_word' id='word_1_283' title='bbox 1145 4175 1194 4232; x_wconf 84' lang='lat' dir='ltr'>ille,</span> 
     </span>
     <span class='ocr_line' id='line_1_35' title="bbox 145 4241 1214 4308; baseline -0.004 -14"><span class='ocrx_word' id='word_1_284' title='bbox 145 4243 185 4294; x_wconf 82' lang='lat' dir='ltr'>ed.</span> <span class='ocrx_word' id='word_1_285' title='bbox 196 4258 234 4307; x_wconf 88' lang='lat' dir='ltr'>pr.</span> <span class='ocrx_word' id='word_1_286' title='bbox 299 4242 310 4271; x_wconf 84' lang='lat'>⁸</span> <span class='ocrx_word' id='word_1_287' title='bbox 324 4241 411 4306; x_wconf 86' lang='lat' dir='ltr'>istam]</span> <span class='ocrx_word' id='word_1_288' title='bbox 423 4257 473 4292; x_wconf 88' lang='lat' dir='ltr'>om.</span> <span class='ocrx_word' id='word_1_289' title='bbox 484 4243 522 4292; x_wconf 85' lang='lat' dir='ltr'>ed.</span> <span class='ocrx_word' id='word_1_290' title='bbox 535 4257 572 4308; x_wconf 92' lang='lat' dir='ltr'>pr.</span> <span class='ocrx_word' id='word_1_291' title='bbox 1211 4273 1214 4308; x_wconf 62' lang='grc' dir='ltr'>Ι</span> 
     </span>
    </p>
   </div>
   <div class='ocr_carea' id='block_1_8' title="bbox 187 4341 705 4385">
    <p class='ocr_par' dir='ltr' id='par_1_9' title="bbox 187 4341 705 4385">
     <span class='ocr_line' id='line_1_36' title="bbox 187 4341 705 4385; baseline 0 0"><span class='ocrx_word' id='word_1_292' title='bbox 187 4341 370 4385; x_wconf 66' lang='lat' dir='ltr'>TRIABOGUS.</span> <span class='ocrx_word' id='word_1_293' title='bbox 656 4342 674 4384; x_wconf 79' lang='lat' dir='ltr'>C</span> <span class='ocrx_word' id='word_1_294' title='bbox 689 4344 705 4385; x_wconf 83' lang='lat' dir='ltr'>c</span> 
     </span>
    </p>
   </div>
   <div class='ocr_carea' id='block_1_9' title="bbox 0 0 1443 4836">
    <p class='ocr_par' dir='ltr' id='par_1_10' title="bbox 0 0 1443 4836">
     <span class='ocr_line' id='line_1_37' title="bbox 0 0 1443 4836; baseline 0 0"><span class='ocrx_word' id='word_1_295' title='bbox 0 0 1443 4836; x_wconf 95' lang='lat' dir='ltr'> </span> 
     </span>
    </p>
   </div>
  </div>
 </body>
</html>
