2864 4836
41 477 143 522 cara
212 447 213 452 ¹
405 459 761 523 IRIALOGUS.

48 594 214 701 percipitur
234 621 290 681 nisi
314 623 345 682 in
369 622 468 683 medio
492 633 522 683 et
543 622 680 684 distantia
700 623 921 702 proportionali,
942 624 1023 701 quod
1044 641 1106 683 non
1202 671 1208 681 .

47 717 164 796 aeque¹
178 720 321 797 aptabitur
334 721 427 781 beatis
441 720 570 798 singulis.
613 723 652 781 Et
666 721 825 781 conformis
843 732 888 781 est
902 722 1053 782 difficultas
1068 722 1105 781 de

47 816 318 895 unumquisque
333 818 495 881 rivtn‘nsecrlr.
530 819 577 879 De
587 821 691 879 virtute
705 830 802 879 autem
816 820 982 897 generativa
995 821 1107 880 videtur
1155 839 1198 880 ιφ
1234 872 1260 906 a.

50 914 137 994 quod
157 918 279 976 omnino
300 917 589 995 superfluit'ponere
609 919 650 978 ibi
670 918 758 990 illam,
773 935 841 976 curn
861 918 908 976 illa
929 920 1049 995 ponitur
1068 916 1107 998 ad
1200 937 1205 948 ·

51 1012 244 1074 salvationem
258 1016 374 1091 speciei,
389 1007 509 1092 quaein
528 1016 677 1075 individuo
697 1016 875 1092 corruptibili
893 1033 956 1075 non
974 1017 1106 1076 salvatur.

51 1108 96 1171 Et
110 1111 146 1170 de
159 1112 261 1170 virtute
275 1113 409 1171 nutritiva
421 1114 534 1173 videtur
547 1114 678 1185 omnino,
693 1114 774 1190 quod
793 1114 981 1190 superflueret
995 1133 1105 1192 ponere

53 1208 97 1270 sm
113 1207 200 1281 illam,
214 1227 281 1268 cum
300 1228 390 1270 nemo
408 1212 449 1270 ibi
468 1211 700 1288 augmentabitur
712 1212 757 1270 vel
777 1213 924 1271 nutrietur.
967 1211 1016 1272 Ad
1036 1211 1106 1289 quid

54 1325 131 1385 ergo
151 1317 267 1386 oportet
286 1309 325 1368 ibi
343 1326 453 1386 ponere
472 1311 606 1368 virtutem
626 1310 805 1368 attractivam
824 1310 992 1369 retentivam
1010 1310 1106 1387 diges-

53 1407 145 1467 tivam
166 1417 216 1466 aut
228 1407 408 1483 expulsivam
427 1425 496 1466 cum
515 1408 577 1467 aliis
595 1408 744 1466 virtutibus
763 1408 971 1484 vegetabilibus
990 1419 1019 1467 et
1039 1426 1106 1467 sen-

48 1502 155 1581 ,sitivin
180 1522 254 1580 quas
275 1504 323 1563 hic
345 1505 483 1582 ponimus
509 1505 540 1563 in
566 1505 694 1582 quolibet
718 1505 854 1565 animali?
896 1504 971 1564 Ideo
995 1505 1106 1564 videnrr

15 1659 18 1664 .
54 1600 137 1673 mihi,
161 1602 243 1678 quod
265 1603 338 1661 sieut
362 1603 460 1661 anima
481 1602 610 1662 bumana
634 1622 696 1663 non
720 1622 758 1661 ex
779 1604 837 1662 hoc
862 1603 955 1679 perdit
979 1602 1105 1681 aliquam

54 1699 218 1778 potentiam
233 1700 404 1772 absolutam,
419 1699 500 1778 quod
515 1700 620 1759 desinit
634 1699 791 1759 informare
810 1710 1000 1776 augmentare
1020 1710 1106 1759 attra-

53 1797 126 1857 here
147 1799 207 1858 sive
228 1798 367 1875 digerere,
388 1799 429 1857 sic
453 1799 513 1857 est⁸
533 1799 564 1857 in
586 1799 684 1857 anima
706 1799 800 1867 beata,
822 1797 903 1874 quod
925 1815 989 1855 non
1012 1799 1107 1873 perdit

55 1895 184 1973 aliquam
198 1895 360 1954 absolutam
374 1897 544 1973 potentiam,
556 1896 622 1955 licet
636 1895 798 1955 secundum
812 1897 944 1953 virtutem
958 1895 1106 1971 regitivam

54 1992 226 2053 nonhabet
247 1994 448 2070 operationem
469 1994 596 2070 aliquam
616 1994 712 2064 talem,
734 2010 801 2051 cum
822 1991 897 2051 foret
918 1992 1105 2068 superfluum,

54 2093 110 2153 sed
130 2092 234 2152 eadem
255 2095 384 2170 potentia
405 2095 520 2152 animae
541 2093 680 2163 absoluta,
694 2091 839 2151 mediante
857 2092 958 2150 virtute
980 2092 1107 2167 regitiva,

55 2192 170 2270 potest⁴
187 2210 274 2263 nune,
289 2191 407 2268 quando
427 2200 550 2267 oportet,
566 2192 595 2248 in
615 2192 815 2266 operationem
834 2190 921 2249 talem
940 2190 1108 2266 procedere,

55 2299 86 2348 et
100 2307 178 2347 nunc
198 2307 319 2348 cessare.
363 2288 393 2347 Si
412 2299 509 2347 autem
529 2289 646 2358 dicatur,
662 2289 743 2364 quod
762 2288 893 2364 oportet⁸
907 2306 1018 2365 ponere
1038 2288 1108 2347 tales

55 2388 201 2463 potentias
212 2387 394 2462 respectivas,
404 2404 477 2462 quas
487 2396 603 2462 oportet
614 2387 736 2444 omnino
745 2377 811 2444 ¹esse
823 2387 933 2462 sopitas
944 2387 974 2443 in
985 2387 1108 2444 beatitu-

55 2484 134 2556 dine,
144 2502 206 2542 non
216 2484 380 2555 contend0;
402 2483 453 2542 sed
464 2494 577 2542 constat
588 2483 666 2552 mihi,
676 2483 756 2559 quod
767 2483 836 2540 nihil
849 2494 893 2541 est
903 2484 943 2541 ibi
954 2483 1107 2558 superflue,

55 2581 110 2640 sed
124 2598 228 2640 omnes
250 2599 353 2640 sensus
375 2582 489 2639 animae
511 2592 596 2656 atque
618 2581 765 2656 potentiae
783 2591 849 2638 sunt
870 2581 900 2638 in
922 2580 1019 2656 aliquo
1040 2592 1108 2639 actu
1179 2608 1212 2674 ng·

55 2696 112 2738 suo
126 2679 221 2755 magis
235 2678 380 2748 laudabili,
395 2680 425 2736 in
441 2678 498 2736 fine
511 2679 555 2736 sui
569 2679 666 2754 operis
681 2678 884 2737 consummati.
925 2678 964 2736 Et
978 2679 1019 2737 sic
1030 2679 1108 2737 visus
1143 2731 1180 2755 „un
1194 2690 1281 2755 mg,

55 2778 212 2837 beatificati
230 2779 328 2837 vident
345 2777 450 2837 faciem
464 2776 580 2848 Christi,
595 2779 668 2836 sicut
687 2778 847 2836 intellectus
866 2779 896 2835 in
916 2779 978 2855 ejus
993 2777 1108 2837 Deitate
1170 2772 1183 2796 ⁰
1216 2771 1269 2797 ‘¹¹¹¹

55 2876 179 2934 finaliter
199 2877 349 2953 quietatur.
393 2875 432 2934 Et
445 2887 476 2933 ut
497 2875 585 2943 credo
605 2893 710 2934 omnes
728 2894 831 2935 sensus
845 2877 922 2935 beati
944 2877 1108 2935 secundum

54 2975 210 3050 puritatem
230 2976 274 3033 sui
293 2974 384 3033 ultimi
398 2975 496 3050 operis
509 2984 576 3033 sunt
590 2975 619 3032 in
639 2974 686 3033 illa
705 2992 831 3050 persona
850 2974 963 3033 media⁸
980 2975 1108 3050 quietati,

54 3088 133 3130 unus
148 3072 188 3129 sic
202 3081 231 3129 et
244 3071 315 3130 alter
328 3071 379 3140 sic,
395 3071 555 3129 secundum
569 3071 650 3147 quod
665 3071 760 3146 magis
774 3071 885 3128 meruit.
927 3069 957 3128 N
959 3089 993 3129 ec
1012 3080 1056 3128 est
1070 3090 1106 3128 ex

54 3169 262 3245 suppressione
276 3169 321 3227 vel
337 3169 551 3244 propinquitate
571 3168 608 3226 ad
623 3167 770 3226 Christum
790 3167 938 3225 contentio
958 3167 988 3224 in
1007 3168 1107 3238 beatis,

54 3265 110 3325 sed
124 3283 185 3324 uno
198 3265 312 3325 vidente
327 3264 476 3325 Christum
489 3267 520 3323 in
535 3264 663 3342 speculo,
678 3264 736 3322 alio
754 3263 863 3322 directo
884 3265 987 3322 intuitu
1005 3264 1107 3336 laciali,

55 3373 87 3423 et
105 3363 176 3439 ipsis
193 3363 487 3423 vicissitudinantibus
506 3372 551 3421 est
571 3362 658 3438 plena
672 3363 819 3437 quietatio,
835 3379 902 3419 cum
922 3360 1054 3420 Christus
1073 3364 1109 3420 sit

54 3458 223 3518 humanitus
242 3460 280 3518 ad
299 3459 457 3536 quamlibet
476 3459 687 3535 portiunculam
708 3461 789 3534 regni
809 3461 860 3517 sui.
902 3458 1016 3518 Omnes
1037 3476 1108 3534 ergo

52 3558 200 3636 potentiae
214 3557 333 3616 beatae⁷
346 3558 460 3615 animae
474 3568 557 3614 emnt
572 3567 713 3632 perpetuo
727 3567 755 3615 et
769 3558 800 3614 in
820 3574 874 3616 suo
894 3556 1105 3632 perfectissimo

53 3676 146 3734 opere
167 3659 231 3717 sine
252 3657 435 3727 dormitione,
458 3656 509 3715 sed
531 3653 641 3716 colare⁸
664 3658 863 3733 operationem
889 3658 975 3716 talem
997 3656 1108 3733 persec-

54 3756 208 3825 tissimam,
234 3766 262 3814 et
287 3755 439 3831 quomodo
467 3755 554 3829 plene
580 3755 632 3812 erit
660 3772 728 3812 cum
756 3756 848 3813 beatis
876 3755 906 3812 in
934 3756 1035 3830 patria,
1061 3755 1107 3812 hic

89 3967 205 4032 ¹aeque]
217 3983 317 4032 aequae,
329 3969 366 4017 ed
380 3984 416 4032 pr
515 3967 525 3995 ¹
541 3967 680 4031 superfluit]
692 3967 833 4031 superfluat,
827 3967 882 4059 '⁹2¹'
895 3983 931 4031 pr.
1030 3965 1040 3993 ⁸
1057 3967 1105 4030 est]

53 4032 305 4225 οπέὲὲῒηῖωεάἱα]
328 4033 600 4160 glossapiriteesrtssrgatreits
613 4033 721 4146 egodpireis
744 4096 773 4145 Β
796 4096 903 4152 addit,
889 4031 1107 4147 0111111111·

53 4162 412 4292 οοΙιῐΞοε.οι1111ἔ1κ11ειὺίε
424 4160 991 4291 Ιίωρί11111111111111111111111111110111111
1003 4162 1041 4211 βά.
1055 4178 1105 4226 pn,

539 4311 626 4369 uda
