2864 4836
112 322 1371 366 Ἣ

110 455 207 493 craia
474 439 817 504 TRIALOGUS
1257 456 1300 543 69

151 592 315 656 Phronesri.
357 596 434 658 Cum
453 600 560 661 multae
580 604 638 662 sint
656 622 702 663 res
721 606 864 678 rationis¹,
880 626 955 684 quae
974 628 1036 670 non
1053 612 1162 676 habent
1198 633 1236 668 su
1243 636 1319 671 nuens

108 692 310 754 existentiam¹
322 697 367 757 vel
380 716 445 758 esse
459 700 581 759 existere
595 700 752 761 formaliter
765 704 961 781 intelligendo
976 719 1064 786 patet,
1080 715 1161 789 quod
1196 684 1261 711 m

108 788 214 851 falsum
228 796 361 868 assumis,
377 815 444 856 cum
458 796 541 858 Deus
554 799 686 876 intelligit
700 799 781 878 quod
795 801 853 862 hoc
866 804 925 863 est¹
938 807 1058 880 velerit,
1073 820 1102 868 et
1116 813 1160 869 in·

107 889 208 967 telligit
221 892 302 970 quod
315 893 373 954 hoc
388 913 449 955 non
463 897 524 969 erit,
539 915 608 956 cum
626 897 725 957 multis
743 901 909 960 veritatibus
925 904 1045 965 rationis
1059 907 1160 967 simili·

106 988 171 1060 bns,
186 1008 261 1067 quae
281 1010 342 1052 non
361 1004 485 1070 possunt
502 994 609 1055 habere
628 997 810 1057 existentiam
830 999 982 1062 actualem.
1025 1001 1158 1066 Concedi

104 1095 204 1146 tamen
228 1100 334 1166 potest,
359 1092 439 1169 quod
463 1112 552 1152 omne
576 1094 658 1170 quod
677 1100 769 1171 potes!
788 1097 919 1168 existere,
944 1107 1078 1175 tempore
1102 1121 1157 1163 suo

104 1187 209 1259 existit,
223 1198 253 1248 et
266 1190 308 1249 sic
321 1189 403 1250 Deus
422 1193 620 1251 communicat
637 1193 719 1251 omni
738 1191 850 1254 homini
870 1195 1089 1258 intellectivam¹
1101 1218 1156 1277 po·
1231 1187 1238 1199 ‘

103 1286 226 1344 tentiam
239 1305 326 1364 super
336 1306 434 1360 omne,
449 1290 531 1367 quod
540 1289 619 1366 ipse¹
628 1290 759 1367 intelligit
766 1310 774 1364 ;
796 1292 912 1350 tamen¹
921 1297 1087 1355 necessario
1099 1298 1156 1357 alio

103 1382 196 1442 modo
216 1386 355 1463 intelligit,
375 1406 464 1466 quam
484 1398 530 1447 est
549 1388 656 1447 modus
678 1406 738 1465 quo
758 1387 850 1447 homo
872 1400 968 1465 potest
988 1393 1155 1471 intelligere,

102 1499 173 1540 cum
194 1481 407 1554 distinctissime
427 1497 456 1546 et
475 1486 662 1546 inerrabiliter
681 1485 764 1545 Deus
784 1487 880 1545 solum
900 1488 1042 1566 intelligit,
1064 1491 1155 1552 homo

101 1589 200 1640 autem
220 1582 290 1641 nihil
308 1583 439 1662 intelligit
457 1586 513 1645 nisi
532 1584 689 1644 errabiliter
708 1594 737 1643 et
752 1584 883 1644 confuse.
926 1585 1041 1646 Vellem
1056 1599 1154 1650 tamen

101 1678 252 1739 addiscere
265 1682 296 1740 in
315 1682 370 1741 ista
383 1685 511 1770 materia,
527 1683 595 1761 quia
609 1682 680 1741 nihil
693 1682 803 1741 diffinio
818 1681 855 1742 de
869 1683 927 1742 Dei
943 1688 1082 1760 potentia,
1098 1707 1153 1748 nee

100 1775 197 1836 audeo
211 1779 387 1854 profundare
403 1799 451 1840 me
466 1783 496 1840 in
511 1781 695 1840 distinctione
711 1780 747 1839 de
762 1779 895 1839 absoluta
908 1781 965 1840 Dei
979 1786 1110 1859 potentia
1124 1797 1153 1846 et

100 1877 233 1952 potentia
245 1877 387 1937 ordinata
430 1878 499 1938 Scio
518 1888 617 1938 tamen
636 1877 717 1955 quod
735 1895 823 1953 saepe
842 1878 942 1954 lapsus
961 1897 1026 1939 sum
1045 1882 1152 1942 1111111-

98 1973 199 2033 tudine
216 1975 305 2036 maris
322 1976 412 2036 multa
430 1977 595 2037 balbutiens
615 1993 690 2053 quae
704 1993 767 2034 non
781 1976 855 2035 valui
869 1975 945 2035 clare
962 1976 1084 2039 fundare
1093 2001 1102 2051 ;
1123 1991 1152 2040 et

97 2072 128 2130 in
152 2071 295 2151 aliquibus
319 2085 363 2134 est
387 2073 457 2134 illud
480 2075 600 2147 facilius,
621 2075 653 2133 in
677 2074 740 2133 aliis
762 2083 860 2133 autem
882 2073 1033 2136 difficilius.
1085 2077 1149 2139 Nec

96 2169 183 2230 video
196 2189 285 2244 nunc,
300 2191 389 2251 quare
403 2173 485 2233 Deus
503 2183 605 2251 posset
623 2171 714 2231 multa
727 2190 789 2230 non
807 2173 960 2233 existentia
977 2175 1147 2252 intelligere,

97 2270 169 2345 quin
188 2289 241 2347 per
259 2271 338 2331 idem
358 2272 497 2350 intelligat
515 2273 634 2343 infinita,
649 2290 725 2350 quae
744 2282 776 2330 tu
794 2289 856 2330 non
874 2282 960 2349 potes
979 2274 1147 2352 intelligere,

95 2367 140 2427 vel
161 2379 294 2430 econtra
313 2371 485 2448 utrobique¹
505 2371 639 2430 deficere.
680 2369 719 2429 Et
739 2369 812 2429 haec
827 2371 900 2429 ratio
918 2371 1064 2448 probandi
1085 2373 1145 2433 est¹

94 2467 170 2526 sicut
191 2470 355 2542 somniatio,
370 2488 429 2547 qua
449 2468 552 2528 dicitur
571 2468 670 2529 Deum
691 2467 788 2546 aliqua
807 2467 966 2545 intelligere
987 2488 1064 2546 quae
1084 2490 1146 2530 non

93 2578 220 2642 possunt
233 2586 307 2638 esse,
322 2579 351 2628 et
364 2569 419 2627 ista
432 2577 499 2627 sunt
513 2567 674 2644 specialiter
683 2565 751 2625 Deo
766 2567 892 2642 cognita,
907 2565 960 2624 sed
974 2585 1036 2626 non
1050 2570 1146 2628 nobis.

93 2663 177 2724 Talis
195 2675 292 2724 autem
312 2667 427 2742 vagatio
446 2667 615 2742 captionum
633 2683 671 2724 ex
690 2664 915 2723 commixtione¹
929 2682 1069 2724 sensuum
1083 2684 1145 2725 ma·

92 2765 235 2825 terialium
256 2776 285 2825 et
305 2766 534 2842 significatorum
555 2764 666 2825 inducit
689 2764 829 2841 plurimos
849 2764 880 2823 in
901 2765 1050 2838 caribdim,
1069 2768 1146 2828 sicut

90 2864 219 2941 religiosi
239 2875 335 2924 errant
355 2865 502 2924 moraliter
521 2882 559 2923 ex
578 2863 787 2923 commixtione
808 2880 927 2922 suarum
947 2864 1137 2925 traditionum
1223 2926 1225 2936 ,

90 2972 120 3023 et
134 2962 207 3039 legis
227 2963 348 3022 divinae.
390 2961 429 3023 Et
448 2962 523 3022 sicut
540 2960 622 3020 Deus
642 2960 680 3019 ad
698 2961 772 3019 intra
791 2959 861 3020 nihil
873 2967 964 3036 potest
979 2962 1143 3039 producere

89 3060 147 3119 nisi
164 3059 295 3120 absolute
314 3061 480 3120 necessario
499 3059 569 3118 illud
587 3056 738 3136 producat,
753 3058 795 3117 sic
814 3057 885 3116 nihil
904 3058 943 3118 ad
961 3069 1043 3120 extra
1055 3068 1145 3137 potest

88 3159 261 3238 producere,
273 3159 329 3218 nisi
338 3176 393 3236 pro
404 3176 459 3218 suo
472 3168 604 3233 tempore
617 3155 687 3215 illud
700 3154 850 3233 producat
893 3156 932 3216 Et
943 3158 984 3218 sic
995 3160 1142 3220 orationes

89 3260 163 3319 fiunt
176 3258 351 3329 necessario,
364 3266 394 3316 et
408 3257 521 3333 aliquae
532 3255 687 3332 implentur
700 3255 879 3329 necessario,
888 3264 917 3313 et
928 3254 999 3314 aliae
1005 3256 1027 3289 ¹⁰
1037 3274 1139 3316 neces·

88 3357 166 3417 sario
191 3354 354 3432 superfluae
379 3364 455 3414 sunt
504 3353 544 3412 Et
568 3355 610 3412 sic
637 3353 820 3430 evangelium
840 3370 906 3411 vere
929 3351 1034 3424 dicit¹¹,
1059 3353 1141 3430 quod

85 3455 171 3515 Deus
191 3462 273 3531 pater
290 3462 388 3530 potest
406 3452 543 3511 exhibere
560 3451 620 3510 filio
638 3450 704 3528 plus
723 3468 812 3527 quam
832 3449 988 3508 duodecim
1007 3450 1139 3527 legiones

87 3553 269 3631 angelorum,
284 3560 314 3611 et
328 3552 370 3610 sic
384 3551 453 3610 facit
461 3570 469 3623 ;
491 3568 552 3609 non
567 3559 666 3609 tamen
681 3547 749 3606 dicit
768 3548 959 3623 evangelium,
974 3548 1056 3624 quod
1075 3547 1138 3608 illas

84 3651 218 3728 legiones
236 3659 334 3727 potest
352 3648 438 3708 filio¹¹
453 3647 625 3717 concedere,
645 3653 678 3706 ut
693 3664 747 3703 non
766 3646 861 3703 taliter
874 3647 1018 3722 puniatur,
1037 3657 1136 3723 potest

84 3760 184 3809 tamen
209 3750 234 3808 si
257 3748 385 3807 voluerit
437 3746 476 3806 Et
499 3747 542 3806 sic
567 3742 766 3805 conceduntur
790 3743 994 3803 conclusiones
1023 3746 1136 3804 contin-

117 3913 126 3943 ¹
143 3910 265 4006 ratroms]
270 3927 320 3961 om.
332 3910 371 3961 «1.
382 3924 420 3976 pr.
486 3908 496 3938 ¹
512 3908 679 3973 existentiam]
691 3907 831 3965 essentiam.
843 3907 877 3960 A.
952 3907 962 3936 ¹
979 3907 1028 3972 est]
1039 3907 1135 3964 ith

82 3979 122 4030 «1.
134 3994 172 4043 pr
254 3973 477 4069 ¹intellectivam]
480 3974 676 4039 intelligentiam,
689 3974 723 4022 D.
788 3973 900 4040 ¹ipse]
894 3988 946 4039 ipse
958 3973 1035 4031 Deus,
1047 3974 1085 4024 «1.
1098 3989 1134 4038 pr.

82 4042 206 4120 1111111111]
218 4057 282 4101 cmn,
295 4043 358 4092 ANB
467 4038 636 4103 ¹utrobique]
648 4039 774 4095 utrolibet.
787 4039 846 4089 B.C.
859 4039 896 4089 ed
908 4055 946 4104 pr.
1075 3990 1136 4088 ‘Et

80 4110 145 4160 haec
155 4109 220 4158 ratio
249 4107 353 4159 robandi
364 4105 414 4170 est]
426 4106 489 4156 ratio
501 4106 562 4156 baec
573 4105 703 4218 probandi,
715 4104 753 4154 «1
766 4120 803 4169 pr.
920 4105 930 4135 ¹
946 4103 1135 4182 commixtione]

81 4174 210 4230 mixtione,
375 4172 395 4203 ¹⁰
410 4170 485 4236 aliae]
497 4170 647 4236 aliquae,D.
778 4169 796 4203 ¹¹
813 4167 885 4235 dicit]
897 4169 957 4222 dicit
969 4170 1061 4221 Matth.
1072 4170 1135 4221 xxvi

82 4209 395 4304 1110011111
411 4235 605 4303 filio]filiosuo,
616 4205 654 4287 ed.
666 4251 704 4300 pr.
