2864 4836
24 406 29 412 “
77 454 170 491 cna
441 431 780 518 rainaudus.
1219 455 1279 522 115

78 591 236 652 Credimus
260 594 384 664 tamen¹,
407 595 490 670 quod
515 594 603 653 sicut²
627 594 709 653 Deus
736 594 865 652 limitavit
890 594 1011 670 angelos
1036 595 1150 719 bonos}

77 691 218 766 perficere
243 703 339 768 partes
364 693 474 762 mundi,
500 693 542 751 sic
567 693 704 751 continue
728 691 879 770 implendo
908 693 1133 768 impeccabiliter

77 806 165 847 suum
186 788 316 849 officium
336 791 474 849 continue
496 791 558 848 sine
579 791 639 849 otio
661 791 812 866 perficiunt
833 801 929 867 partes
953 791 1082 860 mundi³,
1104 802 1132 849 et

77 887 119 946 ita
144 886 306 946 illuminant
329 900 358 947 et
382 898 507 964 purgant
532 888 681 947 inferiores
706 889 834 966 angelos,
861 890 927 947 licet
951 907 1011 947 non
1034 908 1052 948 a
1073 889 1132 947 suis

77 986 225 1044 erroribus
246 985 290 1043 vel
312 988 448 1063 peccatis,
469 987 522 1045 sed
543 998 729 1062 praeservant
749 1004 801 1045 eos
823 987 852 1044 in
874 988 998 1045 statibus
1021 987 1132 1055 debitis,

77 1083 200 1158 quando
214 1085 317 1142 ceteris
331 1086 449 1161 paribus
464 1084 567 1160 dilapsi
581 1084 676 1142 forent
691 1084 771 1143 aliter
785 1086 822 1143 ab
839 1085 894 1143 illis
913 1084 1042 1156 statibus,
1058 1103 1132 1161 quos

79 1198 160 1239 nunc
176 1192 307 1254 servant;
337 1193 366 1241 et
385 1184 426 1241 sie
446 1183 607 1241 illuminant
627 1182 776 1241 inferiores
795 1182 925 1259 angelos,
944 1183 1011 1242 licet
1029 1200 1133 1242 omnes

78 1287 110 1339 et
123 1279 229 1356 singuli
243 1279 339 1339 aDeo
353 1280 451 1339 lumen
462 1281 610 1356 recipiant.
652 1280 783 1357 Angelus
797 1292 895 1339 autem
909 1281 1046 1339 continue
1057 1281 1135 1339 videt

50 1437 55 1444 ,
78 1376 111 1434 in
132 1378 230 1447 verbo,
251 1379 323 1454 quid
344 1390 372 1437 et
393 1378 515 1456 qualiter
537 1379 572 1436 sit
593 1379 749 1454 agendum,
772 1390 801 1437 et
821 1389 955 1438 movetur
975 1399 994 1438 a
1007 1379 1075 1438 Deo
1096 1379 1134 1437 ad

79 1475 293 1552 perficiendum
307 1494 383 1553 opus
400 1473 470 1535 sibi⁴
490 1476 629 1546 debitum,
645 1478 675 1534 in
694 1494 754 1552 quo
773 1476 878 1535 etiam⁶
892 1478 1023 1536 beatifice
1038 1477 1134 1536 delec-

79 1582 173 1645 tatur3
196 1591 274 1633 unus
289 1584 388 1633 tamen
401 1575 478 1634 videt
489 1575 593 1651 elarius
607 1583 637 1632 et
651 1573 723 1632 alius
736 1576 833 1631 minus
844 1574 928 1633 clare.
972 1573 1135 1645 Quomodo

79 1679 179 1728 autem
193 1671 291 1746 angeli
305 1672 461 1731 alterantur
476 1673 506 1730 in
521 1673 580 1730 suis
595 1671 861 1741 illuminationibus,
877 1683 921 1730 est
940 1670 1092 1730 difficultas
1106 1681 1135 1730 et

79 1785 162 1827 error
189 1768 347 1847 multiplex,
372 1788 441 1828 cum
471 1769 552 1827 multi
580 1770 775 1844 imaginantur
803 1769 890 1826 nitriis
917 1786 1029 1844 grosse,
1054 1769 1136 1846 quod

79 1865 190 1935 lumen,
205 1884 265 1941 quo
285 1866 456 1925 insonnatur
470 1866 600 1944 angelus,
616 1867 651 1924 sit
671 1883 716 1924 res
735 1883 810 1942 quae
829 1866 934 1941 poterit
954 1885 1006 1942 per
1020 1884 1051 1925 se
1071 1884 1135 1926 esse

80 1964 219 2022 continue
242 1964 373 2023 defluxa·
393 1984 411 2024 a
428 1965 495 2023 Deo
513 1965 558 2023 vel
578 1964 719 2040 superiori
738 1963 852 2039 angelo.
897 1963 955 2022 Sed
975 1965 1045 2039 quid
1066 1963 1135 2022 stul-

80 2064 147 2132 tius,
163 2081 232 2122 cum
246 2064 361 2122 affectio
376 2064 471 2141 angeli
485 2073 584 2140 potest
598 2062 801 2121 insensibiliter
815 2063 925 2133 variari,
940 2073 968 2121 et
987 2064 1017 2120 in
1032 2063 1135 2140 majori

81 2170 163 2238 parte
186 2162 283 2237 angeli
308 2162 417 2221 habent
446 2162 616 2221 affectiones
644 2171 807 2238 perpetuas,
837 2179 910 2237 quas
929 2180 971 2220 ex
996 2173 1136 2237 perpetua

81 2259 253 2319 duratione⁷
266 2278 320 2336 pro
335 2279 389 2319 suo
404 2270 535 2336 tempore
550 2261 784 2336 prosequuntur?

514 2598 611 2660 CAP.
634 2599 701 2657 XII.

351 2765 398 2823 De
411 2765 570 2842 angelorum
585 2766 736 2840 cognilzime
748 2772 774 2822 et
786 2765 874 2839 lapsu.

125 2932 261 2992 Praestri.
304 2931 420 3001 Audivi,
435 2930 516 3006 quod
533 2929 625 2987 taliter
638 2930 760 3004 qualiter
773 2931 906 2989 eructasti
926 2940 1006 2988 tuam
1021 2942 1136 2991 senten·
1152 2942 1155 3053 ι

81 3034 165 3104 tiam,
179 3031 233 3090 sed
253 3030 350 3101 dubia,
366 3031 397 3088 in
416 3030 521 3105 quibus
540 3027 691 3086 difficultas
711 3028 906 3100 absconditur,
924 3031 1137 3106 praetermittis.

81 3130 217 3190 Dubium
232 3129 351 3205 quidem
365 3138 417 3198 est,
431 3122 543 3185 utrum⁸
557 3144 594 3184 ex
608 3125 714 3203 angelo
731 3136 759 3185 et
779 3127 915 3203 corpore⁹
931 3127 1039 3203 aliquid
1054 3146 1136 3187 cotn-

81 3238 216 3305 ponatur.
263 3226 301 3284 Et
322 3227 427 3284 iterum
449 3224 569 3282 dubium
591 3234 642 3294 est,
662 3224 815 3300 quomodo
837 3225 924 3300 aliqui
946 3225 1039 3301 angeli
1055 3237 1138 3283 erant

81 3325 151 3384 sacti
173 3325 215 3383 sic
235 3323 311 3394 mali,
326 3323 359 3381 in
380 3323 440 3381 suis
460 3321 575 3381 malitiis
595 3322 729 3381 indurati.
771 3322 815 3380 Ac
838 3323 921 3381 tertio
943 3323 1063 3381 dubium
1084 3333 1136 3394 est,

80 3423 237 3499 quomodo
258 3423 329 3481 boni
353 3420 449 3498 angeli
470 3430 603 3497 pugnant
623 3438 691 3478 cum
712 3420 804 3489 malis,
823 3420 917 3477 cum¹⁰
941 3418 998 3478 hoc
1027 3420 1138 3479 videtur

81 3520 292 3579 beatitudinem
320 3521 466 3578 bonorum
495 3518 628 3588 tollere¹¹,
658 3535 724 3576 cum
759 3518 919 3576 secundum
947 3517 1137 3594 Augmti'num

80 3620 204 3677 ‘beatus
227 3618 343 3693 estqui
367 3616 454 3676 habet
478 3617 616 3692 quicquid
638 3614 704 3684 vult,
727 3626 756 3673 et
780 3614 849 3673 nihil
871 3615 938 3674 mali
959 3616 1035 3675 vult!
1079 3616 1138 3676 Sed

81 3715 235 3792 quomodo
249 3715 337 3774 habet
352 3715 473 3791 angelus
489 3715 530 3773 sie
545 3731 682 3791 pugnans
701 3713 842 3790 quidquid
857 3714 924 3784 vult,
939 3733 1007 3775 cum
1027 3717 1137 3792 appetit

118 3896 421 3962 ¹tamen]enimtamen,
433 3895 461 3944 B.
474 3881 568 3958 primae
578 3908 673 3948 manus,
684 3893 722 3942 ed.
735 3908 771 3956 pr.
882 3892 981 3956 ¹sicut]
995 3893 1036 3949 sic,
1049 3893 1087 3942 ed.
1099 3908 1136 3957 pr.

81 3961 435 4038 'uocatique-perficiunt
503 3958 700 4022 esmundi]om.
713 3958 747 4006 D.
861 3958 1037 4021 ⁴sibi]suum,
1050 3959 1088 4007 ed.
1101 3974 1137 4022 pr.

81 4029 154 4143 :n
178 4025 569 4145 ΝΝΝΝ
624 4021 975 4152 :aeneum
994 4089 1004 4117 .
1021 4023 1051 4138 ,5
1067 4023 1138 4153 Ν

83 4173 116 4272 pp
149 4173 190 4272 Cre
201 4158 229 4212 si,
242 4157 304 4207 ΑΒ.
401 4158 419 4185 ¹⁰
435 4107 505 4219 euml
517 4156 627 4210 turned.
640 4170 676 4219 pr.
757 4154 773 4183 ¹¹
792 4152 1019 4217 videtur-tollere]
1031 4162 1059 4202 to
1078 4161 1155 4245 eret¹⁴

590 4321 633 4362 12
