2864 4836
78 444 141 513 292

488 427 746 508 JOANNIS
786 427 1007 490 WICLIF
1204 454 1280 492 uara

204 590 349 691 phaberet,
364 592 388 651 si
402 591 440 651 ad
458 591 666 651 beatitudinem
684 590 769 649 fuerit
781 589 940 660 ordinatus,
955 592 1033 668 quia
1045 592 1126 653 illud
1142 591 1224 670 quod
1234 607 1279 650 net

222 700 266 747 est
280 707 335 747 nec
349 689 468 766 poterit¹
483 707 558 760 esse,
572 706 634 748 non
648 699 745 766 potest
763 687 842 747 aliud
859 706 1048 750 mensurare.
1093 690 1177 762 Iino,
1189 701 1220 749 m
1229 686 1277 749 diu'

223 788 361 864 superius,
376 787 494 864 quilibet
513 788 667 846 damnatus
686 786 759 845 soret
773 795 842 845 tunc
861 785 1069 847 beatificatus¹
1084 806 1182 866 supra
1194 786 1277 848 Cliti*

223 896 293 956 tum,
314 896 343 943 et
364 886 461 944 minus
481 903 571 961 quam
591 886 694 944 beatus
715 883 826 960 aliquis,
847 901 916 942 cum
939 901 1008 943 esse
1031 903 1100 945 non
1123 884 1276 964 poterit&

223 987 333 1043 beatos.
375 983 564 1043 Difficultates
585 993 683 1043 autem
703 983 775 1043 alias
788 984 825 1042 de
846 1000 945 1059 poena
963 1000 1077 1044 sensus
1095 984 1275 1045 talitertlnu·

224 1094 367 1152 natorum,
382 1092 412 1140 et
426 1083 579 1158 quomodo
597 1082 700 1144 melius
713 1091 759 1140 est
772 1080 852 1156 ipsos
866 1097 931 1140 esse
950 1081 999 1140 sic-
1014 1081 1184 1143 damnatos
1201 1096 1275 1159 qu

223 1181 346 1239 omnino
374 1198 436 1239 non
463 1198 536 1249 esse,
563 1198 630 1239 cum
658 1178 872 1239 difficultatibus
896 1177 970 1250 aliis,
995 1179 1144 1258 relinquo
1165 1179 1274 1259 posteri

224 1277 470 1355 perscrutandas⁸.

651 1677 747 1738 CAP.
770 1671 851 1736 xlv.

516 1849 561 1908 De
573 1857 744 1908 sacramento
756 1850 981 1927 confirmaubmi.

264 2006 387 2064 Alathr‘a.
430 2005 510 2077 Dic⁴,
529 2024 613 2082 rogo,
628 2005 665 2065 de
682 2016 867 2065 sacramento
888 2006 980 2077 tertio,
994 2005 1080 2083 quod
1097 2006 1278 2087 Confirmat&

118 2149 138 2173 ,ο
149 2109 169 2141 ¹*
225 2106 417 2163 communiter
427 2105 603 2176 nominatur,
615 2114 643 2164 et
654 2104 749 2180 primo
763 2104 800 2164 de
811 2105 874 2181 ejus
885 2103 1055 2163 fundatione
1067 2124 1108 2164 ex
1120 2106 1181 2166 fide
1192 2107 1277 2185 scrip·

225 2211 314 2260 turae.
350 2200 420 2260 Non
430 2202 509 2260 enim
520 2201 632 2260 videtur
642 2202 712 2260 mihi
724 2201 855 2263 fundatio
870 2201 1016 2261 sufficiens
1025 2221 1063 2261 ex
1075 2203 1129 2264 illo
1138 2205 1207 2265 Act.
1215 2205 1277 2263 viii:

225 2306 309 2359 ‘cum
329 2300 476 2359 audissent
497 2301 630 2378 apostoli,
650 2303 699 2378 qui
720 2311 803 2360 erant
823 2300 1048 2377 Hierosolymis,
1067 2303 1155 2379 quod
1174 2302 1277 2380 reoepit

226 2399 355 2459 Samaria
375 2400 496 2457 verbum
518 2397 583 2469 Dei,
606 2398 746 2458 miserunt
767 2399 805 2459 ad
826 2416 879 2457 eos
900 2396 1019 2457 Petrum
1040 2408 1069 2457 et
1090 2398 1276 2478 Johannem3

224 2499 273 2575 qui
294 2516 361 2557 cum
382 2498 537 2566 venissent,
559 2506 714 2555 oraverunt
734 2514 789 2573 pro
810 2496 861 2566 eis,
882 2506 913 2554 ut
934 2496 1119 2572 acciperent⁸
1142 2497 1276 2575 Spiritum

226 2593 372 2654 Sanctum’
399 2605 452 2652 etc.
499 2593 545 2650 Ex
570 2594 625 2651 isto
652 2603 732 2651 textu
756 2593 950 2652 communiter
975 2592 1172 2664 concluditur,
1201 2593 1277 2673 quod

224 2711 311 2768 supra
332 2693 518 2768 baptismum,
536 2709 595 2767 quo
616 2691 797 2767 baptisantur
817 2690 962 2760 homines,
983 2701 1099 2766 oportet
1123 2692 1277 2751 confimta·

222 2792 332 2848 tionem
354 2790 546 2865 apostolicam
567 2788 731 2864 superaddi,
746 2805 814 2847 cum
828 2789 870 2847 sic
889 2787 1019 2847 fecerunt
1038 2789 1177 2864 apostoli.
1221 2788 1277 2849 Sed

223 2889 309 2945 nimis
330 2888 399 2946 levis
414 2888 524 2945 videtur
545 2904 610 2944 esse
631 2885 705 2944 haec
726 2885 917 2955 confirmatio,
933 2887 1002 2962 quia
1022 2885 1080 2944 dici
1094 2900 1199 2963 posset
1213 2905 1277 2965 pro

222 2986 362 3056 babiliter,
385 2984 464 3061 quod
485 2984 552 3042 licet
573 2984 727 3059 baptisatio
749 2982 778 3041 in
801 2984 920 3042 nomine
937 2981 1009 3060 lesu
1032 2982 1152 3042 Christi
1170 2985 1222 3044 luit
1242 2984 1276 3043 ad

223 3094 338 3160 tempus
357 3083 458 3152 valida,
475 3100 627 3158 quousque
647 3099 757 3139 nomen
774 3080 852 3139 istud
867 3077 975 3139 suerat⁶
993 3080 1172 3142 sufficienter
1186 3083 1277 3161 publi-

223 3192 328 3251 catum,
343 3191 441 3239 tamen
462 3180 657 3255 publicatione
676 3178 731 3237 hac
752 3178 828 3237 lacta
848 3178 901 3237 fuit
918 3179 956 3237 ad
975 3177 1103 3237 formam
1121 3182 1275 3240 verborum

221 3279 365 3355 evangelii
380 3278 572 3346 redeundum,
588 3287 616 3335 et
631 3277 672 3335 sic
688 3277 809 3335 nomine
830 3288 915 3335 tenus
937 3277 1073 3353 baptisati
1094 3277 1125 3335 in
1148 3277 1276 3338 Samaria

223 3377 338 3435 luerunt
362 3376 488 3451 legitime
514 3373 688 3451 baptisandi,
711 3375 784 3433 sicut
805 3375 940 3451 baptisati
964 3374 1112 3450 baptismo
1132 3372 1276 3452 Johannis

223 3476 266 3532 vel
287 3476 343 3533 alio
368 3474 515 3551 baptismo
540 3472 706 3549 illegitimo⁷
727 3483 794 3531 sunt
819 3473 881 3531 sine
904 3472 1035 3550 periculo
1056 3474 1161 3532 iterum
1184 3473 1273 3551 bapti·

256 3683 262 3710 ¹
280 3681 385 3746 poterit]
408 3687 498 3744 potest.
519 3679 611 3730 ABE.
635 3679 674 3728 od.
697 3696 735 3744 pr.
915 3676 1109 3742 ’bearifieatuq
1129 3680 1162 3728 bn
1181 3679 1272 3732 tintus

222 3745 260 3793 ed.
273 3761 309 3809 pr.
413 3744 637 3810 ’perscrutandns]
650 3744 842 3809 pertractandas
855 3743 1000 3793 aneon.
1017 3758 1055 3807 pr.
1131 3744 1142 3774 ⁴
1186 3745 1221 3810 ie]
1233 3743 1272 3793 sed

222 3811 270 3865 dic,
283 3810 311 3858 B.
324 3810 417 3874 primae
428 3826 524 3865 manus,
535 3811 573 3860 ed
586 3826 622 3874 pr.
770 3809 779 3837 ⁵
795 3809 861 3873 quod
874 3809 966 3873 recepit
977 3808 1271 3874 Samaria—noeiperent]

222 3892 271 3924 om.
288 3877 329 3931 A..
342 3877 369 3923 B.
381 3876 475 3939 primae
491 3891 585 3931 manus,
598 3875 635 3924 ed.
647 3891 684 3939 pr.
722 3874 809 3924 Codex
822 3874 854 3922 D.
866 3874 935 3923 addit
951 3874 1040 3922 verba:
1064 3875 1192 3924 *nondum
1208 3876 1270 3924 enim

222 3941 247 3989 in
259 3957 396 4004 quenquam
414 3956 498 3990 eornm
510 3948 616 3995 venerat,
628 3941 670 3988 sed
682 3940 799 4004 baptisati
816 3947 911 3989 tantum
929 3946 997 3987 erant
1015 3939 1041 3987 in
1057 3942 1160 3990 nomine
1171 3939 1270 3989 Domini

222 4007 296 4098 ἔρως
314 4015 373 4055 tune
381 4005 542 4070 imponebant
551 4021 638 4054 manus
647 4020 719 4069 super
731 4004 795 4060 illos,
807 4012 833 4054 et
844 4004 1028 4070 accipiebantS
1047 4005 1132 4054 'ritum
1139 4005 1270 4055 Sanctum.⁸

248 4087 338 4120 nomen
348 4071 412 4120 istud
421 4070 511 4133 suerat]
521 4086 572 4119 non
583 4078 635 4119 erat
646 4070 719 4123 istud,
730 4071 772 4124 B.;
790 4085 840 4119 non
849 4069 928 4120 luerat
939 4069 1013 4123 istud.
1049 4070 1161 4134 ‚primae
1170 4086 1269 4124 manns;

222 4151 313 4248 rppmen
324 4135 389 4249 ἱεὲιιά
400 4135 480 4190 inerit,
493 4136 539 4192 D.;
558 4152 608 4185 non
620 4135 691 4185 suerit
703 4135 776 4192 istud,
787 4135 825 4186 ed.
838 4151 874 4199 pr.
972 4134 982 4163 ¹
1000 4134 1145 4201 illegitimo]
1157 4136 1270 4201 legitime.

247 4217 337 4250 ¹secun
355 4217 384 4250 ae
396 4217 490 4249 manus.
