2864 4836
79 463 174 500 cna.
286 498 289 503 ,
438 440 785 504 annrocvs

80 599 163 660 Deus
177 611 221 662 est
235 601 431 680 omnipotens,
444 621 511 663 cum
525 621 615 664 omne
629 603 773 682 positum¹
787 603 966 682 producibile
980 604 1132 683 producit;

80 710 234 777 peccatum
254 711 361 772 autern,
381 700 462 778 quod
480 712 525 762 est
538 700 669 762 delectus
688 703 825 775 hominis,
839 721 902 762 non
918 703 1083 780 producit²;
1105 712 1135 764 et

80 797 124 858 sic
142 801 356 876 omnipotentia
374 799 432 859 Dei
451 810 480 859 et
499 802 562 877 ejus
576 801 696 861 actualis
715 803 823 861 creatio
837 803 883 862 vel
902 802 1032 862 causatio
1047 801 1134 862 adae-

80 897 229 975 quantur³,
241 914 303 957 non
318 897 399 976 quod
413 900 626 976 omnipotentia
639 917 738 960 suase
753 901 883 960 extendit
896 900 935 959 ad
949 900 1045 979 aliqua
1059 918 1135 978 quae

79 1006 114 1055 tu
134 1012 195 1054 non
216 996 360 1074 intelligis,
375 1006 425 1056 aut
445 996 526 1074 quod
547 997 594 1058 illa
614 1016 677 1057 non
697 1008 765 1057 sunt
786 997 937 1074 signanda,
952 996 1005 1061 sed
1020 998 1135 1056 omnia*

80 1093 250 1170 hujusmodi
264 1104 331 1155 sunt
346 1094 493 1154 defectiol.
534 1094 573 1153 Et
583 1096 624 1155 sic
637 1095 744 1154 tollitur
754 1114 828 1172 vaga
838 1096 1008 1173 imaginatio
1023 1095 1135 1172 sophis·

81 1202 186 1262 tarum,
201 1194 251 1270 qui
264 1192 336 1252 false
350 1191 459 1264 dicunt,
473 1193 555 1270 quod
568 1192 730 1269 intelligunt
749 1194 847 1265 multa,
859 1211 934 1270 quae
949 1192 1135 1253 balbutiendo

82 1308 139 1350 nec
150 1289 232 1350 Deus
242 1308 298 1350 nec
308 1292 363 1367 ipsi
375 1287 561 1367 intelligrmtl.
597 1288 685 1349 Unde
700 1291 771 1350 tales
786 1293 946 1368 negativae,
961 1290 1061 1352 ‘Deus
1074 1310 1136 1351 non

82 1387 217 1465 intelligit
234 1385 307 1460 ista,’
328 1388 436 1448 debent
454 1389 496 1447 sic
515 1389 641 1465 probari,
656 1390 724 1448 ‘ista
742 1407 804 1447 non
823 1400 899 1461 sunt,
914 1407 986 1466 ergo
1004 1390 1058 1449 ista
1074 1406 1136 1448 non

82 1485 297 1562 intelligentis:
311 1496 341 1545 et
355 1485 533 1546 antecedens
546 1495 644 1563 potest
657 1487 775 1565 intelligi
787 1488 861 1547 sicut
878 1488 941 1564 ejus
956 1488 1136 1565 subjectum

83 1602 174 1644 nemo
187 1594 287 1644 tamen
300 1584 431 1662 intelligit
444 1583 526 1662 quod
539 1584 701 1662 adaequate
716 1586 870 1662 significat,
886 1585 939 1645 sed
952 1588 1021 1663 quia
1041 1586 1138 1647 deficit

83 1683 150 1761 ejus
171 1682 367 1761 adaequatum
389 1683 593 1761 significatum,
617 1682 685 1742 ideo
710 1701 810 1743 verum
835 1694 878 1743 est
900 1683 982 1760 quod
1004 1684 1052 1743 illa
1075 1701 1137 1742 non

84 1791 161 1842 sunt.
213 1780 251 1840 Et
275 1791 355 1858 patet
379 1780 474 1858 plane,
498 1781 580 1858 quod
604 1781 732 1858 sequitur
755 1782 928 1853 necessario,
954 1779 1034 1859 quod
1058 1779 1140 1840 Deus

84 1879 214 1956 culpabit
226 1880 374 1957 injustum,
388 1898 457 1939 curn
471 1879 553 1939 aliter
566 1877 703 1939 deficeret
716 1878 772 1939 Dei
788 1879 905 1957 justitia,
920 1889 948 1938 et
962 1878 1045 1938 Deus
1062 1878 1139 1938 ordi·

85 1978 164 2038 navit
178 1977 359 2038 aeternaliter
368 1977 450 2054 quod
461 1976 645 2054 culpabiturl,
657 1976 709 2036 sed
723 1996 784 2037 non
798 1976 940 2037 ordinavit
954 1977 1035 2056 quod
1048 1976 1140 2038 bomo

85 2076 229 2153 peccabit,
250 2077 320 2154 quia
343 2094 430 2153 super
453 2075 511 2136 hoc
533 2094 595 2135 non
616 2075 693 2136 cadit
713 2076 857 2136 ordinatio
878 2076 930 2136 sed
951 2075 1140 2136 deordinatio.

86 2173 126 2234 Et
140 2175 163 2234 si
177 2192 309 2252 quaeras,
320 2192 411 2253 quare
425 2173 508 2234 Deus
522 2192 583 2234 non
598 2174 745 2252 prohibuit
758 2174 910 2234 hominem
920 2191 958 2234 ne
973 2175 1014 2235 sic
1027 2184 1139 2251 peccet,

86 2283 131 2334 est
143 2273 216 2333 mihi
229 2272 349 2334 faciliter
361 2270 547 2350 respondere,
561 2271 641 2350 quod
655 2273 722 2332 ideo
736 2273 804 2350 quia
818 2272 875 2338 hoc
894 2290 955 2333 non
969 2270 1022 2332 fuit
1042 2271 1141 2349 prohi-

88 2372 154 2444 bile,
170 2389 238 2432 cum
248 2370 397 2448 nonfur't,·
415 2388 473 2429 nec
483 2372 613 2447 potentia
622 2369 680 2430 Dei
694 2389 725 2430 se
735 2371 865 2431 extendit
879 2370 993 2441 adhoc,
1005 2389 1073 2431 cum
1083 2370 1142 2430 hoc

87 2489 143 2530 non
156 2476 203 2542 est,
217 2481 247 2530 et
259 2470 396 2547 potentia
415 2468 513 2528 divina
533 2486 594 2528 non
615 2487 646 2528 se
667 2468 795 2528 extendit
816 2469 854 2528 ad
874 2468 945 2529 nihil
959 2469 1004 2529 vel
1018 2486 1142 2529 vacuum

87 2569 133 2629 vel
151 2585 214 2627 non
233 2586 294 2628 ens.
336 2566 374 2626 Et
393 2584 498 2626 omnes
511 2565 706 2642 prohibitioms
719 2565 783 2639 Dei,
799 2585 875 2645 quae
893 2568 1094 2645 exprimuntur
1112 2567 1143 2624 in

88 2669 238 2745 scriptura,
257 2663 468 2742 intelligrmtur⁸
488 2665 543 2724 sub
562 2665 730 2725 conditione
749 2666 844 2736 tacita,
858 2666 940 2742 quod
959 2666 982 2726 si
1002 2665 1074 2725 iacis
1092 2666 1142 2735 sic,

88 2775 159 2825 tunc
174 2765 340 2825 necessario
358 2763 502 2840 punieris;
524 2761 591 2822 ideo
606 2773 724 2841 propter
742 2762 812 2822 illud
830 2763 991 2840 periculum
1009 2763 1144 2841 prohibet

89 2863 173 2924 Deus
188 2880 226 2922 ne
240 2863 283 2922 sic
297 2862 355 2933 liat,
368 2861 426 2922 hoc
440 2871 484 2922 est
498 2861 644 2932 certificat,
660 2862 683 2921 si
698 2862 739 2921 sic
753 2861 863 2921 factum
877 2861 970 2933 fuerit,
985 2862 1028 2922 sic
1041 2860 1144 2938 punie-

89 2971 153 3037 tur;
174 2979 237 3022 non
249 2972 349 3021 tamen
362 2969 406 3021 est
423 2959 560 3037 possibile
580 2958 661 3037 quod
674 2958 756 3019 Deus
770 2957 930 3038 quidquam
948 2958 1075 3030 mandet,
1091 2958 1145 3017 nisi

89 3060 194 3139 aliquis
206 3059 265 3120 boc
278 3060 420 3130 observet,
435 3067 467 3118 ut
485 3067 565 3135 patet
584 3057 621 3117 de
640 3054 774 3118 Christo:
803 3057 866 3117 aliis
884 3066 983 3117 autem
1002 3056 1146 3134 praevari-

91 3157 240 3222 cantibus⁹
258 3159 413 3236 praecepit,
428 3156 509 3234 quod
527 3173 589 3216 non
608 3157 649 3216 sic
668 3155 843 3227 faciantve}
861 3155 970 3215 aliter¹⁰
981 3155 1146 3233 punientur.

91 3257 236 3319 Absolute
251 3254 375 3316 autem¹¹
394 3255 590 3315 necessarium
608 3263 660 3326 est,
674 3253 756 3331 quod
769 3272 830 3313 non
845 3254 886 3314 sic
904 3252 1061 3313 facerent¹²
1074 3253 1147 3312 sicut
1177 3270 1187 3281 ’

91 3355 176 3416 Deus
189 3364 218 3415 et
231 3354 323 3419 homo
337 3354 503 3414 necessario
522 3351 712 3429 intelligunt¹³
729 3349 871 3430 quidquid
889 3349 1040 3421 mandant,
1054 3348 1147 3408 horno

91 3465 193 3515 tamen
213 3471 301 3530 saepe
322 3451 393 3514 salse
417 3451 549 3528 intelligit
570 3451 642 3511 illud
665 3449 746 3527 quod
766 3448 893 3508 mandat.
935 3447 1088 3520 Quantum
1109 3447 1148 3506 ad

92 3551 254 3612 libertatem
275 3550 389 3611 divinae
414 3551 570 3627 potentiae,
592 3559 672 3626 patet
693 3547 775 3625 quod
798 3557 842 3608 est
866 3564 979 3606 summe
999 3546 1097 3616 libera,
1119 3555 1148 3605 et

92 3660 193 3710 tamen
217 3648 358 3728 quidquid
381 3647 458 3720 iacit,
485 3648 649 3709 necessario
674 3645 831 3718 eveniet¹⁴3
863 3645 937 3705 sicut
960 3643 1043 3704 Deus
1066 3653 1149 3720 pater

128 3859 276 3926 ¹posltum]
288 3859 429 3926 positivum,
439 3859 468 3910 C.
478 3859 516 3909 ed.
528 3874 565 3923 pr.
631 3859 783 3925 ’rodueit]
796 3860 946 3925 producitur.
954 3860 988 3909 D.
1053 3858 1150 3909 'adae-

162 3925 214 3990 tur]
226 3931 392 3990 coaequantur
403 3925 442 3974 ed.
453 3941 490 4001 pr.
540 3876 783 3990 ‘omniafomnina
796 3927 855 3976 B.C.
866 3926 904 3975 ed.
916 3942 953 3990 pr.
1005 3923 1137 3974 ⁸desectio

94 3942 214 4048 ww&
226 3991 258 4040 Α,
356 3990 366 4020 ⁸
382 3989 534 4054 intelligunt]
546 3990 669 4055 intelligit,
681 3991 774 4040 ΑΜ.
786 3990 824 4040 ed.
836 4007 873 4055 pr.
971 3989 981 4020 ⁷
998 3988 1138 4054 culpabitur

96 4056 217 4122 culpabit.
229 4055 268 4106 ed.
280 4071 318 4121 pr.
416 4055 426 4084 ¹
442 4054 624 4120 intelliguntur]
637 4057 682 4106 snb
694 4056 870 4120 intelligantur.
883 4055 916 4105 D.
1026 4056 1036 4084 ⁹
1052 4069 1151 4119 praeva-

94 4121 244 4186 ricantibus]
256 4119 498 4186 praevaricatoribus,
509 4120 548 4170 ed.
559 4136 597 4186 pr.
652 4122 671 4151 ¹⁰
687 4121 726 4172 vel
737 4121 819 4186 aliter]
831 4121 953 4178 alitem
1020 4120 1038 4150 ¹¹
1055 4118 1151 4250 autern}

96 4195 192 4242 tamen
203 4187 242 4236 ed.
253 4203 291 4252 pr.
341 4185 361 4218 ¹¹
377 4185 850 4251 nonsiciacerent]homosiciaeeret‚
863 4187 896 4236 D.
963 4186 981 4217 ¹⁸
997 4185 1138 4251 intelligunt

96 4252 247 4316 intelligant,
259 4251 292 4301 A.
391 4250 410 4281 ¹⁴
425 4251 533 4317 eveniet]
545 4253 649 4309 eveniat.
660 4252 699 4303 ed.
711 4269 748 4317 pr.

1167 453 1260 521 ⁴71
