2864 4836
499 426 759 506 JOANNIS
799 427 1020 489 WJCLIF
1198 450 1278 489 usur

229 588 266 648 de
295 588 437 666 supplicio
461 589 664 665 praecavendo
692 599 822 650 moveret
845 590 955 650 uanus
981 589 1108 650 adhoc
1133 601 1274 667 pecatum

228 685 359 747 luxuriae
373 688 585 748 detestandum.

153 838 179 863 u,
270 784 433 843 Phronerri.
484 784 582 845 Placet
610 785 647 845 de
675 786 820 846 sententia
846 801 937 864 quam
963 785 1105 863 injungis,
1134 795 1164 846 et
1191 787 1274 862 primo

228 883 340 943 videtur
353 882 424 942 mihi
438 883 607 960 expediens,
619 885 699 960 quod
714 885 826 943 luxuria
840 884 1028 944 describatur.
1071 883 1176 944 Potest
1189 895 1273 943 auten

228 983 270 1041 sic
286 982 419 1051 describi,
434 981 515 1058 quod
529 992 573 1040 est
591 981 687 1040 illicita
700 983 847 1041 voluntas¹
862 982 1000 1041 membris
1019 983 1197 1059 genitalibus
1214 982 1274 1040 abu·

228 1079 317 1149 tendi,
345 1089 374 1137 et
401 1079 531 1138 consistit
560 1080 753 1138 communiter
780 1079 857 1138 circa
884 1079 1032 1139 sensibilia
1059 1097 1167 1140 sensus
1192 1089 1274 1139 tactu

228 1177 351 1236 istorum
372 1179 581 1248 membrorum,
596 1178 669 1235 sicut
689 1177 758 1253 gula
778 1177 911 1236 consistit
932 1176 1130 1236 communiter
1145 1179 1223 1237 circa
1238 1178 1274 1234 in-

227 1273 441 1333 ordinationem
466 1275 645 1333 sensibilium
669 1275 852 1350 objectorum
877 1273 995 1334 sensus¹
1018 1285 1133 1352 gustus
1183 1274 1221 1334 Et
1239 1276 1274 1333 sic

228 1373 360 1448 quamvis
381 1372 562 1432 inordinatus
586 1382 668 1432 actus
691 1373 772 1432 istius
796 1372 908 1449 peccati
929 1364 1064 1433 consistit
1090 1374 1275 1432 communiter

228 1469 305 1527 circa
326 1470 449 1528 abusum
470 1471 670 1529 membrorum
688 1470 847 1546 generandi
867 1479 896 1529 et
916 1470 1035 1530 seminis
1056 1470 1166 1542 effluxi,
1187 1481 1275 1531 tamea

228 1577 381 1643 peccatum
395 1567 558 1626 radicaliter
571 1577 614 1627 est
628 1568 658 1625 iu
678 1570 784 1638 anama,
799 1585 867 1626 cum
881 1566 1014 1627 Christus
1028 1567 1098 1627 dicit
1119 1568 1225 1630 Mattb
1238 1583 1275 1626 u:

227 1662 352 1724 ‘Omnis
379 1665 428 1742 qui
454 1665 553 1725 viderit
578 1665 729 1725 mulierem
757 1666 796 1724 ad
823 1661 1095 1742 concupiscendum
1124 1686 1201 1739 earn,
1222 1667 1276 1744 jam

227 1761 398 1822 moechatus
419 1774 463 1823 est
476 1781 543 1822 eam
564 1765 595 1822 in
608 1763 697 1823 corde
712 1762 799 1823 suo⁸.’
841 1761 942 1840 Opera
962 1773 1062 1822 tamen
1083 1764 1169 1825 istius
1182 1764 1276 1824 volun·

227 1861 308 1919 tatis⁴
321 1861 466 1920 indebitae
478 1862 641 1922 consistunt
651 1862 844 1921 communiter
854 1862 931 1920 circa
940 1862 1074 1921 virtutem
1085 1864 1276 1938 generativam

227 1968 256 2017 et
276 1960 340 2036 ejus
361 1961 532 2036 subiectum,
547 1970 577 2019 et
591 1979 643 2037 per
659 1977 844 2036 consequens
864 1960 942 2019 circa
957 1969 1068 2018 tactum
1083 1963 1277 2021 membrorum

227 2059 461 2133 generativorum
476 2059 568 2117 taliter
581 2075 781 2117 nervosorum.

266 2154 389 2213 Alriluir.
431 2155 559 2215 Pseustis
577 2156 625 2215 hic
644 2156 752 2234 objicit,
767 2166 797 2214 et
817 2156 893 2214 circa
906 2155 984 2215 istud
1002 2156 1033 2214 in
1046 2166 1129 2232 parte
1143 2159 1277 2218 mussito:

227 2269 295 2310 cum
319 2270 427 2327 perse
452 2253 517 2312 finis
541 2253 627 2330 hujus
650 2263 732 2313 actus
757 2253 922 2312 naturaliter
945 2253 1102 2312 intenditur
1126 2273 1145 2314 a
1170 2267 1280 2327 namra,-

226 2349 338 2409 videtur
350 2351 431 2426 quod
452 2361 554 2411 natura
576 2362 604 2410 et
618 2353 660 2411 sic
674 2351 756 2411 Deus
776 2347 935 2410 ordinavit¹
949 2352 1046 2410 media
1066 2361 1097 2412 et
1118 2353 1161 2413 sic
1179 2371 1277 2431 opera·

226 2448 322 2506 tiones
336 2448 502 2508 naturaliter
515 2449 553 2507 ad
567 2450 702 2508 eundem.
747 2447 826 2509 Sicut
840 2466 911 2524 ergo
922 2447 1004 2508 Deus
1018 2449 1162 2510 ordinavit
1167 2452 1187 2522 ⁸,
1199 2449 1275 2529 quod

225 2544 316 2603 homo
344 2556 496 2622 generaret
520 2546 670 2605 hominem
693 2547 853 2605 secundum
878 2564 970 2605 sexus
991 2547 1225 2620 discretionem¹,
1249 2558 1274 2607 et

226 2642 383 2701 ordinavit⁸
404 2645 536 2702 membra
558 2644 608 2702 ac¹
629 2646 745 2702 virtutes
766 2644 803 2702 ad
824 2645 917 2703 taliter
938 2645 1162 2720 procreandum,
1179 2649 1221 2706 sic
1242 2648 1277 2704 vi·

227 2739 310 2798 detur
325 2759 387 2799 esse
403 2741 511 2799 licitum
525 2753 553 2800 et
568 2742 635 2800 Deo
650 2741 787 2817 placitum
802 2741 882 2818 quod
897 2741 987 2800 homo
1003 2744 1044 2801 sic
1059 2756 1203 2819 procreet,
1215 2747 1278 2823 quia

227 2839 264 2894 ab
279 2855 324 2907 eo,
340 2840 388 2914 qui
404 2856 465 2896 non
479 2850 576 2915 potest
590 2842 619 2898 in
634 2839 817 2917 ordinatione
832 2839 964 2910 deficere,
980 2840 1022 2898 sic
1036 2851 1080 2899 est
1099 2843 1279 2902 aetemaliter

226 2935 399 2994 ordinatum.
446 2936 608 3008 Quomodo
633 2955 705 3012 ergo
731 2955 792 2996 non
818 2937 1002 2996 mereretur¹⁰
1026 2937 1117 2998 homo
1143 2941 1174 2998 in
1200 2960 1278 3000 com·

225 3031 352 3108 pletione
375 3033 566 3093 ordinationis
588 3035 710 3105 divinae,
725 3053 793 3094 curn
815 3036 955 3104 membra,
973 3037 1094 3096 materia
1115 3048 1144 3098 et
1165 3040 1279 3099 virtus¹¹

225 3149 259 3189 ac
274 3131 431 3190 vehemens
445 3133 590 3208 appetitus
605 3133 695 3191 taliter
710 3133 884 3209 procreandi
895 3134 1060 3193 naturaliter
1072 3132 1158 3194 sint¹¹
1168 3137 1280 3197 homini

225 3229 318 3300 insita,
339 3230 415 3288 sicut
436 3239 465 3288 et
485 3231 586 3289 omnia
606 3230 644 3288 ad
665 3230 893 3307 completionem
913 3231 987 3290 illius
1012 3233 1110 3307 operis
1135 3237 1279 3312 requisita

225 3325 263 3385 Et
296 3336 357 3386 tota
385 3330 437 3387 ista
471 3329 591 3387 materia
618 3339 755 3388 tractatur
782 3327 885 3388 diffuse
912 3346 964 3406 per
992 3333 1202 3392 anatomicos¹³
1231 3353 1280 3393 na-

225 3424 340 3485 turales.

266 3523 429 3581 Phrenesis.
472 3522 533 3583 Hic
548 3524 615 3582 dico
635 3525 685 3583 tibi
705 3535 734 3584 et
748 3524 864 3584 cuilibet
884 3524 990 3583 stolido
1011 3525 1185 3600 adversanti,
1200 3532 1281 3607 quod

226 3620 389 3694 procreatio
413 3632 443 3679 et
467 3620 556 3697 prolis
581 3622 731 3697 generatio
756 3622 830 3680 sicut
854 3631 883 3680 et
905 3640 958 3680 sua
980 3623 1142 3683 mediaest
1166 3625 1280 3686 homini

258 3806 267 3835 ¹
283 3805 411 3872 voluntas]
423 3809 546 3872 voluptas,
559 3809 587 3858 B.
686 3808 696 3837 ¹
712 3809 812 3921 sensuq
822 3824 945 3866 sensuum,
959 3809 992 3859 D.
1004 3809 1043 3860 ed.
1055 3827 1093 3875 pr.
1202 3815 1212 3844 ⁸
1229 3831 1281 3865 mu.

225 3871 416 3922 liorem-corde
428 3873 485 3937 suo]
499 3890 548 3922 om.
560 3875 598 3923 ed.
611 3890 647 3938 pr.
747 3874 755 3902 ¹
772 3891 803 3923 vo
814 3874 917 3938 uniatis]
930 3876 1074 3940 voluptatis.
1087 3877 1115 3926 B.
1189 3879 1200 3908 ¹
1216 3883 1281 3930 ordi-

225 3937 303 4000 navit]
317 3939 422 3994 ordinat,
434 3939 528 3988 A.B.C.
660 3940 670 3969 ¹
686 3939 820 4003 ordinavit]
833 3939 937 3994 ordinat,
950 3941 1012 3989 AB.
1165 3944 1174 3970 ¹
1191 3946 1281 3996 disere

225 4003 329 4065 tionem]
342 4003 532 4060 distinctionem,
545 4004 578 4052 D.
687 4006 697 4033 ¹
713 4005 848 4068 ordinavit]
858 4006 964 4062 ordinat,
977 4007 1031 4054 Ab
1140 4009 1150 4038 ¹
1167 4013 1280 4061 membra

224 4067 266 4132 ac]
278 4084 328 4116 om.
337 4069 376 4117 ed.
388 4084 424 4132 pr.
535 4070 554 4099 ¹⁰
570 4069 714 4133 mereretur]
727 4078 841 4125 merctur,
854 4070 915 4118 Ab.
1031 4072 1048 4100 ¹¹
1067 4072 1143 4123 virtus
1168 4076 1280 4129 virtutes,

225 4133 288 4181 C.D.
301 4133 339 4182 ed.
352 4149 388 4197 pr.
516 4135 534 4163 ¹¹
551 4134 612 4198 sint]
625 4142 689 4191 sunt,
703 4135 736 4182 D.
748 4136 786 4184 ed.
798 4151 835 4199 pr.
956 4135 972 4163 '¹
989 4139 1144 4188 anatomicos
1169 4141 1279 4197 a.ss.c.;

224 4198 401 4248 anathomicos.
