2864 4836
586 431 840 509 JOANNIS
867 433 1078 495 WICLIF
1279 454 1363 490 unu.

310 592 376 640 sunt
389 582 474 659 panis
488 592 517 641 et
531 585 639 655 unum,
654 586 727 645 sicut
741 587 854 663 species
869 588 953 664 panis
972 588 1074 647 etvini
1094 596 1161 645 sunt
1179 586 1314 663 pancitas
1333 596 1364 644 et

309 679 429 740 vineitas
442 681 473 738 in
488 684 645 742 communi.

758 928 853 988 CAP.
876 928 911 987 V.

571 1077 617 1136 De
629 1081 725 1137 anim
738 1079 903 1137 tutellectrha
916 1087 942 1138 et
952 1081 1093 1137 sensitiva.

348 1227 467 1287 Azitta.
509 1227 630 1287 Videtur
651 1245 836 1305 consequens
857 1225 895 1285 ad
916 1227 1007 1286 dicta¹
1028 1226 1212 1286 tractandum
1234 1244 1301 1286 esse
1322 1225 1361 1286 de

308 1324 405 1384 anima
426 1326 598 1386 intellectiva
622 1336 651 1384 et
676 1326 735 1385 suis
757 1326 904 1402 potentiis,
926 1336 987 1384 tam
1008 1325 1155 1402 organicis
1179 1341 1270 1400 quarn
1296 1341 1360 1384 nou

308 1423 461 1499 organicis.
514 1423 573 1483 Sed
600 1424 712 1484 videtur
740 1424 819 1495 mihi,
844 1423 931 1482 frater
958 1422 1124 1494 Phrenesis,
1149 1432 1177 1482 te
1204 1421 1360 1482 manifeste

308 1522 437 1592 innuere,
452 1522 532 1597 quod
547 1523 644 1581 anima
664 1522 835 1582 intellectiva
850 1522 885 1581 sit
903 1532 985 1581 actus
1000 1522 1132 1598 corporis
1146 1521 1251 1597 phisici
1271 1538 1358 1595 orga-

308 1619 374 1689 nici,
389 1619 521 1679 habentis
540 1621 628 1680 vitam
647 1620 677 1679 in
696 1621 833 1697 potentia,
848 1628 880 1679 ut
898 1619 1060 1677 Aristoteles
1075 1618 1212 1679 describit
1226 1618 1358 1677 ammam

308 1719 339 1775 in
353 1718 512 1777 communi.

347 1814 484 1874 Pseustis.
528 1812 603 1875 Hic²
621 1834 683 1875 non
702 1826 798 1892 potest
816 1815 903 1875 irater
921 1826 988 1875 tuus
1001 1813 1219 1887 contradicere;
1241 1824 1271 1873 et
1290 1833 1359 1874 cum

309 1915 405 1972 omnis
427 1915 524 1973 anima
544 1915 705 1990 vegetativa
725 1914 769 1973 vel
791 1914 927 1973 sensitiva
941 1913 977 1972 sit
990 1911 1141 1972 educibilis
1165 1911 1202 1971 de
1224 1913 1359 1989 potentia

231 1996 237 2008 ’
308 2012 454 2082 materiae,
468 2022 497 2070 et
511 2013 553 2071 sic
567 2012 759 2089 corruptibilis
773 2013 811 2071 ad
825 2013 1043 2088 corruptionem
1057 2011 1101 2070 sui
1116 2011 1247 2087 subjecti,
1263 2012 1359 2069 mani-

308 2109 379 2168 feste
400 2109 519 2179 videtur,
539 2111 620 2186 quod
641 2111 738 2169 anima
757 2110 929 2170 intellectiva
949 2109 1077 2169 hominis
1097 2109 1134 2168 sit
1155 2108 1361 2185 corruptibilis,

309 2208 382 2267 sicut
403 2207 472 2266 dicit
492 2208 619 2267 haeresis
637 2208 758 2266 Averni
771 2219 800 2267 et
819 2208 942 2268 aliorum
961 2207 1113 2267 manifeste
1132 2205 1240 2266 infide
1259 2224 1358 2266 erran-

309 2306 389 2364 tium.
436 2304 494 2364 Ubi
508 2307 594 2383 igitur
615 2315 660 2365 est
676 2307 748 2366 haec
769 2307 842 2366 fides
863 2305 1026 2383 evangelii³,
1051 2303 1184 2391 ‘Jimete
1206 2321 1285 2377 eum,
1306 2306 1358 2382 qui

308 2413 405 2479 potest
418 2413 477 2461 tam
492 2422 599 2481 corpus
612 2423 705 2481 quarn
717 2405 845 2464 animam
858 2405 971 2463 mittere
984 2405 1016 2463 in
1029 2404 1196 2480 gehennam
1205 2400 1234 2461 i'

349 2502 512 2562 Phrenesis.
553 2502 666 2574 Fateor,
682 2505 763 2579 quod
776 2514 808 2562 ut
830 2505 927 2562 soror⁴
944 2504 1054 2574 asserit,
1070 2502 1303 2579 consequenter³
1316 2500 1356 2561 ad

308 2602 385 2661 dicta
394 2603 430 2661 de
442 2603 539 2660 anima
548 2602 675 2660 hominis
684 2602 743 2661 est⁰
751 2602 939 2679 loquendum,
945 2602 997 2660 sed
1006 2601 1113 2660 tenebo
1122 2601 1210 2658 mein
1219 2600 1358 2660 limitibus

308 2698 384 2770 fidei,
404 2700 555 2775 sequendo
574 2699 775 2776 philosophos,
791 2701 827 2759 de
847 2710 957 2776 quanto
979 2700 1164 2759 consentiunt
1177 2698 1230 2757 eil.
1270 2699 1357 2757 Aris-

307 2798 394 2854 toteles
404 2807 501 2855 autem
515 2807 544 2855 et
558 2797 604 2855 alii
619 2798 791 2858 diffinientes
804 2799 933 2857 animam
947 2798 978 2855 in
993 2797 1142 2856 communi
1158 2797 1194 2855 de
1205 2797 1271 2874 ipsa
1284 2815 1357 2856 con-

309 2895 445 2964 siderant,
470 2906 501 2952 ut
525 2904 569 2953 est
591 2907 672 2954 actus
693 2896 737 2955 vel
759 2896 885 2955 actuatio
908 2896 1039 2972 eorporis
1061 2894 1206 2966 natradis,
1228 2896 1358 2972 potentis

308 2993 463 3070 subjective
482 3011 617 3052 exercere
637 2995 823 3070 operationes
842 2993 950 3064 vitales,
965 3004 994 3052 et
1013 2994 1070 3052 hoc
1084 3003 1129 3053 est
1143 3011 1251 3070 corpus
1265 2993 1357 3071 phisi-

308 3109 375 3150 cum
389 3090 501 3149 hahens
515 3091 601 3149 vitam
615 3091 645 3149 in
659 3093 796 3168 potentia.
839 3091 885 3150 Ex
900 3109 961 3168 quo
975 3102 1061 3168 patet,
1073 3110 1141 3150 curn
1156 3092 1281 3169 spiritus,
1297 3109 1358 3168 quo

307 3190 396 3248 homo
416 3190 491 3263 vivit,
510 3191 545 3248 sit
563 3191 787 3274 incorruptibilis
799 3199 893 3268 'atque
911 3201 1077 3268 perpetuus,
1092 3189 1174 3266 quod
1192 3190 1300 3249 accidit
1317 3191 1357 3249 illi

307 3289 417 3366 spiritui
432 3289 473 3348 sic
488 3298 603 3348 actuare
618 3307 724 3366 corpus
735 3289 927 3366 corruptibile.
972 3289 1044 3347 Ideo
1058 3287 1178 3359 videtur,
1189 3288 1273 3365 quod
1286 3288 1357 3348 dicti

306 3387 473 3465 philosophi
487 3388 671 3447 considerant
685 3388 722 3446 de
740 3398 807 3447 actu
825 3388 921 3465 primo
940 3386 1077 3446 naturalis
1096 3386 1236 3463 corporis,
1251 3404 1356 3446 secun·

307 3486 377 3545 dum
401 3487 552 3557 rationem,
576 3504 635 3562 qua
659 3487 755 3563 ipsum
780 3496 824 3545 est
847 3486 971 3544 mixtum
995 3503 1104 3562 corpus
1128 3485 1170 3543 sic
1195 3484 1301 3556 vivum,
1325 3496 1356 3543 ut

306 3585 438 3643 videmus
452 3585 489 3643 de
504 3586 713 3660 vegetabilibus
726 3595 755 3643 et
769 3584 952 3644 sensibihbus
967 3581 1154 3660 corporibus⁸
1164 3582 1213 3641 hic
1228 3583 1358 3642 interra.

306 3682 344 3742 Et
371 3684 412 3741 sic
440 3683 601 3742 Aristoteles
630 3702 690 3742 non
719 3683 912 3743 consideravit
940 3682 992 3742 sed
1021 3683 1117 3752 tacuit,
1146 3681 1228 3758 quod
1256 3682 1357 3741 anima

305 3782 433 3841 hominis
457 3783 492 3840 sit
515 3783 602 3852 basis,
627 3782 779 3858 supposito
799 3781 843 3839 vel
862 3798 1004 3858 personae
1027 3779 1181 3850 humanae,
1207 3779 1250 3838 sic
1275 3780 1357 3857 quod

339 3955 346 3984 ¹
364 3952 442 4017 dicta]
455 3952 516 4002 haec
527 3952 601 4007 dicta
614 3953 647 4001 D.
746 3951 948 4046 ²h1c]hinc.D
1063 3950 1357 4016 ’mugelnjevmgelii

305 4019 397 4068 Matth.
409 4035 432 4067 ιι.
445 4018 538 4068 A...BC
552 4018 590 4068 ed.
602 4034 639 4083 pr.
781 4016 873 4081 quod
885 4025 913 4066 ut
925 3990 1006 4081 soror]
1018 4025 1046 4066 ut
1058 4032 1128 4067 soror
1138 4016 1254 4072 mmcd
1266 4017 1348 4081 pr..C

304 4085 504 4149 primaemanus‚
518 4083 550 4132 D.
665 4082 879 4148 ⁵consequenter]
892 4082 1062 4138 communiter.
1074 4082 1112 4132 ed.
1124 4097 1162 4147 pr
1278 4081 1355 4147 ἐι]

303 4165 364 4204 esse
376 4150 405 4199 C.
415 4150 454 4198 ed
466 4165 502 4212 pr.
632 4147 692 4212 ὀὶ]
706 4149 801 4205 rationi,
815 4147 848 4196 D.
947 4147 1187 4212 ⁸vegetabilibus&
1199 4145 1357 4230 sensibilibus

304 4214 460 4278 corporibus]
472 4213 625 4277 vegetatibus
638 4222 664 4264 et
674 4214 785 4263 sensibus
796 4213 914 4276 corporis,
927 4214 964 4262 ed
977 4228 1013 4277 pr
