2864 4836
104 402 169 468 312

519 389 778 469 JOANNIS
819 390 1053 456 WICLIF
1241 420 1314 457 ιιιιι.

64 561 160 598 &erm
167 563 212 639 {3²⁸¹
258 548 295 610 ad
308 550 452 610 honorem
466 550 522 610 Dei
536 563 565 610 et
578 551 730 611 utilitatem
748 552 917 613 universalis
937 556 1108 617 ecclesiae.
1155 558 1243 620 Unde
1255 558 1315 617 vitle-

63 604 104 678 ιιιῗ
93 604 210 687 mugi*

64 685 202 766 iiam

257 659 303 708 tur
323 649 403 719 mihi,
424 648 505 725 quod
529 651 692 710 notabiliter
714 650 810 710 deficit
830 669 848 710 a
869 652 994 712 caritate
1015 655 1165 730 perfecta
1184 668 1217 717 et
1234 672 1315 717 ame

64 771 121 806 ιιι.
110 765 199 841 ”⁶¹:¹¹
258 747 334 822 regis
360 747 403 806 sui
429 758 457 806 et
482 749 573 824 regni,
596 751 646 825 qui
672 749 756 825 prae¹
781 751 884 807 timore
909 752 1094 813 amissionis
1125 754 1314 832 temporalia

63 847 204 922 ’Ἥρω
257 854 286 901 et
314 845 458 902 amicitiae
486 856 674 921 satraparum,
703 847 763 905 imo
791 847 840 922 qui
869 855 993 922 propter
1023 851 1233 911 amissionem
1257 852 1315 909 viat

258 942 389 1017 corporis
408 941 480 1002 haee
499 943 634 1002 obmittit
676 942 741 1002 Nec
760 944 881 1003 dubium
899 943 973 1020 quin
993 950 1139 1045 apostoli
1160 949 1250 1009 etalii
1265 965 1314 1008 ωι-
1333 958 1349 991 ·’

258 1039 317 1097 dati
338 1039 445 1098 Christi
466 1041 598 1117 discipuli
618 1059 712 1118 usque
733 1041 771 1100 ad
793 1051 918 1100 mortem
938 1043 1031 1101 istam
1053 1048 1245 1107 sententiam
1262 1062 1316 1122 pro

257 1134 446 1214 mulgarunt²
488 1136 625 1198 Rext
575 1149 673 1198 autem
696 1149 725 1197 et
746 1157 870 1216 regnum
891 1140 923 1198 in
944 1140 1022 1199 isto·
1045 1155 1124 1203 sunt
1149 1143 1316 1204 mmmm

257 1251 293 1292 ex
318 1252 473 1293 consensu.
526 1235 601 1308 Quis
624 1255 696 1313 ergo
719 1238 811 1296 fidelis
833 1238 896 1313 ejus
920 1237 1036 1314 regius*
1057 1241 1094 1298 ιιι
1123 1242 1188 1303 hoc
1208 1252 1316 1320 pecua

257 1334 385 1391 maximo
409 1333 560 1392 reticeret?
601 1335 768 1394 Auctorisat
791 1336 871 1393 enim
894 1352 945 1393 rex
968 1349 1141 1411 peceatum
1167 1342 1316 1401 maximum

257 1429 325 1488 cleri
340 1431 384 1489 sui
400 1440 429 1488 et
443 1431 484 1489 sic
499 1431 626 1490 radicem
640 1433 761 1508 peccati,
776 1449 828 1508 per
841 1432 923 1508 quod
938 1449 1068 1508 regnum
1083 1439 1177 1512 quod
1191 1434 1315 1514 regau',

257 1537 302 1585 est
322 1527 469 1585 infectum.
511 1527 549 1587 Et
570 1547 638 1588 cum
653 1529 691 1588 ad
704 1547 806 1588 verum
827 1529 956 1588 seculare
979 1529 1160 1592 dominium
1178 1535 1317 1611 requiritur

255 1625 365 1702 justitia
388 1625 574 1699 dominantis,
595 1645 670 1704 quae
695 1638 838 1704 repugnat
862 1626 929 1685 huic
954 1628 1084 1700 crimini,
1108 1631 1230 1691 videtur
1247 1628 1317 1709 quoti

258 1742 308 1782 rex
331 1735 360 1783 et
381 1726 463 1801 regni
488 1725 532 1784 sui
556 1744 694 1802 proceres
715 1725 802 1786 nimis
822 1725 1018 1802 perfunctorie
1041 1726 1253 1789 dominantur.
1291 1726 1317 1786 Sl

258 1823 337 1880 enim
352 1824 513 1882 secundum
532 1823 628 1900 legem
642 1824 775 1901 Angliae,
791 1833 907 1882 tenente
927 1822 1085 1883 snrstrante
1105 1828 1264 1887 servitium
1280 1825 1317 1885 ei

259 1921 389 1997 capitalis
414 1921 526 1980 domini
551 1940 603 1999 per
627 1923 788 1993 biennium,
810 1921 875 1981 licet
900 1920 1015 1997 capitali
1040 1920 1175 1983 domino
1203 1927 1242 1985 de
1262 1926 1319 2002 jure

259 2021 337 2094 regis
361 2019 486 2096 Angliae
514 2038 618 2097 capere
642 2020 712 2080 illud
740 2021 903 2079 dominium
931 2019 969 2079 ad
995 2036 1068 2078 usus
1098 2022 1159 2080 sibi
1189 2024 1320 2100 proprios

259 2118 415 2192 tanquam⁸
429 2118 549 2193 indigne
563 2136 715 2195 persuum
729 2119 877 2178 subditum
891 2127 1080 2193 occupatum,
1095 2130 1218 2195 quanto
1231 2120 1319 2197 magis

260 2214 325 2273 licet
339 2217 401 2291 regi
415 2235 519 2292 regum
534 2217 694 2276 confiscare
714 2217 844 2276 dominia
858 2232 1025 2292 regnorum,
1040 2215 1066 2273 si
1082 2215 1224 2277 debitum
1237 2234 1318 2278 suum

260 2314 406 2371 servitium
431 2333 483 2390 per
507 2314 656 2390 multiplex
680 2315 831 2374 biennium
852 2314 887 2372 sit
909 2313 1080 2385 dimissum3
1114 2332 1189 2373 curn
1215 2316 1319 2376 debent

260 2412 371 2469 servire¹
389 2410 506 2471 Christo
531 2430 592 2470 non
617 2411 844 2471 consentiendo⁷
868 2409 1025 2486 proditorie
1054 2410 1246 2485 antichristo,
1271 2410 1319 2472 sed

260 2511 398 2585 operibus
413 2510 472 2568 suis
486 2509 603 2568 Christo
623 2510 773 2568 contrariis
793 2519 934 2585 quantum
954 2507 1100 2566 sufficiunt
1115 2509 1317 2581 adversando;

261 2619 348 2683 patet,
371 2626 422 2684 per
443 2619 583 2684 quantum
605 2619 721 2683 tempus
745 2618 825 2666 tante
850 2606 980 2664 debitum
1001 2602 1074 2664 Dei⁸
1100 2610 1256 2669 servitium
1278 2621 1317 2668 est

261 2706 430 2763 obmissum.
484 2705 522 2764 Et
549 2716 581 2764 ut
605 2706 717 2764 videtur
744 2705 823 2774 mihi,
848 2703 929 2780 quod
957 2703 1003 2761 ille
1032 2703 1126 2779 legius
1154 2709 1247 2782 regis,
1271 2708 1317 2784 qui

262 2803 456 2881 detectionem
477 2804 563 2862 talem
584 2805 746 2874 dimitteret,
761 2802 834 2861 soret
854 2819 955 2860 vecors
968 2797 1119 2877 proditor⁹
1133 2805 1224 2879 regiS,
1238 2805 1317 2881 regni

261 2913 289 2958 et
303 2888 366 2959 Dei.
410 2902 447 2959 Et
462 2913 601 2978 quantum
617 2901 654 2959 ad
675 2901 751 2959 istud
770 2899 850 2976 quod
871 2898 988 2969 invehis,
1004 2898 1085 2975 quod
1102 2900 1192 2959 timor
1207 2914 1317 2978 pertur-

261 3000 386 3057 bationis
405 3017 563 3074 regnorum
580 3000 696 3057 retrahit
716 3000 753 3056 ab
773 2998 944 3056 executione
962 2998 1044 3055 istius
1059 3001 1234 3070 sententiae,
1250 3018 1318 3059 con·

262 3097 381 3155 sidera¹⁰
409 3098 560 3173 quomodo
586 3097 768 3155 antichristus
792 3115 844 3173 per
869 3112 938 3153 suos
962 3095 1108 3170 principes
1135 3099 1268 3157 caecavit
1291 3108 1316 3156 et

262 3195 451 3253 vecordavit¹¹
467 3206 582 3253 nostros
597 3195 700 3252 milites
714 3195 744 3251 in
760 3194 814 3252 hac
829 3204 918 3268 parte.
961 3191 1040 3250 Nam
1058 3193 1097 3250 ad
1116 3194 1315 3254 invadendum

262 3312 352 3370 regna
370 3294 425 3351 alia
439 3295 468 3350 in
489 3311 577 3351 causa
597 3293 716 3369 propria
730 3301 759 3349 et
778 3292 846 3349 satis
866 3291 1003 3366 ambigua
1023 3301 1090 3348 sunt
1109 3292 1247 3363 audaces,
1267 3293 1317 3353 sed

263 3391 300 3448 ad
315 3391 522 3468 complendum
544 3408 618 3449 onus
638 3390 699 3447 leve
721 3400 749 3447 et
766 3389 927 3466 juvandum
947 3388 1092 3446 caritative
1107 3389 1223 3450 incolas
1237 3391 1316 3468 regni

264 3489 316 3558 sui,
331 3508 406 3565 quos
420 3489 513 3563 magis
528 3488 636 3546 debent
654 3487 781 3562 diligere,
796 3488 826 3544 in
844 3505 932 3545 causa
945 3485 1066 3544 Domini
1087 3499 1154 3545 sunt
1168 3490 1315 3548 vecordes

264 3585 327 3645 Nec
347 3587 466 3644 dubium
482 3586 553 3663 quin
568 3585 750 3645 antichristus
765 3603 831 3643 curn
847 3584 906 3642 suis
920 3584 1098 3661 principibus
1113 3585 1203 3644 istam
1218 3605 1314 3646 vecor-

296 3776 361 3839 ¹qui
374 3775 444 3839 prae]
457 3790 514 3839 quta
543 3791 578 3831 ro,
591 3775 629 3826 ed.
642 3791 678 3839 pr.
804 3771 1030 3840 'promulgarunt]
1036 3773 1238 3866 promulgarent.
1252 3775 1313 3825 C..D

262 3839 300 3888 ed.
313 3856 350 3903 pr
456 3790 578 3904 ³istoq'
554 3848 603 3890 rsto
614 3846 724 3906 peccato,
737 3839 831 3889 Α...Βο
842 3841 881 3889 ed.
892 3855 929 3903 pr.
1036 3837 1153 3903 'legiusJ
1157 3840 1277 3953 longius,
1285 3842 1313 3889 Α

263 3906 384 3954 secundae
394 3922 489 3957 manus
501 3905 561 3954 B.C
659 3905 790 3968 regeret]
800 3913 903 3969 regerat
914 3905 953 3953 ed.
966 3920 1003 3968 pr.
1107 3904 1182 3953 ‘aibr
1194 3921 1259 3999 prop
1259 3907 1313 3959 rios,

263 3970 391 4034 tauquam]
404 3972 451 4019 sibi
463 3971 576 4046 proprios
588 3970 642 4025 sibi,
655 3969 763 4025 n.B.;c
782 3986 839 4019 suos
850 3970 971 4035 proprios.
983 3969 1038 4025 sibi,
1049 3968 1131 4017 ed.r
1240 3922 1314 4019 ἓιιοιι

262 4036 469 4099 consentiendo]
463 4052 488 4084 ιιι
500 4052 551 4084 non
562 4036 746 4091 consentiendo
759 4036 791 4083 D.
803 4036 841 4084 ed.
854 4051 890 4099 pr
1078 3984 1200 4100 ’Βῆ
1155 4034 1211 4100 ]ei,
1223 4036 1305 4085 ΑΒΕ

262 4101 412 4165 proditor]
424 4101 527 4156 debitor,
541 4103 572 4149 Α.
646 4102 664 4131 ¹⁰
681 4101 819 4165 considera]
832 4100 969 4158 considero,
982 4098 1075 4151 n.B..c
1162 4103 1180 4132 ¹¹
1197 4110 1223 4151 et
1235 4116 1312 4152 vecor-

262 4166 342 4229 dan't]
355 4167 499 4222 vecorditer,
512 4166 605 4216 A.BC.
617 4166 655 4215 ed.
668 4183 705 4231 pr.
