2864 4836
580 433 837 515 Jonnnrs
864 432 1075 497 Wrcrru
1117 483 1119 487 .
1277 457 1355 495 uir.

301 597 461 676 producere
466 596 485 668 ¹,
501 606 571 657 tunc
585 606 629 655 est
644 595 712 656 dare
726 590 887 655 maximum
901 613 1056 655 numerum
1069 613 1159 673 quem
1173 604 1270 674 potest
1283 613 1353 673 pro·

301 695 415 768 ducere,
429 706 459 756 et
473 696 514 756 sic
528 695 575 754 ille
589 713 728 754 numerus
741 704 785 754 est
799 695 968 771 signandus,
982 704 1011 753 et
1026 695 1067 753 sic
1079 696 1212 771 potentia
1225 693 1283 754 Dei
1296 704 1353 753 ter·

300 797 427 856 minatio
453 793 492 852 ad
520 794 633 852 finitum
661 803 691 853 et
717 793 879 852 maximum
906 791 988 869 quod
1014 801 1120 870 potest,
1145 791 1227 871 quod
1253 803 1353 852 tamen

301 893 443 970 effugiunt
456 902 489 951 ut
502 909 663 963 venenum;
692 890 722 950 in
741 891 879 950 omnibus
899 891 960 951 istis
978 890 1106 951 facilitati
1125 909 1227 952 sumus
1246 908 1353 952 conce-

301 991 379 1062 dere,
389 989 471 1068 quod
480 999 525 1049 est
536 990 605 1049 dare
616 990 786 1059 maximum,
798 988 879 1067 quo'd
889 989 971 1049 Deus
980 1000 1078 1066 potest
1087 989 1247 1066 intelligere
1255 1009 1264 1063 ;
1285 990 1355 1066 quia

301 1090 373 1149 istos
393 1088 528 1148 homines
550 1105 626 1165 quos
648 1085 732 1147 Deus
754 1085 885 1164 intelligit
906 1098 936 1146 et
963 1086 1106 1164 producit,
1130 1097 1228 1164 potest
1250 1087 1354 1147 intelli·

302 1205 379 1264 gere,
401 1197 430 1246 et
450 1204 511 1246 non
532 1186 621 1258 ultra;
654 1184 734 1245 unde
755 1186 828 1245 sicut
848 1184 928 1244 idem
948 1196 994 1245 est
1016 1184 1094 1245 Deus
1108 1185 1309 1263 tirtelligithoc‚
1323 1196 1354 1246 et

297 1281 397 1363 potest¹
424 1283 575 1361 sirlellz'ger'e
599 1284 658 1356 hoc,
686 1285 728 1343 sic
755 1282 835 1343 idem
862 1294 906 1344 est
928 1282 1008 1343 Deus
1024 1285 1108 1363 soci!
1131 1283 1188 1356 hoc,
1217 1294 1247 1344 et
1274 1283 1356 1343 Deus

112 1390 240 1474 gam,
299 1384 492 1462 potestsacere
505 1383 561 1442 hoc.
603 1380 737 1441 Potentia
756 1392 853 1441 autem
872 1400 925 1442 sua
942 1392 985 1442 est
996 1383 1132 1442 utrolibet
1145 1382 1266 1455 infinita,
1286 1400 1355 1442 cum

111 1471 220 1508 '‘m“
304 1482 340 1542 sit
366 1482 496 1557 potentia
520 1499 582 1540 nou
609 1480 722 1540 habens
749 1481 839 1539 finem
865 1481 1039 1540 ulteriorem.
1091 1479 1226 1540 Potentia
1254 1491 1353 1540 autem

304 1590 401 1640 creata
414 1589 458 1638 est
479 1579 566 1651 finita,
587 1576 657 1657 quia'
674 1578 762 1638 habet
781 1579 870 1637 finem
890 1597 977 1656 supra
997 1598 1030 1639 se
1048 1579 1145 1656 ipsam
1164 1579 1306 1656 objective
1325 1590 1355 1638 et

304 1678 425 1738 finaliter
436 1678 646 1737 terminantem.
687 1676 727 1736 Et
739 1677 780 1737 ita
794 1676 916 1737 concedi
930 1685 1034 1755 potest,
1045 1676 1126 1755 quod
1136 1676 1215 1736 idem
1229 1687 1273 1737 est
1287 1694 1355 1753 pro-

304 1777 464 1838 ducibilitas
484 1785 631 1836 creaturae
650 1785 678 1834 et
693 1775 755 1852 ejus
774 1775 995 1853 intelligibilitas,
1014 1794 1082 1836 cum
1100 1775 1180 1835 idem
1197 1777 1242 1847 sit,
1257 1774 1356 1835 Deum

305 1879 382 1938 intus
398 1875 510 1952 legere³
528 1884 690 1935 creaturam
709 1873 876 1951 quamlibet,
895 1883 924 1933 et
938 1875 1033 1952 ipsam
1051 1872 1213 1951 producere
1231 1874 1278 1933 vel
1296 1891 1357 1933 ser-

306 1993 382 2034 vare.
422 1973 489 2032 Alia
502 1973 614 2032 autem⁴
627 1971 739 2031 videtur
752 1973 935 2032 instantanea
952 1971 1107 2050 productio
1128 1990 1218 2051 quam
1232 1973 1357 2032 servatio

307 2071 353 2132 vel
374 2071 539 2142 intellectio,
562 2080 592 2129 et
615 2071 658 2129 sie
680 2068 784 2130 eadem
806 2081 850 2130 est
871 2071 947 2147 ydea
968 2070 1107 2131 causandi
1128 2080 1158 2130 et
1178 2071 1358 2149 intelligendi

308 2169 466 2248 quamlibet
480 2178 650 2227 creatiuam.
692 2167 752 2227 Sed
771 2186 839 2227 cum
857 2168 970 2247 peccati
989 2170 1102 2229 nonsit
1120 2169 1204 2247 ydea,
1218 2188 1274 2229 nec
1288 2188 1357 2247 pec-

309 2267 365 2329 cati
378 2264 585 2343 productivitas
598 2266 642 2324 vel
661 2264 879 2342 producibilitas
897 2279 941 2328 est
958 2268 989 2325 in
1002 2267 1069 2328 Deo
1078 2286 1086 2340 ;
1114 2277 1231 2344 oportet
1250 2286 1357 2328 conce·

309 2365 377 2425 dere
392 2374 546 2441 peccatum
560 2382 634 2435 esse,
646 2374 674 2423 et
689 2363 791 2423 adesse
806 2365 850 2423 vel
864 2366 978 2442 potius⁶
992 2367 1095 2426 abesse
1110 2366 1252 2440 deficere;
1273 2376 1304 2427 et
1317 2367 1359 2428 sic

309 2465 420 2524 ratione
433 2463 545 2541 peccati
558 2473 675 2540 oportet
693 2463 723 2521 in
739 2463 833 2523 ‘esse'
849 2464 1049 2541 aequivocare,
1064 2473 1093 2524 et
1112 2465 1154 2524 sie
1173 2465 1295 2544 quilibet
1308 2467 1359 2543 qui

309 2563 453 2622 malefacit
467 2561 511 2621 vel
526 2571 636 2639 peccat,
647 2559 758 2620 videtur
769 2571 849 2621 tante
863 2561 1036 2623 malefacere
1049 2573 1158 2640 quante
1171 2574 1279 2641 potest
1321 2563 1359 2622 Et

309 2663 364 2721 ista
377 2659 538 2720 moderatio
558 2659 684 2718 hominis
703 2669 887 2719 mensuratur
905 2679 957 2738 per
970 2660 1068 2721 Deum
1087 2662 1126 2721 ad
1138 2672 1252 2723 tantum
1266 2680 1359 2740 quan·

308 2769 371 2818 tum
395 2768 500 2834 potest,
524 2757 590 2816 licet
613 2758 676 2833 ipse
700 2758 814 2834 ignoret
840 2759 997 2818 terminum
1019 2761 1261 2833 mensurantem⁸,
1288 2762 1360 2822 sicut

310 2855 405 2914 infans
419 2864 500 2931 putat
513 2872 545 2913 se
559 2854 663 2931 posse⁷
676 2856 786 2914 moveri
800 2866 829 2915 et
843 2859 980 2934 progredi
994 2859 1069 2918 ultra
1081 2858 1140 2920 hoc
1157 2859 1239 2937 quod
1256 2859 1360 2921 limitat

309 2955 407 3029 ipsum
421 2951 540 3022 ducens,
554 2952 623 3028 quia
636 2952 726 3013 credit
744 2972 865 3015 erronee
883 2956 979 3032 ipsum
993 2955 1051 3016 hoc
1064 2957 1161 3019 facere
1175 2976 1213 3017 ex
1232 2976 1264 3018 se
1284 2959 1360 3037 ipso.

309 3048 449 3109 Notanda
469 3059 567 3108 tamen
588 3060 632 3109 est
653 3050 798 3112 distinctio
820 3055 944 3114 actionis
956 3054 1015 3114 Dei
1035 3056 1073 3116 ad
1094 3057 1170 3116 intra
1189 3066 1219 3116 et
1234 3058 1359 3118 actionis

310 3164 379 3207 suae
393 3145 431 3205 ad
441 3157 530 3218 extra,
542 3165 610 3206 cum
624 3149 717 3225 prima
731 3169 792 3210 non
807 3152 843 3211 sit
856 3163 989 3230 tempore
1003 3164 1177 3227 mensurata,
1189 3155 1263 3215 sicut
1277 3174 1360 3216 men-

310 3255 422 3305 suratur
442 3245 586 3319 secunda3
617 3246 659 3305 et⁸
680 3250 811 3324 quamvis
831 3253 996 3312 necessario
1012 3252 1094 3314 Deus
1112 3253 1180 3315 facit
1198 3255 1361 3334 hocopus,

309 3344 383 3403 sicut
397 3354 425 3403 et
439 3344 535 3421 ipsum
549 3344 687 3422 intelligit,
702 3356 801 3406 tamen
811 3353 977 3412 necessario
986 3351 1070 3412 Deus
1080 3371 1195 3431 semper
1204 3354 1363 3433 intelligit¹,

310 3442 363 3500 sed
377 3460 437 3501 non
452 3460 568 3520 semper
582 3445 744 3505 necessario
759 3446 828 3506 illud
842 3447 916 3508 facit
959 3450 997 3511 Et
1011 3453 1053 3512 sic
1068 3453 1145 3512 actio
1158 3451 1216 3512 Dei
1230 3452 1269 3513 ad
1287 3454 1362 3514 intra

310 3557 372 3598 non
392 3539 584 3600 individuatur
604 3560 623 3601 a
642 3553 783 3619 tempore,
804 3545 870 3606 licet
890 3549 1056 3609 necessario
1078 3550 1117 3610 ad
1137 3552 1285 3613 actionem
1305 3552 1362 3612 Dei

310 3636 495 3697 intrinsecam
514 3648 630 3717 tempus
648 3643 844 3720 consequitur.
886 3644 951 3707 Nec
970 3646 1159 3726 despicienda
1175 3660 1220 3710 est
1233 3649 1282 3710 illa
1295 3669 1362 3712 seu·

345 3884 517 3953 ¹producere]
540 3888 682 3953 producere.
704 3890 780 3939 uolut
800 3890 927 3954 mcum,
947 3894 985 3943 ed.
1005 3910 1051 3960 pr..
1074 3895 1104 3945 C.
1127 3894 1249 3947 &eundae
1267 3913 1364 3951 manus.

311 3948 515 4080 ψψ
628 3954 774 4087 ψ]
787 3957 955 4073 aresi
1043 3960 1365 4080 ψψψ

311 4080 322 4174 ζ
339 4034 1147 4153 terniuuinpm'ensurantem]bnnummensu'ran'tem,1341)an
1154 4027 1365 4151 rirsgnsoulrlintinprir:

338 4148 427 4224 posse]¹
437 4151 557 4223 om.·B.C.
570 4151 608 4200 ed.
620 4167 657 4217 pr.
723 4153 733 4181 ⁸
749 4153 786 4218 et]
799 4169 849 4203 om.
860 4155 899 4204 ed.
912 4172 948 4220 pr.
1026 4159 1037 4187 ⁹
1052 4165 1136 4209 tanim
1146 4160 1285 4210 necessario
1298 4162 1367 4212 Deus

313 4226 410 4276 semper
420 4213 548 4336 mzelbgit]
560 4231 610 4265 om.
622 4217 661 4267 ed.
673 4233 722 4282 pr.;
740 4224 823 4269 tamen
834 4221 971 4272 necessario
983 4220 1052 4274 Deus
1063 4240 1086 4273 se
1096 4225 1171 4288 ipsum
1182 4224 1309 4291 iutelligit,
1320 4227 1355 4276 D.
