2864 4836
112 453 180 520 324
525 437 782 519 JOANNJS
823 438 1061 502 wlcan*
1247 461 1312 502 aa.

238 605 286 662 =in
308 600 448 673 uxorem'
475 615 544 661 tunc
568 620 621 680 per
645 611 712 661 ante
736 611 780 660 est
803 617 917 671 verum,
947 603 1041 678 quod
1070 609 1122 664 ‘te
1143 601 1311 681 accipian'n

237 658 408 771 luxorem3’
436 711 465 760 et
487 702 510 758 si
532 701 568 758 sit
581 717 681 757 verum
703 697 783 774 quod
798 702 844 756 ‘te
865 698 1023 775 accipiam
1047 720 1111 778 pro
1125 700 1310 771 uxore¹,'tm

256 817 309 875 pro
324 809 455 875 tempore
470 817 524 857 suo
538 809 583 856 est
597 814 697 855 verum
711 795 813 872 quod‘
822 806 851 853 te
865 796 987 871 accipio
1007 798 1045 855 in
1066 797 1219 858 uxorem!
1254 795 1311 855 Cu!

237 920 240 959 ι
255 915 327 972 ergo
340 915 408 955 cum
422 898 516 955 verbis
530 895 567 954 de
586 895 682 953 futuro
701 895 738 952 sit
757 909 920 952 consensus
940 897 1191 971 compossibilia,
1205 906 1233 955 et
1245 893 1311 953 verit

237 964 302 1051 illa
316 1003 382 1052 sunt
396 1012 464 1052 vera
484 1004 571 1069 atque
591 994 621 1050 in
635 990 782 1051 Domino¹
801 989 945 1061 ordinata,
962 995 1136 1067 quomodo
1157 995 1226 1053 lioet
1243 990 1311 1050 veria

255 1092 302 1149 illa
323 1091 458 1149 frustrare
479 1109 531 1166 per
551 1091 638 1148 verba
658 1089 809 1165 sequentia
829 1087 866 1146 de
886 1090 1054 1162 praesenti,
1075 1109 1162 1167 quae
1182 1108 1242 1150 nou
1260 1096 1310 1147 snut

255 1199 351 1247 tantae
376 1188 541 1247 efficaciae?
580 1186 675 1264 Judex
700 1203 772 1262 ergo
796 1184 962 1260 capimlaris
988 1186 1034 1244 sic
1059 1188 1209 1262 iudicans
1232 1186 1311 1246 divino

252 1287 362 1362 judicio
376 1286 556 1344 contradicit.
591 1284 629 1342 Et
643 1285 749 1343 eodem
763 1281 854 1341 modo
868 1280 984 1339 ridetur
998 1283 1079 1342 mihi
1095 1286 1235 1344 mirabile
1246 1279 1310 1360 quoi

254 1384 377 1441 carnalis
398 1383 511 1458 copula,
532 1401 608 1459 quae
629 1382 824 1441 communiter
844 1390 887 1438 est
908 1389 1083 1454 peccatum,
1104 1383 1261 1442 confirmet
1276 1376 1311 1436 vel

255 1479 339 1538 faciat
361 1481 586 1549 matrimonium,
610 1498 677 1538 curn
698 1479 780 1538 Deus
800 1495 862 1536 non
883 1477 1022 1553 dignatur
1043 1479 1087 1538 ad
1116 1478 1311 1557 complentur

254 1596 339 1635 suum
353 1595 430 1654 opus
443 1578 550 1636 habere
565 1578 621 1635 tale
635 1577 819 1653 adjutorium,
834 1585 863 1633 et
876 1573 1044 1650 specialiter
1063 1594 1143 1636 cum
1164 1590 1311 1637 consensu

254 1676 291 1733 sit
315 1676 344 1732 in
369 1676 476 1745 anima,
497 1685 527 1733 et
551 1674 713 1734 secundum
734 1671 976 1750 pbilosophorum
1002 1674 1159 1751 principia
1180 1672 1311 1736 materiale

255 1790 316 1830 non
337 1773 398 1848 agit
419 1774 449 1830 in
469 1771 675 1844 immateriale;
707 1788 766 1847 qua
787 1788 858 1847 ergo
879 1769 979 1845 regula
1001 1769 1081 1830 foret
1105 1774 1209 1833 idem⁸
1228 1773 1311 1833 matri·

255 1871 387 1928 monium
407 1871 453 1928 bis
474 1869 662 1945 completum,
684 1868 779 1944 primo
800 1869 831 1925 in
852 1874 1003 1925 contractu
1026 1870 1203 1947 conjugum
1223 1889 1272 1948 per
1285 1887 1311 1928 se

256 1968 342 2037 iactu,
358 1978 387 2026 et
402 1967 551 2026 secundo'
544 1986 575 2025 m
589 1967 703 2025 solenni
718 1967 772 2024 ritu
786 1965 824 2024 ad
841 1963 948 2022 ostium
969 1964 1121 2024 ecclesiae
1136 1986 1157 2027 a
1171 1968 1312 2028 aaaron

256 2084 308 2141 per
322 2066 409 2124 verba
424 2066 576 2141 nugatoria
591 2075 619 2122 et
633 2064 705 2123 falsa
719 2062 913 2122 communiter
926 2058 1117 2121 celebrat0⁴i

296 2163 418 2220 Alr'thriz.
461 2162 584 2221 Videtur
596 2163 668 2221 mihi
681 2162 763 2238 quod
781 2158 877 2218 induis
890 2157 1019 2217 Pseustis
1039 2157 1182 2220 habitum
1202 2174 1232 2223 et
1244 2132 1312 2238 capi·

255 2260 361 2318 tulares
374 2261 454 2336 leges
469 2261 607 2319 ecclesiae
622 2277 683 2319 non
700 2258 834 2325 admittis,
849 2254 929 2332 quod
948 2265 1072 2314 nonest
1090 2258 1145 2317 viri
1170 2258 1312 2337 prudentis

256 2357 360 2416 iacere.

295 2456 458 2514 Phronesr's.
502 2455 570 2514 Dixi
591 2457 641 2513 tibi
663 2456 693 2512 in
714 2454 866 2530 principio,
880 2451 961 2527 quod
981 2469 1001 2509 a
1020 2468 1071 2510 me
1092 2470 1159 2512 non
1181 2466 1313 2532 expectat

255 2553 454 2612 fundationem
483 2553 586 2611 harum
618 2553 716 2628 legum
744 2551 788 2609 vel
820 2549 1073 2608 rationabilitatem
1103 2569 1229 2624 earum;
1263 2551 1309 2610 sed

236 2604 350 2726 lplacet
375 2652 443 2708 mihi
469 2652 550 2726 quod
575 2670 611 2708 ex
636 2650 713 2708 lacto
738 2660 767 2707 et
792 2648 1013 2706 deductionibus
1039 2649 1112 2705 satis
1134 2652 1225 2709 certis
1247 2667 1311 2724 cog-

236 2728 238 2851 l
254 2767 376 2807 noscam
387 2750 525 2807 versutias
539 2759 567 2806 et
583 2748 763 2806 infidelitates
777 2746 807 2803 in
821 2745 882 2814 illis,
897 2754 928 2802 ut
943 2744 1045 2801 siccas
1062 2747 1182 2804 cautius
1194 2764 1311 2806 caveam

236 2858 283 2943 get
308 2847 432 2904 doceam
455 2846 535 2921 quod
558 2864 575 2903 a
597 2845 729 2902 fidelibus
755 2852 916 2902 caveantur.
959 2840 1023 2899 Nec
1045 2841 1135 2901 video
1158 2845 1309 2921 quomodo

236 2956 238 2997 r
253 2943 386 3001 diabolus
401 2946 469 3001 istas
484 2943 621 3001 versutias
636 2941 803 3010 introduxit,
818 2940 874 2997 nisi
887 2949 919 2997 ut
935 2936 1095 3013 suspendat
1113 2940 1310 3000 hortationem

255 3052 384 3098 sanctam
409 3052 438 3097 et
462 3040 709 3116 praedicationem
734 3039 861 3115 praelati,
887 3054 961 3113 quae
987 3035 1085 3110 legem
1111 3041 1310 3098 conscientiae

254 3139 430 3214 adjuvarent.

65 3248 112 3281 Cum
66 3248 190 3322 &iffi
295 3236 367 3293 ideo
390 3253 532 3311 suspensa
553 3245 613 3293 tota
633 3234 689 3292 hac
710 3234 774 3310 lege
795 3232 952 3308 capitulari,
967 3231 1134 3289 notandum
1157 3234 1217 3291 est³
1239 3251 1309 3310 quo-

64 3297 96 3401 ⁸¹:
97 3370 179 3447 w„
197 3347 202 3354 ·
254 3334 344 3390 modo
375 3333 505 3391 Christus
533 3344 576 3391 est
604 3350 672 3390 cum
700 3349 752 3390 sua
776 3331 899 3389 ecelesia
927 3330 1131 3404 desponsatus.
1180 3331 1309 3390 Ecclesia

65 3456 142 3523 magia
128 3459 198 3522 using?
254 3432 332 3487 enim
348 3432 525 3505 quandoque
540 3430 694 3506 accipitur⁶
708 3428 889 3504 reputative',
901 3426 992 3484 modo
1007 3442 1067 3501 quo
1082 3426 1309 3486 solemnisantur

65 3513 211 3603 murgitrrgsssg
255 3528 335 3585 multi
356 3528 474 3602 praelati
494 3528 633 3585 ecclesiae
644 3547 651 3597 ;
680 3538 708 3583 et
722 3527 808 3584 istum
830 3522 1006 3583 sensumve}
1026 3522 1151 3581 modum
1171 3524 1308 3601 loquendi

64 3611 203 3684 “mltis
255 3643 316 3683 non
342 3626 481 3699 approbo.
527 3624 586 3682 Sed
607 3642 673 3682 vere
695 3623 797 3681 dicitur
819 3623 928 3679 ecclesia
950 3638 1057 3696 corpus
1079 3620 1190 3679 Christi
1211 3623 1307 3697 mysti-

255 3721 346 3790 cum⁸,
368 3723 449 3797 quod
471 3723 564 3780 verbis
589 3720 860 3796 praedestinationis
885 3718 1009 3776 aeternis
1031 3729 1075 3776 est
1100 3735 1171 3776 curn
1193 3718 1306 3777 Christo

288 3933 357 3997 ¹pro
370 3932 474 3996 uxore]'
469 3949 493 3980 ιιι
505 3948 613 3986 uxorem
627 3933 659 3980 D.
734 3931 784 3979 ¹in
797 3929 920 4042 Domino}
943 3929 1090 3985 aDomino,
1102 3929 1137 3977 D.
1205 3928 1305 3992 ’idem]

255 3997 322 4053 illud.
336 3999 362 4045 B.
376 3999 495 4046 secundae
507 4013 600 4045 manus
709 3995 871 4059 ⁴oelebmto]
884 4010 912 4044 oe
922 3997 1016 4050 ebrata,
1025 3995 1057 4042 A.
1061 3994 1121 4043 B..C
1240 3996 1249 4023 ⁵
1264 4009 1305 4042 uo-

235 4063 357 4111 tandum
370 4063 418 4126 est]
431 4062 567 4137 notandum
580 4062 625 4110 tibi
637 4070 681 4115 est.
694 4061 732 4110 ed.
744 4077 781 4124 pr
968 4058 1139 4152 ‘accipiturJ
1141 4059 1264 4124 recipitur,
1277 4059 1303 4106 B

605 4126 651 4221 a
660 4124 977 4254 untertana
989 4203 1026 4254 ,.
1128 4121 1302 4188 utu
