2864 4836
606 427 860 506 JOANNIS
901 426 1111 491 WICLIF
1302 445 1382 486 iiiiii

331 588 497 648 hominem¹
516 600 656 665 tanquam
675 599 782 666 partes,
797 606 865 648 cuin
883 599 954 649 tunc
972 588 1074 649 Deitas
1093 587 1168 648 foret
1186 605 1256 664 pars
1275 588 1381 663 imper·

332 687 434 747 lectior
446 705 536 763 quam
550 687 596 745 ille
611 687 702 745 homo
717 689 914 763 compositus;
944 705 1000 747 nec
1014 687 1088 747 soret
1103 686 1262 746 similitudo
1285 686 1333 744 illa
1352 685 1382 751 iii

333 786 474 862 Symbolo
503 784 541 843 ad
568 785 753 861 propositum
777 785 914 855 fidelium,
943 784 996 844 sed
1023 786 1054 844 in
1082 784 1218 844 haereses
1241 784 1382 860 plurimas

331 883 531 952 introductiva,
547 883 601 941 nisi
616 883 661 940 ille
677 883 793 958 spiritus
807 883 977 942 immortalis
992 882 1066 942 foret
1081 901 1133 959 per
1147 901 1178 943 se
1192 892 1221 942 et
1235 880 1381 957 complete

331 980 425 1039 idem²
438 980 539 1039 homo
585 979 623 1038 Et
643 981 665 1039 si
684 981 826 1056 objicitur,
842 980 922 1056 quod
936 998 1035 1058 perse
1053 980 1145 1039 homo
1165 989 1209 1039 est
1223 977 1342 1049 animal,
1355 985 1384 1035 et

332 1078 438 1136 animal
452 1096 504 1154 per
518 1096 549 1137 se
564 1088 607 1136 est
621 1095 738 1153 corpus,
749 1088 779 1136 et
792 1079 833 1137 sic
848 1078 938 1137 homo
954 1096 1007 1155 per
1021 1096 1053 1138 se
1063 1086 1108 1136 est
1122 1095 1238 1153 corpus,
1253 1086 1334 1153 patet
1347 1092 1382 1134 ex

331 1173 416 1234 dictis
434 1175 517 1234 alibi⁸
530 1175 611 1252 quod
625 1173 746 1234 ‘homo'
764 1183 808 1234 est
827 1176 966 1234 terminus
985 1176 1054 1234 satis
1073 1176 1269 1253 aequivocum
1291 1192 1382 1250 quau·

331 1272 429 1350 doque
439 1275 518 1331 enim
529 1273 620 1331 homo
630 1273 698 1331 dicit
708 1283 869 1332 creaturam
880 1273 1052 1334 rationalem
1063 1273 1232 1348 simpliciter
1242 1273 1383 1341 absolute,

330 1381 360 1431 et
374 1371 550 1447 quandoque
569 1380 730 1429 creaturam
750 1370 837 1429 talem
851 1367 1036 1429 rationalem⁴
1055 1388 1115 1447 quo
1134 1371 1172 1429 ad
1191 1370 1383 1446 aptitudinem

332 1486 504 1544 corpoream
518 1469 549 1526 de
556 1468 693 1544 parabili,
709 1477 738 1525 et
757 1467 934 1544 quandoque
953 1485 1014 1545 quo
1033 1468 1072 1527 ad
1091 1467 1284 1544 aptitudinem
1298 1467 1383 1526 talem

332 1584 503 1642 corpoream
530 1566 677 1622 actualiter
704 1567 888 1632 exilitatem
920 1575 949 1623 et
977 1566 1019 1625 sic
1046 1565 1142 1642 primo
1170 1565 1263 1624 modo
1293 1564 1382 1624 homo

331 1664 493 1723 secundum
512 1661 703 1740 Augusti'num
722 1681 785 1721 non
804 1662 941 1722 diffinitur
959 1681 1011 1739 per
1030 1662 1096 1733 hoc,
1112 1662 1192 1740 quod
1212 1674 1257 1723 est
1277 1661 1383 1722 animal

332 1762 470 1821 rationale
485 1770 515 1819 et
529 1761 658 1830 mortale,
674 1760 758 1819 cum‘
772 1759 847 1819 foret
865 1760 953 1831 idem,
968 1761 1065 1837 posito
1085 1761 1166 1838 quod
1186 1760 1281 1821 factus
1301 1761 1386 1820 fuerit

332 1859 509 1929 immortalis,
534 1870 563 1917 et
588 1869 631 1917 est
655 1859 734 1916 idem
758 1857 858 1928 homo,
884 1877 952 1917 cum
977 1859 1091 1934 spiritus
1116 1858 1201 1918 fuerit
1222 1878 1241 1918 a
1262 1876 1384 1935 corpore

332 1968 490 2033 separatus.
544 1955 615 2015 Non
644 1957 722 2014 enini
751 1955 892 2014 debemus
920 1952 1108 2026 concederel,
1133 1955 1216 2032 quod
1240 1955 1384 2016 defluente

333 2073 420 2113 carne
448 2055 485 2112 ab
513 2052 634 2111 homine
663 2063 795 2128 tempore
822 2053 987 2123 senectutis,
1017 2053 1114 2112 deficit
1140 2053 1186 2112 vel
1217 2053 1385 2112 diminuitur

331 2163 450 2228 propter
460 2150 518 2210 hoc
529 2150 668 2226 perfectio
680 2149 817 2221 hominis,
829 2150 881 2209 sed
891 2152 988 2227 potius
1001 2150 1189 2210 accedendo⁷
1199 2150 1238 2210 ad
1252 2163 1385 2211 naturam

332 2250 448 2326 spiritus
464 2249 558 2325 magis
578 2248 732 2324 perficitur.
774 2248 812 2306 Et
831 2259 973 2325 quantum
995 2247 1033 2306 ad
1052 2259 1257 2324 argumentum
1272 2248 1385 2326 sophis·

332 2348 431 2417 ticum,
444 2345 526 2422 quod
546 2347 575 2404 in
589 2345 638 2403 tali
653 2345 770 2404 defluxu
789 2347 916 2421 perditur
935 2347 1094 2405 substantia
1108 2356 1137 2404 et
1151 2363 1213 2405 non
1227 2347 1296 2406 loco
1314 2347 1385 2405 illius

332 2446 486 2522 acquiritur
511 2443 588 2503 aliud
613 2460 705 2518 aeque
729 2445 849 2514 bouum,
874 2461 946 2519 ergo
970 2443 1017 2502 ille
1041 2443 1133 2502 homo
1157 2445 1199 2504 sic
1227 2444 1386 2504 diminutus

331 2541 533 2620 imperficitur⁸
554 2541 621 2618 per⁹
642 2541 791 2601 defluxum
801 2558 912 2612 ;-—non
931 2541 1061 2617 procedit
1080 2541 1152 2600 haec
1172 2542 1246 2601 ratio
1263 2543 1338 2601 sicut
1357 2542 1385 2600 iii

332 2642 440 2710 bestiis,
463 2658 538 2716 quae
558 2649 624 2697 sunt
644 2639 754 2697 ratione
772 2639 957 2715 pinguedinis
972 2639 1123 2712 meliores;
1155 2640 1225 2716 quia
1246 2658 1283 2698 ex
1306 2651 1385 2717 parte

332 2738 470 2798 defluenti
484 2748 513 2795 et
527 2747 607 2813 parte
621 2738 685 2806 alia,
701 2756 776 2814 quae
790 2747 834 2797 est
847 2738 1019 2796 immortalis
1035 2738 1159 2814 spiritus,
1170 2756 1232 2797 non
1247 2739 1280 2798 fit
1294 2757 1385 2798 unum

333 2835 518 2913 quantitative
533 2846 582 2893 aut
595 2835 769 2911 qualitative,
785 2854 853 2894 cum
867 2846 969 2894 natura
980 2834 1028 2893 illa
1042 2853 1185 2912 corporea
1199 2836 1235 2895 sit
1250 2837 1385 2896 acciden-

333 2933 396 2991 talis
411 2945 497 3008 atque
512 2941 650 2991 extranea
669 2932 707 2990 illi
729 2933 848 3008 spiritui,
863 2943 892 2991 et
907 2935 948 2992 sic
969 2932 1007 2992 illi
1013 2933 1035 2966 ¹⁰
1048 2932 1167 3004 homini,
1183 2951 1252 2992 cum
1273 2936 1387 3012 perdita

334 3032 454 3089 materia
474 3031 529 3089 ista
549 3031 586 3089 ad
609 3050 669 3088 non
691 3041 841 3107 quantum,
863 3039 891 3089 et
912 3031 1030 3090 inducta
1050 3032 1094 3090 vel
1117 3043 1238 3108 accepta
1262 3034 1387 3109 particu-

334 3128 428 3188 lariter
448 3128 492 3187 vel
517 3128 640 3187 subito²¹
666 3147 742 3187 nova
763 3129 890 3197 materia,
917 3128 990 3187 foret
1011 3130 1149 3203 continue
1174 3129 1254 3187 idem
1279 3130 1387 3202 homo;

334 3228 407 3286 sicut
421 3226 582 3302 Apostolus
597 3226 751 3284 translatus
766 3226 803 3284 ad
823 3225 945 3296 coelum,
962 3228 1020 3285 sive
1039 3228 1208 3302 incorpore
1227 3227 1288 3286 sive
1307 3239 1387 3286 extra

333 3342 448 3401 corpus
461 3324 540 3382 snit¹²
553 3324 671 3382 indubie
683 3325 760 3382 idem
775 3325 875 3395 homo.
918 3323 1005 3382 Unde
1016 3325 1113 3400 posito
1128 3325 1165 3384 de
1176 3323 1233 3384 Dei
1247 3328 1387 3403 potentia,

334 3422 415 3499 quod
437 3422 543 3481 abhinc
568 3440 660 3498 usque
686 3422 722 3480 ad
748 3421 904 3480 Romam¹³
927 3421 1051 3498 figantur
1075 3432 1195 3482 naturae
1217 3441 1387 3500 corporeae,

335 3538 409 3595 quae
436 3520 473 3577 ad
498 3521 746 3594 organisationem
770 3520 931 3578 intellectus
956 3520 1075 3578 humani
1100 3521 1263 3580 successive
1288 3521 1386 3597 dispo·

336 3625 448 3686 nantur,
463 3626 492 3673 et
506 3617 587 3692 quod
601 3617 678 3675 idem
693 3618 864 3675 immortalis
879 3618 995 3693 spiritus
1014 3619 1175 3677 successive
1195 3636 1264 3678 cum
1284 3619 1387 3679 talibus

370 3759 377 3788 ¹
395 3759 532 3823 hominem]
545 3759 670 3809 hominem
684 3760 818 3816 Christum,
829 3762 866 3810 ed.
880 3777 915 3827 pr.
982 3760 1222 3827 ¹idem]ille,rl.B.
1288 3763 1302 3802 ¹*
1315 3763 1388 3814 dictis

336 3823 406 3890 aiibi]
419 3826 457 3874 ed.
470 3840 510 3901 pr.¹
519 3841 574 3874 cum
586 3826 746 3902 annotatione
756 3827 885 3890 marginali
897 3827 996 3882 codicis.
1004 3828 1049 3877 C.:
1068 3827 1175 3877 ‘scilicet
1184 3827 1266 3904 primo
1278 3843 1308 3904 ca
1326 3830 1388 3878 'tulo

336 3890 369 3939 de
380 3899 561 3955 compositione
571 3890 686 3947 hominis.
698 3892 829 3942 Tractatus
839 3891 963 3956 hucusque
971 3893 1077 3942 ineditus
1089 3893 1177 3956 Wielrfi
1184 3900 1220 3942 ita
1232 3908 1305 3943 inseri
1326 3895 1388 3944 'tun'

336 3954 519 4018 ‘rationalem
532 3956 656 4005 om.A.B.
762 3957 845 4005 ‘cuni
870 3964 936 4011 tunc,
948 3958 986 4006 ed.
998 3974 1035 4022 pr.
1141 3957 1305 4009 ‘oonoedere
1329 3967 1388 4009 tunc

336 4020 586 4096 iutelligere,A.l3.C.
647 4020 840 4096 ''accedendo
864 4022 1138 4099 atteudeudo,ed.pr.·
1159 4087 1165 4099 .
1187 4023 1248 4100 'im
1311 4024 1387 4101 citur]

336 4101 353 4133 i.
362 4100 383 4133 e.
395 4085 579 4150 imperfectione
590 4085 701 4136 afficitur.
792 4087 802 4115 ⁰
818 4087 872 4150 perl
883 4087 923 4142 ad.
935 4087 996 4136 Ati.
1095 4088 1114 4117 ¹⁰
1130 4086 1178 4152 illi]
1190 4087 1244 4145 lali.
1255 4089 1335 4146 Atta
1353 4089 1389 4139 illi

338 4148 389 4204 tali.
401 4152 430 4199 C.
443 4151 481 4199 ed.
494 4167 529 4215 pr.
611 4150 628 4180 ¹¹
646 4151 684 4201 vel
696 4150 790 4216 subito]
808 4130 899 4200 ome.
998 4151 1017 4181 ¹¹
1032 4152 1090 4217 fuit]
1103 4153 1174 4211 soret,
1186 4152 1220 4204 D.
1321 4154 1341 4184 ¹³
1356 4154 1389 4203 ad

339 4213 456 4278 Romam]
469 4232 518 4266 om.
530 4215 569 4266 ed.
582 4231 633 4280 pr.;
651 4232 727 4281 iisque
739 4217 852 4274 Romam,
865 4217 894 4266 C.
1312 4269 1316 4275 ,

738 4477 752 4509 Ι
