<?xml version="1.0" encoding="UTF-8"?>
<!DOCTYPE html PUBLIC "-//W3C//DTD XHTML 1.0 Transitional//EN"
    "http://www.w3.org/TR/xhtml1/DTD/xhtml1-transitional.dtd">
<html xmlns="http://www.w3.org/1999/xhtml" xml:lang="en" lang="en">
 <head>
  <title>
</title>
<meta http-equiv="Content-Type" content="text/html;charset=utf-8" />
  <meta name='ocr-system' content='tesseract 3.04.00' />
  <meta name='ocr-capabilities' content='ocr_page ocr_carea ocr_par ocr_line ocrx_word'/>
</head>
<body>
  <div class='ocr_page' id='page_1' title='image "./trialoguscumsup00lechgoog_0285.png"; bbox 0 0 2864 5242; ppageno 0'>
   <div class='ocr_carea' id='block_1_1' title="bbox 546 423 1335 503">
    <p class='ocr_par' dir='ltr' id='par_1_1' title="bbox 546 423 1335 503">
     <span class='ocr_line' id='line_1_1' title="bbox 546 423 1335 503; baseline -0.001 -18"><span class='ocrx_word' id='word_1_1' title='bbox 546 423 804 503; x_wconf 81' lang='lat' dir='ltr'><em>JOANNIS</em></span> <span class='ocrx_word' id='word_1_2' title='bbox 845 425 1060 488; x_wconf 81' lang='lat' dir='ltr'>WICLJF</span> <span class='ocrx_word' id='word_1_3' title='bbox 1244 448 1335 486; x_wconf 77' lang='lat' dir='ltr'>uarv.</span> 
     </span>
    </p>
   </div>
   <div class='ocr_carea' id='block_1_2' title="bbox 279 585 1334 2996">
    <p class='ocr_par' dir='ltr' id='par_1_2' title="bbox 279 585 1334 2996">
     <span class='ocr_line' id='line_1_2' title="bbox 282 585 1333 665; baseline 0.003 -22"><span class='ocrx_word' id='word_1_4' title='bbox 282 585 489 656; x_wconf 82' lang='lat' dir='ltr'>incarnatione,</span> <span class='ocrx_word' id='word_1_5' title='bbox 508 596 578 644; x_wconf 92' lang='lat' dir='ltr'>tunc</span> <span class='ocrx_word' id='word_1_6' title='bbox 599 597 720 662; x_wconf 88' lang='lat' dir='ltr'>utraque</span> <span class='ocrx_word' id='word_1_7' title='bbox 741 602 841 644; x_wconf 89' lang='lat' dir='ltr'>earum</span> <span class='ocrx_word' id='word_1_8' title='bbox 863 595 907 645; x_wconf 89' lang='lat' dir='ltr'>est</span> <span class='ocrx_word' id='word_1_9' title='bbox 927 586 1108 646; x_wconf 87' lang='lat' dir='ltr'>naturaliter¹</span> <span class='ocrx_word' id='word_1_10' title='bbox 1127 587 1209 649; x_wconf 88' lang='lat' dir='ltr'>idern</span> <span class='ocrx_word' id='word_1_11' title='bbox 1226 604 1333 665; x_wconf 84' lang='lat' dir='ltr'>suppo·</span> 
     </span>
     <span class='ocr_line' id='line_1_3' title="bbox 283 683 1334 762; baseline 0.002 -20"><span class='ocrx_word' id='word_1_12' title='bbox 283 686 386 757; x_wconf 89' lang='lat' dir='ltr'>situm;</span> <span class='ocrx_word' id='word_1_13' title='bbox 419 683 470 743; x_wconf 94' lang='lat' dir='ltr'>sed</span> <span class='ocrx_word' id='word_1_14' title='bbox 496 701 581 743; x_wconf 92' lang='lat' dir='ltr'>secus</span> <span class='ocrx_word' id='word_1_15' title='bbox 605 694 650 742; x_wconf 90' lang='lat' dir='ltr'>est</span> <span class='ocrx_word' id='word_1_16' title='bbox 674 685 705 741; x_wconf 91' lang='lat' dir='ltr'>in</span> <span class='ocrx_word' id='word_1_17' title='bbox 729 684 849 742; x_wconf 88' lang='lat' dir='ltr'>materia</span> <span class='ocrx_word' id='word_1_18' title='bbox 874 684 911 742; x_wconf 91' lang='lat' dir='ltr'>de</span> <span class='ocrx_word' id='word_1_19' title='bbox 932 695 1117 758; x_wconf 85' lang='lat' dir='ltr'>sacramento</span> <span class='ocrx_word' id='word_1_20' title='bbox 1138 685 1248 757; x_wconf 85' lang='lat' dir='ltr'>altaris,</span> <span class='ocrx_word' id='word_1_21' title='bbox 1268 686 1334 762; x_wconf 85' lang='lat' dir='ltr'>quia</span> 
     </span>
     <span class='ocr_line' id='line_1_4' title="bbox 281 780 1334 860; baseline 0.003 -21"><span class='ocrx_word' id='word_1_22' title='bbox 281 781 347 841; x_wconf 91' lang='lat' dir='ltr'>licet</span> <span class='ocrx_word' id='word_1_23' title='bbox 362 783 447 858; x_wconf 88' lang='lat' dir='ltr'>panis</span> <span class='ocrx_word' id='word_1_24' title='bbox 462 781 546 840; x_wconf 89' lang='lat' dir='ltr'>fuerit</span> <span class='ocrx_word' id='word_1_25' title='bbox 560 780 668 840; x_wconf 80' lang='lat' dir='ltr'>fractus</span> <span class='ocrx_word' id='word_1_26' title='bbox 683 783 714 839; x_wconf 91' lang='lat' dir='ltr'>in</span> <span class='ocrx_word' id='word_1_27' title='bbox 728 791 786 841; x_wconf 89' lang='lat' dir='ltr'>tres</span> <span class='ocrx_word' id='word_1_28' title='bbox 800 781 844 840; x_wconf 90' lang='lat' dir='ltr'>vel</span> <span class='ocrx_word' id='word_1_29' title='bbox 864 783 895 839; x_wconf 94' lang='lat' dir='ltr'>in</span> <span class='ocrx_word' id='word_1_30' title='bbox 913 783 1055 858; x_wconf 85' lang='lat' dir='ltr'>quotlibet</span> <span class='ocrx_word' id='word_1_31' title='bbox 1068 793 1176 860; x_wconf 88' lang='lat' dir='ltr'>partes,</span> <span class='ocrx_word' id='word_1_32' title='bbox 1191 783 1334 860; x_wconf 78' lang='lat' dir='ltr'>quaelibet</span> 
     </span>
     <span class='ocr_line' id='line_1_5' title="bbox 281 878 1331 958; baseline 0.002 -20"><span class='ocrx_word' id='word_1_33' title='bbox 281 897 382 938; x_wconf 88' lang='lat' dir='ltr'>earum</span> <span class='ocrx_word' id='word_1_34' title='bbox 406 879 484 938; x_wconf 71' lang='lat' dir='ltr'>non&#39;</span> <span class='ocrx_word' id='word_1_35' title='bbox 507 890 552 937; x_wconf 89' lang='lat' dir='ltr'>est</span> <span class='ocrx_word' id='word_1_36' title='bbox 576 879 688 938; x_wconf 83' lang='lat' dir='ltr'>realiter</span> <span class='ocrx_word' id='word_1_37' title='bbox 713 879 765 938; x_wconf 89' lang='lat' dir='ltr'>sed</span> <span class='ocrx_word' id='word_1_38' title='bbox 789 878 1021 940; x_wconf 87' lang='lat' dir='ltr'>habitudinaliter</span> <span class='ocrx_word' id='word_1_39' title='bbox 1044 881 1125 940; x_wconf 91' lang='lat' dir='ltr'>idem</span> <span class='ocrx_word' id='word_1_40' title='bbox 1146 882 1282 958; x_wconf 73' lang='lat' dir='ltr'>cmpm&#39;,</span> <span class='ocrx_word' id='word_1_41' title='bbox 1301 891 1331 940; x_wconf 88' lang='lat' dir='ltr'>nt</span> 
     </span>
     <span class='ocr_line' id='line_1_6' title="bbox 281 976 1331 1053; baseline 0.005 -20"><span class='ocrx_word' id='word_1_42' title='bbox 281 977 422 1035; x_wconf 91' lang='lat' dir='ltr'>intuendo</span> <span class='ocrx_word' id='word_1_43' title='bbox 446 977 558 1037; x_wconf 89' lang='lat' dir='ltr'>diversa</span> <span class='ocrx_word' id='word_1_44' title='bbox 583 976 710 1053; x_wconf 86' lang='lat' dir='ltr'>specula,</span> <span class='ocrx_word' id='word_1_45' title='bbox 732 977 837 1035; x_wconf 85' lang='lat' dir='ltr'>eadem</span> <span class='ocrx_word' id='word_1_46' title='bbox 858 976 948 1037; x_wconf 83' lang='lat' dir='ltr'>facies</span> <span class='ocrx_word' id='word_1_47' title='bbox 972 989 1017 1037; x_wconf 87' lang='lat' dir='ltr'>est</span> <span class='ocrx_word' id='word_1_48' title='bbox 1037 978 1284 1039; x_wconf 78' lang='lat' dir='ltr'>intentionaliter‘</span> <span class='ocrx_word' id='word_1_49' title='bbox 1302 980 1331 1038; x_wconf 89' lang='lat' dir='ltr'>in</span> 
     </span>
     <span class='ocr_line' id='line_1_7' title="bbox 280 1075 1332 1154; baseline 0.002 -18"><span class='ocrx_word' id='word_1_50' title='bbox 280 1077 409 1151; x_wconf 90' lang='lat' dir='ltr'>quolibet</span> <span class='ocrx_word' id='word_1_51' title='bbox 437 1077 606 1135; x_wconf 89' lang='lat' dir='ltr'>eorundem.</span> <span class='ocrx_word' id='word_1_52' title='bbox 647 1075 736 1135; x_wconf 91' lang='lat' dir='ltr'>Unde</span> <span class='ocrx_word' id='word_1_53' title='bbox 765 1094 826 1134; x_wconf 89' lang='lat' dir='ltr'>non</span> <span class='ocrx_word' id='word_1_54' title='bbox 853 1088 969 1154; x_wconf 85' lang='lat' dir='ltr'>oportet</span> <span class='ocrx_word' id='word_1_55' title='bbox 996 1097 1060 1136; x_wconf 91' lang='lat' dir='ltr'>rem</span> <span class='ocrx_word' id='word_1_56' title='bbox 1087 1076 1197 1137; x_wconf 84' lang='lat' dir='ltr'>laetam</span> <span class='ocrx_word' id='word_1_57' title='bbox 1225 1098 1244 1138; x_wconf 93' lang='lat' dir='ltr'>a</span> <span class='ocrx_word' id='word_1_58' title='bbox 1268 1079 1332 1138; x_wconf 89' lang='lat' dir='ltr'>Deo</span> 
     </span>
     <span class='ocr_line' id='line_1_8' title="bbox 281 1156 1331 1254; baseline 0.004 -22"><span class='ocrx_word' id='word_1_59' title='bbox 281 1156 544 1232; x_wconf 70' lang='lat' dir='ltr'>secundum&#39;talem</span> <span class='ocrx_word' id='word_1_60' title='bbox 558 1172 788 1231; x_wconf 88' lang='lat' dir='ltr'>habituationem</span> <span class='ocrx_word' id='word_1_61' title='bbox 802 1192 887 1232; x_wconf 92' lang='lat' dir='ltr'>suum</span> <span class='ocrx_word' id='word_1_62' title='bbox 898 1174 1053 1250; x_wconf 80' lang='lat' dir='ltr'>figuratum</span> <span class='ocrx_word' id='word_1_63' title='bbox 1067 1176 1225 1253; x_wconf 83' lang='lat' dir='ltr'>requirere,</span> <span class='ocrx_word' id='word_1_64' title='bbox 1236 1177 1331 1254; x_wconf 86' lang='lat' dir='ltr'>ipsum</span> 
     </span>
     <span class='ocr_line' id='line_1_9' title="bbox 281 1271 1331 1346; baseline 0.007 -19"><span class='ocrx_word' id='word_1_65' title='bbox 281 1271 435 1346; x_wconf 82' lang='lat' dir='ltr'>figuratum</span> <span class='ocrx_word' id='word_1_66' title='bbox 451 1271 561 1329; x_wconf 90' lang='lat' dir='ltr'>moveri</span> <span class='ocrx_word' id='word_1_67' title='bbox 574 1271 612 1329; x_wconf 89' lang='lat' dir='ltr'>ad</span> <span class='ocrx_word' id='word_1_68' title='bbox 627 1272 721 1346; x_wconf 88' lang='lat' dir='ltr'>ipsam</span> <span class='ocrx_word' id='word_1_69' title='bbox 735 1271 872 1342; x_wconf 84' lang='lat' dir='ltr'>localiter,</span> <span class='ocrx_word' id='word_1_70' title='bbox 886 1272 931 1330; x_wconf 90' lang='lat' dir='ltr'>vel</span> <span class='ocrx_word' id='word_1_71' title='bbox 945 1291 982 1331; x_wconf 86' lang='lat' dir='ltr'>ex</span> <span class='ocrx_word' id='word_1_72' title='bbox 996 1272 1065 1333; x_wconf 93' lang='lat' dir='ltr'>hinc</span> <span class='ocrx_word' id='word_1_73' title='bbox 1079 1274 1194 1333; x_wconf 84' lang='lat' dir='ltr'>realiter</span> <span class='ocrx_word' id='word_1_74' title='bbox 1211 1274 1331 1334; x_wconf 85' lang='lat' dir='ltr'>alterari.</span> 
     </span>
     <span class='ocr_line' id='line_1_10' title="bbox 280 1367 1333 1444; baseline 0.005 -18"><span class='ocrx_word' id='word_1_75' title='bbox 280 1367 321 1428; x_wconf 92' lang='lat' dir='ltr'>Ut</span> <span class='ocrx_word' id='word_1_76' title='bbox 336 1387 397 1427; x_wconf 92' lang='lat' dir='ltr'>non</span> <span class='ocrx_word' id='word_1_77' title='bbox 412 1378 455 1427; x_wconf 90' lang='lat' dir='ltr'>est</span> <span class='ocrx_word' id='word_1_78' title='bbox 474 1368 693 1444; x_wconf 82' lang='lat' dir='ltr'>intelligendum</span> <span class='ocrx_word' id='word_1_79' title='bbox 712 1387 819 1444; x_wconf 89' lang='lat' dir='ltr'>corpus</span> <span class='ocrx_word' id='word_1_80' title='bbox 833 1368 941 1428; x_wconf 83' lang='lat' dir='ltr'>Christi</span> <span class='ocrx_word' id='word_1_81' title='bbox 961 1371 1139 1431; x_wconf 88' lang='lat' dir='ltr'>descendere</span> <span class='ocrx_word' id='word_1_82' title='bbox 1153 1371 1193 1430; x_wconf 88' lang='lat' dir='ltr'>ad</span> <span class='ocrx_word' id='word_1_83' title='bbox 1207 1371 1333 1431; x_wconf 67' lang='lat' dir='ltr'>hominm</span> 
     </span>
     <span class='ocr_line' id='line_1_11' title="bbox 280 1467 1332 1543; baseline 0.005 -18"><span class='ocrx_word' id='word_1_84' title='bbox 280 1468 309 1525; x_wconf 92' lang='lat' dir='ltr'>in</span> <span class='ocrx_word' id='word_1_85' title='bbox 324 1485 496 1543; x_wconf 86' lang='lat' dir='ltr'>quacunque</span> <span class='ocrx_word' id='word_1_86' title='bbox 511 1467 633 1526; x_wconf 90' lang='lat' dir='ltr'>ecclesia</span> <span class='ocrx_word' id='word_1_87' title='bbox 648 1478 859 1539; x_wconf 85' lang='lat' dir='ltr'>consecratam,</span> <span class='ocrx_word' id='word_1_88' title='bbox 874 1469 927 1528; x_wconf 86' lang='lat' dir='ltr'>sed</span> <span class='ocrx_word' id='word_1_89' title='bbox 946 1480 1045 1528; x_wconf 86' lang='lat' dir='ltr'>manet</span> <span class='ocrx_word' id='word_1_90' title='bbox 1064 1471 1180 1528; x_wconf 84' lang='lat' dir='ltr'>sursum</span> <span class='ocrx_word' id='word_1_91' title='bbox 1196 1472 1228 1530; x_wconf 88' lang='lat' dir='ltr'>in</span> <span class='ocrx_word' id='word_1_92' title='bbox 1242 1469 1332 1530; x_wconf 76' lang='lat' dir='ltr'>coelia</span> 
     </span>
     <span class='ocr_line' id='line_1_12' title="bbox 280 1563 1330 1642; baseline 0.005 -20"><span class='ocrx_word' id='word_1_93' title='bbox 280 1563 381 1622; x_wconf 91' lang='lat' dir='ltr'>stabile</span> <span class='ocrx_word' id='word_1_94' title='bbox 395 1573 424 1622; x_wconf 92' lang='lat' dir='ltr'>et</span> <span class='ocrx_word' id='word_1_95' title='bbox 438 1565 601 1634; x_wconf 90' lang='lat' dir='ltr'>immotum,</span> <span class='ocrx_word' id='word_1_96' title='bbox 616 1564 684 1623; x_wconf 90' lang='lat' dir='ltr'>ideo</span> <span class='ocrx_word' id='word_1_97' title='bbox 698 1563 785 1624; x_wconf 89' lang='lat' dir='ltr'>habet</span> <span class='ocrx_word' id='word_1_98' title='bbox 804 1583 868 1624; x_wconf 85' lang='lat' dir='ltr'>esse</span> <span class='ocrx_word' id='word_1_99' title='bbox 888 1566 1034 1642; x_wconf 85' lang='lat' dir='ltr'>spirituale</span> <span class='ocrx_word' id='word_1_100' title='bbox 1053 1569 1084 1626; x_wconf 91' lang='lat' dir='ltr'>in</span> <span class='ocrx_word' id='word_1_101' title='bbox 1102 1567 1202 1627; x_wconf 83' lang='lat' dir='ltr'>hostia</span> <span class='ocrx_word' id='word_1_102' title='bbox 1222 1579 1253 1627; x_wconf 90' lang='lat' dir='ltr'>et</span> <span class='ocrx_word' id='word_1_103' title='bbox 1270 1585 1330 1627; x_wconf 85' lang='lat' dir='ltr'>uon</span> 
     </span>
     <span class='ocr_line' id='line_1_13' title="bbox 279 1662 1328 1741; baseline 0.005 -20"><span class='ocrx_word' id='word_1_104' title='bbox 279 1680 344 1721; x_wconf 88' lang='lat' dir='ltr'>esse</span> <span class='ocrx_word' id='word_1_105' title='bbox 358 1662 605 1721; x_wconf 87' lang='lat' dir='ltr'>dimensionatnm</span> <span class='ocrx_word' id='word_1_106' title='bbox 621 1671 650 1721; x_wconf 91' lang='lat' dir='ltr'>et</span> <span class='ocrx_word' id='word_1_107' title='bbox 664 1671 761 1721; x_wconf 88' lang='lat' dir='ltr'>cetera</span> <span class='ocrx_word' id='word_1_108' title='bbox 780 1662 941 1722; x_wconf 87' lang='lat' dir='ltr'>accidentia</span> <span class='ocrx_word' id='word_1_109' title='bbox 959 1682 1035 1741; x_wconf 89' lang='lat' dir='ltr'>quae</span> <span class='ocrx_word' id='word_1_110' title='bbox 1055 1666 1086 1724; x_wconf 90' lang='lat' dir='ltr'>in</span> <span class='ocrx_word' id='word_1_111' title='bbox 1100 1665 1195 1725; x_wconf 87' lang='lat' dir='ltr'>coelo.</span> <span class='ocrx_word' id='word_1_112' title='bbox 1239 1664 1328 1726; x_wconf 86' lang='lat' dir='ltr'>Unde</span> 
     </span>
     <span class='ocr_line' id='line_1_14' title="bbox 279 1758 1334 1836; baseline 0.006 -19"><span class='ocrx_word' id='word_1_113' title='bbox 279 1760 391 1819; x_wconf 87' lang='lat' dir='ltr'>videtur</span> <span class='ocrx_word' id='word_1_114' title='bbox 404 1760 483 1832; x_wconf 89' lang='lat' dir='ltr'>mihi,</span> <span class='ocrx_word' id='word_1_115' title='bbox 498 1758 579 1836; x_wconf 93' lang='lat' dir='ltr'>quod</span> <span class='ocrx_word' id='word_1_116' title='bbox 594 1777 702 1836; x_wconf 86' lang='lat' dir='ltr'>corpus</span> <span class='ocrx_word' id='word_1_117' title='bbox 716 1758 825 1819; x_wconf 88' lang='lat' dir='ltr'>Christi</span> <span class='ocrx_word' id='word_1_118' title='bbox 838 1771 868 1820; x_wconf 89' lang='lat' dir='ltr'>et</span> <span class='ocrx_word' id='word_1_119' title='bbox 887 1763 928 1820; x_wconf 92' lang='lat' dir='ltr'>sic</span> <span class='ocrx_word' id='word_1_120' title='bbox 943 1759 1076 1821; x_wconf 88' lang='lat' dir='ltr'>Christus</span> <span class='ocrx_word' id='word_1_121' title='bbox 1095 1762 1285 1823; x_wconf 85' lang='lat' dir='ltr'>humanitus‘</span> <span class='ocrx_word' id='word_1_122' title='bbox 1298 1764 1334 1823; x_wconf 82' lang='lat' dir='ltr'>sit</span> 
     </span>
     <span class='ocr_line' id='line_1_15' title="bbox 279 1857 1333 1935; baseline 0.005 -19"><span class='ocrx_word' id='word_1_123' title='bbox 279 1858 460 1934; x_wconf 87' lang='lat' dir='ltr'>spiritualiter</span> <span class='ocrx_word' id='word_1_124' title='bbox 474 1858 513 1918; x_wconf 91' lang='lat' dir='ltr'>ad</span> <span class='ocrx_word' id='word_1_125' title='bbox 529 1857 688 1935; x_wconf 89' lang='lat' dir='ltr'>quemlibet</span> <span class='ocrx_word' id='word_1_126' title='bbox 707 1869 849 1933; x_wconf 90' lang='lat' dir='ltr'>punctum</span> <span class='ocrx_word' id='word_1_127' title='bbox 862 1858 973 1929; x_wconf 90' lang='lat' dir='ltr'>mundi,</span> <span class='ocrx_word' id='word_1_128' title='bbox 990 1878 1058 1918; x_wconf 91' lang='lat' dir='ltr'>cum</span> <span class='ocrx_word' id='word_1_129' title='bbox 1073 1860 1208 1920; x_wconf 85' lang='lat' dir='ltr'>Christus</span> <span class='ocrx_word' id='word_1_130' title='bbox 1228 1861 1333 1920; x_wconf 88' lang='lat' dir='ltr'>huma·</span> 
     </span>
     <span class='ocr_line' id='line_1_16' title="bbox 280 1955 1333 2034; baseline 0.003 -18"><span class='ocrx_word' id='word_1_131' title='bbox 280 1958 358 2016; x_wconf 91' lang='lat' dir='ltr'>nitus</span> <span class='ocrx_word' id='word_1_132' title='bbox 380 1958 418 2016; x_wconf 89' lang='lat' dir='ltr'>sit</span> <span class='ocrx_word' id='word_1_133' title='bbox 442 1975 492 2016; x_wconf 85' lang='lat' dir='ltr'>rex</span> <span class='ocrx_word' id='word_1_134' title='bbox 517 1957 644 2025; x_wconf 81' lang='lat' dir='ltr'>mundi⁶,</span> <span class='ocrx_word' id='word_1_135' title='bbox 665 1956 719 2015; x_wconf 86' lang='lat' dir='ltr'>sed</span> <span class='ocrx_word' id='word_1_136' title='bbox 739 1955 901 2016; x_wconf 88' lang='lat' dir='ltr'>secundum</span> <span class='ocrx_word' id='word_1_137' title='bbox 923 1957 1116 2034; x_wconf 63' lang='lat' dir='ltr'>Augustam</span> <span class='ocrx_word' id='word_1_138' title='bbox 1139 1969 1170 2018; x_wconf 90' lang='lat' dir='ltr'>et</span> <span class='ocrx_word' id='word_1_139' title='bbox 1194 1958 1333 2019; x_wconf 83' lang='lat' dir='ltr'>doctores</span> 
     </span>
     <span class='ocr_line' id='line_1_17' title="bbox 280 2055 1333 2133; baseline 0.003 -20"><span class='ocrx_word' id='word_1_140' title='bbox 280 2066 393 2115; x_wconf 88' lang='lat' dir='ltr'>ceteros</span> <span class='ocrx_word' id='word_1_141' title='bbox 403 2073 454 2113; x_wconf 84' lang='lat' dir='ltr'>rex</span> <span class='ocrx_word' id='word_1_142' title='bbox 465 2065 510 2113; x_wconf 89' lang='lat' dir='ltr'>est</span> <span class='ocrx_word' id='word_1_143' title='bbox 521 2055 704 2132; x_wconf 84' lang='lat' dir='ltr'>spiritualiter</span> <span class='ocrx_word' id='word_1_144' title='bbox 718 2055 913 2131; x_wconf 86' lang='lat' dir='ltr'>potentialiter</span> <span class='ocrx_word' id='word_1_145' title='bbox 927 2065 956 2115; x_wconf 88' lang='lat' dir='ltr'>et</span> <span class='ocrx_word' id='word_1_146' title='bbox 967 2056 1122 2115; x_wconf 88' lang='lat' dir='ltr'>virtualiter</span> <span class='ocrx_word' id='word_1_147' title='bbox 1135 2058 1175 2115; x_wconf 88' lang='lat' dir='ltr'>ad</span> <span class='ocrx_word' id='word_1_148' title='bbox 1189 2068 1333 2133; x_wconf 85' lang='lat' dir='ltr'>punctum</span> 
     </span>
     <span class='ocr_line' id='line_1_18' title="bbox 280 2152 1333 2231; baseline 0.001 -19"><span class='ocrx_word' id='word_1_149' title='bbox 280 2153 439 2230; x_wconf 89' lang='lat' dir='ltr'>quemlibet</span> <span class='ocrx_word' id='word_1_150' title='bbox 465 2155 547 2228; x_wconf 82' lang='lat' dir='ltr'>regni</span> <span class='ocrx_word' id='word_1_151' title='bbox 576 2154 628 2212; x_wconf 89' lang='lat' dir='ltr'>sni.</span> <span class='ocrx_word' id='word_1_152' title='bbox 671 2152 788 2230; x_wconf 89' lang='lat' dir='ltr'>Corpus</span> <span class='ocrx_word' id='word_1_153' title='bbox 815 2172 887 2230; x_wconf 82' lang='lat' dir='ltr'>ergo</span> <span class='ocrx_word' id='word_1_154' title='bbox 915 2153 1023 2215; x_wconf 91' lang='lat' dir='ltr'>Christi</span> <span class='ocrx_word' id='word_1_155' title='bbox 1052 2164 1096 2213; x_wconf 87' lang='lat' dir='ltr'>est</span> <span class='ocrx_word' id='word_1_156' title='bbox 1122 2154 1162 2213; x_wconf 88' lang='lat' dir='ltr'>ad</span> <span class='ocrx_word' id='word_1_157' title='bbox 1189 2165 1333 2231; x_wconf 90' lang='lat' dir='ltr'>punctum</span> 
     </span>
     <span class='ocr_line' id='line_1_19' title="bbox 279 2243 1334 2329; baseline 0.001 -19"><span class='ocrx_word' id='word_1_158' title='bbox 279 2243 437 2329; x_wconf 87' lang='lat' dir='ltr'>quemlibet</span> <span class='ocrx_word' id='word_1_159' title='bbox 461 2250 547 2326; x_wconf 86' lang='lat' dir='ltr'>hujus</span> <span class='ocrx_word' id='word_1_160' title='bbox 573 2251 685 2322; x_wconf 92' lang='lat' dir='ltr'>mundi,</span> <span class='ocrx_word' id='word_1_161' title='bbox 710 2270 778 2310; x_wconf 90' lang='lat' dir='ltr'>cum</span> <span class='ocrx_word' id='word_1_162' title='bbox 801 2253 903 2310; x_wconf 88' lang='lat' dir='ltr'>virtute</span> <span class='ocrx_word' id='word_1_163' title='bbox 928 2252 1003 2310; x_wconf 92' lang='lat' dir='ltr'>illius</span> <span class='ocrx_word' id='word_1_164' title='bbox 1027 2253 1158 2328; x_wconf 90' lang='lat' dir='ltr'>corporis</span> <span class='ocrx_word' id='word_1_165' title='bbox 1186 2253 1334 2328; x_wconf 87' lang='lat' dir='ltr'>quaelibet</span> 
     </span>
     <span class='ocr_line' id='line_1_20' title="bbox 280 2348 1334 2427; baseline 0.001 -19"><span class='ocrx_word' id='word_1_166' title='bbox 280 2367 348 2427; x_wconf 89' lang='lat' dir='ltr'>pars</span> <span class='ocrx_word' id='word_1_167' title='bbox 362 2348 463 2408; x_wconf 91' lang='lat' dir='ltr'>mundi</span> <span class='ocrx_word' id='word_1_168' title='bbox 483 2349 630 2425; x_wconf 88' lang='lat' dir='ltr'>perficitur</span> <span class='ocrx_word' id='word_1_169' title='bbox 648 2349 724 2407; x_wconf 92' lang='lat' dir='ltr'>ultra</span> <span class='ocrx_word' id='word_1_170' title='bbox 742 2367 832 2426; x_wconf 90' lang='lat' dir='ltr'>quam</span> <span class='ocrx_word' id='word_1_171' title='bbox 850 2367 902 2408; x_wconf 88' lang='lat' dir='ltr'>rex</span> <span class='ocrx_word' id='word_1_172' title='bbox 920 2359 1050 2409; x_wconf 92' lang='lat' dir='ltr'>terrenus</span> <span class='ocrx_word' id='word_1_173' title='bbox 1070 2359 1168 2426; x_wconf 83' lang='lat' dir='ltr'>partes</span> <span class='ocrx_word' id='word_1_174' title='bbox 1186 2350 1271 2426; x_wconf 81' lang='lat' dir='ltr'>regni</span> <span class='ocrx_word' id='word_1_175' title='bbox 1289 2350 1334 2409; x_wconf 88' lang='lat' dir='ltr'>sui</span> 
     </span>
     <span class='ocr_line' id='line_1_21' title="bbox 281 2446 1334 2525; baseline -0.002 -18"><span class='ocrx_word' id='word_1_176' title='bbox 281 2458 376 2525; x_wconf 91' lang='lat' dir='ltr'>potest</span> <span class='ocrx_word' id='word_1_177' title='bbox 391 2447 537 2523; x_wconf 88' lang='lat' dir='ltr'>perficere.</span> <span class='ocrx_word' id='word_1_178' title='bbox 573 2446 784 2506; x_wconf 87' lang='lat' dir='ltr'>Verumtamen</span> <span class='ocrx_word' id='word_1_179' title='bbox 797 2447 976 2506; x_wconf 87' lang='lat' dir='ltr'>credendum</span> <span class='ocrx_word' id='word_1_180' title='bbox 987 2459 1038 2517; x_wconf 92' lang='lat' dir='ltr'>est,</span> <span class='ocrx_word' id='word_1_181' title='bbox 1054 2447 1134 2524; x_wconf 93' lang='lat' dir='ltr'>quod</span> <span class='ocrx_word' id='word_1_182' title='bbox 1148 2446 1238 2523; x_wconf 85' lang='lat' dir='ltr'>longe</span> <span class='ocrx_word' id='word_1_183' title='bbox 1252 2449 1334 2506; x_wconf 88' lang='lat' dir='ltr'>aliter</span> 
     </span>
     <span class='ocr_line' id='line_1_22' title="bbox 280 2543 1331 2623; baseline -0.003 -18"><span class='ocrx_word' id='word_1_184' title='bbox 280 2557 324 2605; x_wconf 89' lang='lat' dir='ltr'>est</span> <span class='ocrx_word' id='word_1_185' title='bbox 345 2564 452 2623; x_wconf 90' lang='lat' dir='ltr'>corpus</span> <span class='ocrx_word' id='word_1_186' title='bbox 466 2545 574 2604; x_wconf 90' lang='lat' dir='ltr'>Christi</span> <span class='ocrx_word' id='word_1_187' title='bbox 595 2546 626 2603; x_wconf 93' lang='lat' dir='ltr'>in</span> <span class='ocrx_word' id='word_1_188' title='bbox 646 2543 742 2604; x_wconf 92' lang='lat' dir='ltr'>hostia</span> <span class='ocrx_word' id='word_1_189' title='bbox 763 2554 1025 2615; x_wconf 75' lang='lat' dir='ltr'>consecratarum</span> <span class='ocrx_word' id='word_1_190' title='bbox 1047 2548 1083 2604; x_wconf 92' lang='lat' dir='ltr'>sit</span> <span class='ocrx_word' id='word_1_191' title='bbox 1095 2545 1331 2604; x_wconf 87' lang='lat' dir='ltr'>habitudinaliter</span> 
     </span>
     <span class='ocr_line' id='line_1_23' title="bbox 282 2643 1332 2721; baseline -0.002 -19"><span class='ocrx_word' id='word_1_192' title='bbox 282 2647 345 2721; x_wconf 92' lang='lat' dir='ltr'>ipsa</span> <span class='ocrx_word' id='word_1_193' title='bbox 366 2645 467 2713; x_wconf 85' lang='lat' dir='ltr'>hostia,</span> <span class='ocrx_word' id='word_1_194' title='bbox 489 2652 517 2702; x_wconf 86' lang='lat' dir='ltr'>et</span> <span class='ocrx_word' id='word_1_195' title='bbox 539 2643 701 2701; x_wconf 89' lang='lat' dir='ltr'>secundum</span> <span class='ocrx_word' id='word_1_196' title='bbox 722 2643 864 2701; x_wconf 89' lang='lat' dir='ltr'>rationem</span> <span class='ocrx_word' id='word_1_197' title='bbox 887 2643 1039 2718; x_wconf 88' lang='lat' dir='ltr'>spiritualis</span> <span class='ocrx_word' id='word_1_198' title='bbox 1060 2653 1089 2701; x_wconf 94' lang='lat' dir='ltr'>et</span> <span class='ocrx_word' id='word_1_199' title='bbox 1107 2643 1235 2701; x_wconf 87' lang='lat' dir='ltr'>virtualis</span> <span class='ocrx_word' id='word_1_200' title='bbox 1256 2644 1332 2701; x_wconf 81' lang='lat' dir='ltr'>exis·</span> 
     </span>
     <span class='ocr_line' id='line_1_24' title="bbox 281 2739 1331 2817; baseline 0 -19"><span class='ocrx_word' id='word_1_201' title='bbox 281 2742 387 2800; x_wconf 89' lang='lat' dir='ltr'>tentiae</span> <span class='ocrx_word' id='word_1_202' title='bbox 408 2751 452 2799; x_wconf 87' lang='lat' dir='ltr'>est</span> <span class='ocrx_word' id='word_1_203' title='bbox 474 2740 554 2799; x_wconf 88' lang='lat' dir='ltr'>aliter</span> <span class='ocrx_word' id='word_1_204' title='bbox 575 2741 613 2799; x_wconf 87' lang='lat' dir='ltr'>ad</span> <span class='ocrx_word' id='word_1_205' title='bbox 635 2740 793 2815; x_wconf 91' lang='lat' dir='ltr'>quemlibet</span> <span class='ocrx_word' id='word_1_206' title='bbox 814 2750 956 2816; x_wconf 88' lang='lat' dir='ltr'>punctum</span> <span class='ocrx_word' id='word_1_207' title='bbox 977 2741 1048 2815; x_wconf 84' lang='lat' dir='ltr'>ejus.</span> <span class='ocrx_word' id='word_1_208' title='bbox 1091 2740 1128 2798; x_wconf 89' lang='lat' dir='ltr'>Et</span> <span class='ocrx_word' id='word_1_209' title='bbox 1146 2751 1236 2815; x_wconf 87' lang='lat' dir='ltr'>patet,</span> <span class='ocrx_word' id='word_1_210' title='bbox 1251 2739 1331 2817; x_wconf 91' lang='lat' dir='ltr'>quod</span> 
     </span>
     <span class='ocr_line' id='line_1_25' title="bbox 281 2836 1331 2914; baseline 0 -18"><span class='ocrx_word' id='word_1_211' title='bbox 281 2839 442 2897; x_wconf 88' lang='lat' dir='ltr'>secundnm</span> <span class='ocrx_word' id='word_1_212' title='bbox 457 2839 600 2896; x_wconf 88' lang='lat' dir='ltr'>rationem</span> <span class='ocrx_word' id='word_1_213' title='bbox 615 2838 760 2913; x_wconf 90' lang='lat' dir='ltr'>duplicem</span> <span class='ocrx_word' id='word_1_214' title='bbox 781 2849 826 2897; x_wconf 92' lang='lat' dir='ltr'>est</span> <span class='ocrx_word' id='word_1_215' title='bbox 842 2855 948 2914; x_wconf 89' lang='lat' dir='ltr'>corpus</span> <span class='ocrx_word' id='word_1_216' title='bbox 962 2837 1069 2896; x_wconf 88' lang='lat' dir='ltr'>Christi</span> <span class='ocrx_word' id='word_1_217' title='bbox 1084 2839 1114 2897; x_wconf 90' lang='lat' dir='ltr'>in</span> <span class='ocrx_word' id='word_1_218' title='bbox 1134 2838 1201 2896; x_wconf 89' lang='lat' dir='ltr'>loco</span> <span class='ocrx_word' id='word_1_219' title='bbox 1220 2836 1331 2898; x_wconf 85' lang='lat' dir='ltr'>hostiae</span> 
     </span>
     <span class='ocr_line' id='line_1_26' title="bbox 282 2946 477 2996; baseline -0.005 -1"><span class='ocrx_word' id='word_1_220' title='bbox 282 2946 477 2996; x_wconf 83' lang='lat' dir='ltr'>consecratae.</span> 
     </span>
    </p>
   </div>
   <div class='ocr_carea' id='block_1_3' title="bbox 722 3282 894 3344">
    <p class='ocr_par' dir='ltr' id='par_1_3' title="bbox 722 3282 894 3344">
     <span class='ocr_line' id='line_1_27' title="bbox 722 3282 894 3344; baseline -0.023 0"><span class='ocrx_word' id='word_1_221' title='bbox 722 3282 818 3344; x_wconf 86' lang='lat' dir='ltr'>CAP.</span> <span class='ocrx_word' id='word_1_222' title='bbox 841 3282 894 3341; x_wconf 93' lang='lat' dir='ltr'>IX.</span> 
     </span>
    </p>
   </div>
   <div class='ocr_carea' id='block_1_4' title="bbox 405 3456 1217 3630">
    <p class='ocr_par' dir='ltr' id='par_1_4' title="bbox 405 3456 1217 3630">
     <span class='ocr_line' id='line_1_28' title="bbox 405 3456 1217 3533; baseline -0.001 -20"><span class='ocrx_word' id='word_1_223' title='bbox 405 3456 548 3533; x_wconf 78' lang='lat' dir='ltr'>Argutiae</span> <span class='ocrx_word' id='word_1_224' title='bbox 562 3457 693 3532; x_wconf 79' lang='lat' dir='ltr'>quaedam</span> <span class='ocrx_word' id='word_1_225' title='bbox 708 3456 739 3514; x_wconf 74' lang='lat' dir='ltr'>de</span> <span class='ocrx_word' id='word_1_226' title='bbox 751 3467 860 3533; x_wconf 82' lang='lat' dir='ltr'>corpore</span> <span class='ocrx_word' id='word_1_227' title='bbox 873 3456 994 3515; x_wconf 80' lang='lat' dir='ltr'>Domini</span> <span class='ocrx_word' id='word_1_228' title='bbox 1004 3459 1034 3514; x_wconf 82' lang='lat' dir='ltr'>t‘n</span> <span class='ocrx_word' id='word_1_229' title='bbox 1048 3457 1217 3514; x_wconf 73' lang='lat' dir='ltr'>eucharestia</span> 
     </span>
     <span class='ocr_line' id='line_1_29' title="bbox 608 3556 1012 3630; baseline 0.002 -19"><span class='ocrx_word' id='word_1_230' title='bbox 608 3556 780 3629; x_wconf 63' lang='lat' dir='ltr'>excogitatae</span> <span class='ocrx_word' id='word_1_231' title='bbox 793 3556 1012 3630; x_wconf 73' lang='lat' dir='ltr'>redarguuntur.</span> 
     </span>
    </p>
   </div>
   <div class='ocr_carea' id='block_1_5' title="bbox 284 3726 1335 3902">
    <p class='ocr_par' dir='ltr' id='par_1_5' title="bbox 284 3726 1335 3902">
     <span class='ocr_line' id='line_1_30' title="bbox 323 3726 1335 3805; baseline 0.003 -22"><span class='ocrx_word' id='word_1_232' title='bbox 323 3726 458 3785; x_wconf 80' lang='lat' dir='ltr'>Pseurtr&#39;s.</span> <span class='ocrx_word' id='word_1_233' title='bbox 501 3727 623 3803; x_wconf 86' lang='lat' dir='ltr'>Propter</span> <span class='ocrx_word' id='word_1_234' title='bbox 651 3727 790 3798; x_wconf 89' lang='lat' dir='ltr'>stultitias,</span> <span class='ocrx_word' id='word_1_235' title='bbox 816 3746 889 3804; x_wconf 89' lang='lat' dir='ltr'>quas</span> <span class='ocrx_word' id='word_1_236' title='bbox 917 3727 1028 3798; x_wconf 92' lang='lat' dir='ltr'>ebullis,</span> <span class='ocrx_word' id='word_1_237' title='bbox 1053 3747 1106 3805; x_wconf 91' lang='lat' dir='ltr'>per</span> <span class='ocrx_word' id='word_1_238' title='bbox 1132 3739 1248 3803; x_wconf 89' lang='lat' dir='ltr'>tempus</span> <span class='ocrx_word' id='word_1_239' title='bbox 1273 3746 1335 3786; x_wconf 90' lang='lat' dir='ltr'>non</span> 
     </span>
     <span class='ocr_line' id='line_1_31' title="bbox 284 3824 1334 3902; baseline 0 -19"><span class='ocrx_word' id='word_1_240' title='bbox 284 3826 432 3883; x_wconf 89' lang='lat' dir='ltr'>modicum</span> <span class='ocrx_word' id='word_1_241' title='bbox 454 3826 614 3884; x_wconf 87' lang='lat' dir='ltr'>dormitavi.</span> <span class='ocrx_word' id='word_1_242' title='bbox 657 3824 715 3883; x_wconf 87' lang='lat' dir='ltr'>Sed</span> <span class='ocrx_word' id='word_1_243' title='bbox 736 3827 826 3885; x_wconf 91' lang='lat' dir='ltr'>modo</span> <span class='ocrx_word' id='word_1_244' title='bbox 847 3836 962 3902; x_wconf 87' lang='lat' dir='ltr'>oportet</span> <span class='ocrx_word' id='word_1_245' title='bbox 981 3844 1029 3885; x_wconf 89' lang='lat' dir='ltr'>me</span> <span class='ocrx_word' id='word_1_246' title='bbox 1048 3826 1164 3902; x_wconf 83' lang='lat' dir='ltr'>vigilare</span> <span class='ocrx_word' id='word_1_247' title='bbox 1184 3825 1334 3901; x_wconf 90' lang='lat' dir='ltr'>paululum</span> 
     </span>
    </p>
   </div>
   <div class='ocr_carea' id='block_1_6' title="bbox 283 3996 1334 4258">
    <p class='ocr_par' dir='ltr' id='par_1_6' title="bbox 283 3996 1334 4258">
     <span class='ocr_line' id='line_1_32' title="bbox 317 3996 1333 4062; baseline -0.002 -15"><span class='ocrx_word' id='word_1_248' title='bbox 317 3999 323 4028; x_wconf 93' lang='lat'>¹</span> <span class='ocrx_word' id='word_1_249' title='bbox 341 3997 495 4061; x_wconf 81' lang='lat' dir='ltr'>naturaliter]</span> <span class='ocrx_word' id='word_1_250' title='bbox 509 3997 672 4053; x_wconf 86' lang='lat' dir='ltr'>numeraliter.</span> <span class='ocrx_word' id='word_1_251' title='bbox 681 3997 720 4047; x_wconf 91' lang='lat' dir='ltr'>ed.</span> <span class='ocrx_word' id='word_1_252' title='bbox 732 4013 769 4062; x_wconf 92' lang='lat' dir='ltr'>pr.</span> <span class='ocrx_word' id='word_1_253' title='bbox 837 3997 847 4026; x_wconf 83' lang='lat'>²</span> <span class='ocrx_word' id='word_1_254' title='bbox 863 3997 926 4062; x_wconf 92' lang='lat' dir='ltr'>non]</span> <span class='ocrx_word' id='word_1_255' title='bbox 938 4012 988 4046; x_wconf 91' lang='lat' dir='ltr'>om.</span> <span class='ocrx_word' id='word_1_256' title='bbox 1001 3997 1065 4045; x_wconf 90' lang='lat' dir='ltr'><strong>B.D.</strong></span> <span class='ocrx_word' id='word_1_257' title='bbox 1130 3997 1140 4025; x_wconf 86' lang='lat'>&#39;</span> <span class='ocrx_word' id='word_1_258' title='bbox 1156 3997 1222 4046; x_wconf 89' lang='lat' dir='ltr'>idem</span> <span class='ocrx_word' id='word_1_259' title='bbox 1231 3996 1333 4060; x_wconf 89' lang='lat' dir='ltr'>corpus]</span> 
     </span>
     <span class='ocr_line' id='line_1_33' title="bbox 283 4062 1334 4140; baseline -0.003 -27"><span class='ocrx_word' id='word_1_260' title='bbox 283 4079 372 4127; x_wconf 89' lang='lat' dir='ltr'>corpus</span> <span class='ocrx_word' id='word_1_261' title='bbox 385 4063 495 4119; x_wconf 87' lang='lat' dir='ltr'>Domini,</span> <span class='ocrx_word' id='word_1_262' title='bbox 508 4063 569 4111; x_wconf 57' lang='lat' dir='ltr'>AB.</span> <span class='ocrx_word' id='word_1_263' title='bbox 581 4064 676 4127; x_wconf 84' lang='lat' dir='ltr'>primae</span> <span class='ocrx_word' id='word_1_264' title='bbox 687 4078 781 4117; x_wconf 82' lang='lat' dir='ltr'>manns,</span> <span class='ocrx_word' id='word_1_265' title='bbox 793 4062 832 4112; x_wconf 89' lang='lat' dir='ltr'>ed.</span> <span class='ocrx_word' id='word_1_266' title='bbox 843 4079 880 4140; x_wconf 82' lang='lat' dir='ltr'>pr.</span> <span class='ocrx_word' id='word_1_267' title='bbox 974 4064 982 4090; x_wconf 75' lang='lat'><em>⁶</em></span> <span class='ocrx_word' id='word_1_268' title='bbox 999 4062 1204 4125; x_wconf 83' lang='lat' dir='ltr'>intentionaliter]</span> <span class='ocrx_word' id='word_1_269' title='bbox 1217 4062 1334 4110; x_wconf 84' lang='lat' dir='ltr'>intensio·</span> 
     </span>
     <span class='ocr_line' id='line_1_34' title="bbox 284 4127 1333 4183; baseline -0.003 -5"><span class='ocrx_word' id='word_1_270' title='bbox 284 4138 350 4183; x_wconf 83' lang='lat' dir='ltr'>nata,</span> <span class='ocrx_word' id='word_1_271' title='bbox 362 4130 409 4183; x_wconf 81' lang='lat' dir='ltr'>n.;</span> <span class='ocrx_word' id='word_1_272' title='bbox 427 4128 620 4178; x_wconf 86' lang='lat' dir='ltr'>intentionaliter</span> <span class='ocrx_word' id='word_1_273' title='bbox 631 4129 673 4177; x_wconf 88' lang='lat' dir='ltr'>i.e.</span> <span class='ocrx_word' id='word_1_274' title='bbox 683 4128 816 4177; x_wconf 88' lang='lat' dir='ltr'>secundum</span> <span class='ocrx_word' id='word_1_275' title='bbox 829 4127 1022 4183; x_wconf 82' lang='lat' dir='ltr'>similitudinem,</span> <span class='ocrx_word' id='word_1_276' title='bbox 1035 4128 1073 4179; x_wconf 88' lang='lat' dir='ltr'>ed.</span> <span class='ocrx_word' id='word_1_277' title='bbox 1104 4143 1122 4176; x_wconf 91' lang='lat' dir='ltr'>r.</span> <span class='ocrx_word' id='word_1_278' title='bbox 1222 4128 1232 4156; x_wconf 79' lang='lat'>⁸</span> <span class='ocrx_word' id='word_1_279' title='bbox 1248 4127 1333 4176; x_wconf 79' lang='lat' dir='ltr'>huma·</span> 
     </span>
     <span class='ocr_line' id='line_1_35' title="bbox 283 4192 1157 4258; baseline -0.001 -16"><span class='ocrx_word' id='word_1_280' title='bbox 283 4194 360 4257; x_wconf 86' lang='lat' dir='ltr'>nitus]</span> <span class='ocrx_word' id='word_1_281' title='bbox 374 4194 520 4247; x_wconf 81' lang='lat' dir='ltr'>humanitas,</span> <span class='ocrx_word' id='word_1_282' title='bbox 533 4192 561 4241; x_wconf 87' lang='lat' dir='ltr'>B.</span> <span class='ocrx_word' id='word_1_283' title='bbox 660 4194 742 4243; x_wconf 74' lang='lat' dir='ltr'>‘cum</span> <span class='ocrx_word' id='word_1_284' title='bbox 756 4193 1057 4258; x_wconf 87' lang='lat' dir='ltr'>Christus-mundi]om.</span> <span class='ocrx_word' id='word_1_285' title='bbox 1102 4209 1157 4257; x_wconf 84' lang='lat' dir='ltr'>.pr.</span> 
     </span>
    </p>
   </div>
   <div class='ocr_carea' id='block_1_7' title="bbox 1180 4292 1291 4334">
    <p class='ocr_par' dir='ltr' id='par_1_7' title="bbox 1180 4292 1291 4334">
     <span class='ocr_line' id='line_1_36' title="bbox 1180 4292 1291 4334; baseline -0.009 -1"><span class='ocrx_word' id='word_1_286' title='bbox 1180 4292 1291 4334; x_wconf 77' lang='lat' dir='ltr'>wrcffl</span> 
     </span>
    </p>
   </div>
   <div class='ocr_carea' id='block_1_8' title="bbox 0 0 1436 5242">
    <p class='ocr_par' dir='ltr' id='par_1_8' title="bbox 0 0 1436 5242">
     <span class='ocr_line' id='line_1_37' title="bbox 0 0 1436 5242; baseline 0 0"><span class='ocrx_word' id='word_1_287' title='bbox 0 0 1436 5242; x_wconf 95' lang='lat' dir='ltr'> </span> 
     </span>
    </p>
   </div>
  </div>
 </body>
</html>
