2864 4836
512 308 959 318 -----.-..--——--—-·
972 308 1092 315 -—-——---
1107 306 1399 317 ——m

90 416 102 465 ε.
137 434 236 479 ω.»
509 413 848 477 rnrrrocus
1281 425 1343 494 215

90 596 100 653 ζ
136 588 179 633 ex
191 572 368 651 ignorantia,
379 594 447 635 cum
461 577 563 636 mulier
572 578 610 637 sit
625 576 752 647 seducta,
764 586 793 635 et
807 576 849 633 vir
862 593 899 633 ex
914 574 1026 650 peccati
1039 573 1197 649 gravedine

136 678 187 731 eet
215 671 366 749 deceptus.
416 671 540 733 &cundo
566 676 748 751 supponitur,
776 672 858 750 quod
885 673 928 729 vir
955 672 1007 729 iste
1035 681 1064 729 et
1089 671 1198 729 femina

137 768 303 829 sentientes
320 782 433 830 tantam
453 791 567 849 poenae
586 772 773 849 gravedinem
793 773 970 840 innovatam,
987 779 1053 826 ante
1073 778 1198 826 mortem

138 867 351 945 poenituerunt
374 869 530 929 fructuose.
580 870 618 929 Et
641 871 722 928 tertio
744 869 917 944 supponitur
941 877 972 924 ut
997 884 1083 941 saepe
1110 866 1198 941 prius,

136 963 226 1043 quod
249 984 312 1025 non
335 967 468 1027 obstante
493 979 615 1045 peccato
640 968 724 1044 primi
745 965 882 1035 hominis,
904 962 1060 1022 servanda¹
1086 962 1139 1021 sit²
1160 981 1197 1020 ex

137 1061 260 1140 integro
271 1064 380 1141 justim
392 1065 578 1125 inconcussa.

182 1160 255 1221 Istis
274 1163 432 1239 suppositis
451 1163 563 1234 dicitur,
584 1161 665 1239 quod
686 1180 807 1221 necesse
828 1160 881 1219 fuit
901 1159 1033 1218 Verbum
1053 1157 1199 1216 divinum⁸
1245 1173 1251 1199 1
1282 1180 1327 1205 enus
1376 1227 1382 1237 ,

137 1258 297 1330 incarnari,
325 1260 394 1336 quia
420 1279 541 1320 necesse
570 1260 622 1319 fuit
649 1278 744 1336 genus
772 1259 934 1316 humanum
962 1256 1097 1314 salvari'
1090 1274 1120 1313 tn
1145 1274 1198 1314 suo
1233 1254 1376 1328 ξῗξῖςζζξζξω

136 1356 297 1435 principio,
309 1357 392 1432 juxta
410 1359 656 1435 suppositionem⁴
675 1357 851 1428 secundam;
867 1367 895 1413 et
920 1355 1021 1412 salvari
1039 1371 1101 1412 non
1115 1364 1198 1429 pote·
1232 1335 1360 1449 ῃξὲῗὲἳῑηῗ

137 1462 197 1525 rat,
221 1454 278 1512 uisi
306 1453 438 1514 Christus
463 1455 563 1515 fuisset
587 1456 769 1527 incarnatus,
800 1454 867 1512 ideo
891 1452 1019 1529 sequitur
1044 1452 1197 1508 intentum.

140 1548 256 1611 Salvari
279 1552 397 1628 quidem
422 1554 551 1629 oportuit
579 1553 658 1611 illum
686 1553 847 1621 hominem,
869 1568 941 1613 cunt
965 1559 1026 1607 tam
1053 1547 1198 1606 fructuose

139 1648 297 1727 poenituit,
311 1660 340 1709 et
354 1649 436 1709 Deus
450 1669 513 1709 non
527 1661 624 1726 potest
638 1668 744 1726 negare
764 1667 848 1707 suam
862 1647 1091 1706 misericordiam
1106 1647 1199 1705 taliter

139 1746 313 1824 poenitenti.
353 1747 479 1807 Etcum
496 1749 580 1824 juxta
599 1748 832 1824 suppositionem
851 1746 964 1803 tertiam
984 1754 1099 1819 oportet
1119 1742 1198 1818 quod

138 1842 196 1903 fiat
210 1843 368 1903 satisfactio
382 1862 437 1920 pro
451 1855 582 1921 peccate,
597 1846 664 1904 ideo
684 1854 808 1920 oportet,
824 1842 904 1918 quod
919 1841 988 1899 illud
1008 1841 1085 1898 idem
1105 1857 1199 1915 genus

139 1940 272 2001 bominis
292 1952 404 2001 tantum
428 1942 584 2002 satisfaciat
604 1952 747 2019 quantum
768 1941 798 1999 in
823 1939 1004 2017 protoplasto
1030 1938 1198 2013 deliquerat,

141 2039 226 2115 quod
252 2039 347 2098 nullus
374 2039 465 2099 homo
490 2039 585 2098 facere
610 2051 732 2116 poterat,
757 2040 812 2097 nisi
838 2037 923 2096 simul
949 2036 1038 2095 foret⁶
1061 2035 1143 2093 Deus
1168 2046 1199 2094 et

142 2134 245 2195 bomo.
286 2137 393 2196 Omnis
411 2139 491 2196 enim
510 2137 582 2196 alius
601 2137 692 2196 homo
713 2155 774 2195 non
793 2136 906 2195 suffecit
921 2154 957 2193 ex
972 2153 1002 2193 se
1017 2133 1055 2192 ad
1069 2132 1200 2192 satisfac·

143 2234 257 2292 tionem
268 2252 322 2311 pro
336 2235 456 2311 proprio
469 2246 592 2311 peccato
607 2236 757 2310 attingere,
768 2234 920 2311 quomodo
935 2250 1006 2309 ergo
1023 2231 1199 2291 satisfaceret

142 2348 200 2408 pro
220 2340 283 2389 toto
304 2348 358 2389 suo
377 2333 506 2407 genere?
547 2331 623 2403 Quis
644 2350 718 2408 rogo
739 2333 834 2408 potuit
855 2332 892 2390 ad
913 2341 1026 2389 tantum
1047 2329 1197 2399 humiliari,

142 2429 218 2487 sicut
242 2426 340 2486 Adam
365 2429 541 2504 superbivit?
583 2429 660 2487 Cum
684 2431 763 2488 enim
792 2429 837 2487 ille
866 2430 1023 2505 superbivit
1051 2428 1197 2504 implicite,

141 2525 297 2601 implicans
318 2544 349 2584 se
370 2526 408 2584 ad
431 2525 633 2602 aequalitatem
655 2527 711 2584 Dei
733 2526 881 2602 attingere,
904 2528 972 2602 quia
993 2526 1146 2584 innuebat⁶
1168 2543 1198 2583 se

142 2640 207 2681 non
218 2621 323 2682 debere
337 2623 477 2682 mandato
488 2623 560 2682 Dei⁷
570 2624 697 2693 obedire,
710 2633 789 2700 patet
803 2624 884 2701 quod
899 2624 1028 2698 oportuit
1041 2640 1198 2699 personam

141 2719 369 2780 satisfacientem
384 2739 402 2778 a
415 2731 497 2780 tanto
516 2722 608 2797 gradu
628 2722 810 2781 exaltationis
825 2723 984 2780 humilitate
1002 2721 1196 2790 descendere;

141 2816 196 2877 scd
209 2818 260 2875 ubi
274 2816 347 2876 foret
361 2818 408 2876 illa
421 2819 537 2894 paritas
553 2821 616 2890 nisi,
631 2821 705 2879 sicut
717 2819 808 2879 homo
820 2838 881 2878 non
895 2819 977 2878 Deus
992 2819 1196 2896 aequalitatem

140 2913 265 2974 Domini
289 2918 502 2991 praesumebat,
528 2917 569 2975 sic
594 2917 686 2976 homo
710 2917 792 2976 Deus
817 2920 854 2976 ab
882 2919 1054 2994 aequalitate
1079 2917 1135 2975 Dei
1161 2918 1199 2975 ad

141 3011 335 3072 humilitatem
363 3012 491 3072 hominis
518 3012 736 3074 descendisset?
781 3016 854 3074 Ideo
883 3015 951 3074 dicit
979 3016 1129 3090 apostolus
1157 3014 1195 3072 ad

141 3109 217 3169 Phil.
239 3109 292 3180 ii.·,
312 3111 393 3186 quod
415 3111 548 3170 Christus
570 3114 777 3189 ‘semetipsum
799 3114 956 3170 exinanivit
980 3112 1104 3170 formam
1126 3113 1199 3169 servi

140 3208 324 3284 accipiens⁹.'
367 3207 539 3267 Notandum
560 3220 658 3267 tamen
673 3211 723 3268 tibi
739 3220 791 3280 est,
806 3211 887 3286 quod
901 3210 1099 3285 praesumptio
1114 3210 1199 3285 primi

141 3304 272 3364 hominis
295 3323 378 3364 more
403 3306 531 3365 criminis
556 3306 608 3364 fuit
632 3306 713 3375 falsa,
735 3307 787 3365 sed
809 3309 968 3382 assumptio
993 3317 1022 3363 et
1043 3307 1198 3363 minoratio

142 3401 281 3463 Christi¹⁰
294 3402 414 3461 secundi
429 3404 556 3462 hominis
571 3403 623 3463 fuit
638 3405 721 3462 realis
741 3416 769 3462 et
783 3422 857 3462 vera.
900 3402 1072 3460 Notandum
1091 3412 1135 3460 est
1149 3404 1199 3462 tibi

142 3499 285 3570 secundo,
310 3500 390 3576 quod
416 3502 469 3560 iste
494 3502 640 3560 secundus
669 3501 760 3558 homo
789 3518 849 3558 non
878 3499 1010 3567 cadebat,
1036 3500 1109 3557 sicut
1138 3516 1199 3557 non

140 3597 247 3676 potuit,
268 3614 287 3655 a
308 3597 402 3656 forma
423 3597 544 3669 deitatis,
567 3617 634 3656 cum
656 3616 716 3655 non
738 3607 833 3672 potest
854 3614 918 3655 esse
944 3596 1081 3655 accidens
1105 3598 1199 3667 alicui,

141 3695 196 3755 sed
210 3694 257 3754 ills
274 3706 387 3754 servata
405 3695 615 3755 humanitatem
635 3695 800 3771 assumpsit,
815 3711 891 3770 quae
910 3695 976 3752 licet
996 3693 1080 3752 fuerit
1086 3694 1107 3727 ¹¹
1122 3696 1152 3752 in
1168 3714 1198 3754 se

175 3867 184 3897 ¹
202 3866 332 3942 servanda]
345 3868 476 3923 servando,
489 3868 518 3916 B.
665 3866 736 3930 ¹sit]
749 3867 803 3922 fuit,
814 3868 853 3916 ed
866 3883 903 3931 pr
1050 3866 1197 3929 'divinum]

143 3930 256 3987 Domini,
268 3932 308 3980 ed
319 3948 356 3995 pr
467 3931 701 3996 suppositionem]
711 3933 869 3996 positionem
880 3933 919 3987 C
931 3931 959 3980 B.
972 3931 1092 3980 secundae
1104 3946 1197 3978 manus.

139 3995 244 4060 'foret]
262 3995 341 4052 fuerit,
355 3996 399 4053 D.;
421 3997 508 4051 fuerat.
526 3996 564 4045 ed.
581 4012 618 4059 pr.
782 3997 938 4059 ⁸iunuebat]
956 3997 1087 4051 annuebat,
1105 3995 1198 4043 A...BC

139 4060 150 4090 i
169 4060 230 4124 Dei]
248 4060 358 4117 Domini,
371 4061 399 4109 B.
411 4061 505 4126 primae
517 4076 611 4117 manus,
622 4061 660 4110 ed.
673 4078 710 4126 pr.
906 4060 965 4108 'ad
977 4059 1040 4108 Phil.
1052 4060 1089 4124 ii.]
1102 4076 1152 4109 om.
1166 4059 1198 4107 D.

141 4125 275 4246 ἓίοηὲαω
284 4140 347 4175 servi
340 4125 491 4191 accipiens]
503 4141 553 4176 om.
565 4125 604 4174 erl
616 4142 652 4190 pr.
720 4125 860 4189 Christi]
871 4141 921 4174 om.
929 4125 968 4174 ed.
976 4140 1012 4188 pr.
1079 4126 1096 4155 ¹¹
1114 4124 1198 4187 fuerit]

153 4190 190 4240 uit
261 4205 298 4254 pr.
