2864 4836
10 319 160 609 W
485 419 741 501 Jornms
781 420 1012 482 erem
1206 443 1273 479 ω..

633 868 727 928 CAP.
749 868 865 928 XXIII.

385 1037 431 1096 Dc
443 1046 613 1098 sacranunto
618 1041 797 1116 pomrlentrhe
809 1047 835 1098 et
845 1039 968 1118 q'urdem
976 1043 1131 1118 partibus.

34 1219 165 1295 &22ar
264 1209 385 1269 Alrlhrh.
428 1210 524 1269 Video
548 1211 629 1288 quod
651 1213 842 1272 institutiones
862 1212 1025 1287 humanae,
1049 1233 1134 1292 quae
1155 1222 1272 1274 vootutu

34 1299 182 1413 ffi'ffig
223 1305 303 1383 leges
323 1307 506 1379 matrimonii,
527 1310 677 1368 modicum
695 1309 812 1387 placent
830 1309 889 1368 tibi.
933 1310 1013 1370 Ideo
1029 1310 1110 1384 dic¹,
1126 1329 1208 1388 rogo,
1220 1327 1272 1369 ten·

34 1379 171 1460 ffimffm'*
130 1395 190 1453 onte}
223 1404 343 1463 tentiam
357 1415 437 1464 tuam
450 1405 483 1462 dc
499 1413 669 1465 sacrarnenh
679 1409 865 1484 poentientiae.
907 1406 945 1466 Et
966 1409 1071 1485 primo
1087 1409 1202 1470 videttu
1217 1406 1273 1466 mni

33 1460 172 1584 &ff
226 1501 374 1561 difficile'
367 1521 462 1578 1psum
490 1502 653 1563 describere
680 1516 799 1582 propter
826 1504 958 1564 aemulos
989 1507 1161 1583 captiosos
1211 1503 1273 1565 Cur

225 1600 303 1658 enim
318 1599 421 1658 dicitur
435 1603 636 1672 communiter,
652 1602 733 1678 quod
751 1602 932 1678 poenitentia
948 1600 1044 1662 habet
1059 1613 1124 1664 tres
1142 1615 1236 1682 partes
1250 1611 1275 1659 ut

226 1698 343 1768 cithara,
359 1698 467 1758 scilicet
481 1699 577 1757 cordis
592 1701 806 1770 contritionem,
821 1699 880 1758 oris
895 1699 1129 1760 confessionem
1145 1713 1176 1761 et
1192 1699 1275 1778 operis

227 1795 462 1867 satisfactionem,
475 1796 587 1855 videtur
607 1796 721 1856 difficile
743 1797 857 1874 signare
870 1814 966 1874 genus
988 1799 1208 1874 poenitentiae,
1220 1812 1276 1856 cum

226 1897 281 1953 ista
294 1895 348 1951 tria
363 1894 419 1951 siut
433 1893 545 1952 diversa
559 1895 589 1951 in
603 1912 720 1970 genere.

267 1991 431 2050 Phrenesis.
475 1989 545 2049 Non
571 1992 745 2068 imagineris,
766 1990 847 2068 quod
870 1991 942 2050 istae
968 1991 1028 2051 sint
1050 2004 1156 2070 partes
1176 1992 1279 2072 quanti·

227 2091 329 2148 tativae
354 2089 535 2164 qualitativae
555 2088 600 2146 vel
626 2088 829 2165 quidditativae
853 2088 1064 2166 poenitentiae,
1087 2102 1123 2150 ut
1144 2093 1219 2151 ratio
1237 2104 1279 2148 tua

227 2188 319 2246 innuit
327 2206 335 2258 ;
358 2185 410 2244 sed
424 2187 632 2262 poenitentiam
646 2187 777 2263 intelligo
791 2186 926 2256 formam,
940 2203 1001 2263 qua
1021 2189 1173 2248 contritus
1187 2188 1279 2248 dicitu

227 2284 383 2343 formaliter
402 2283 560 2359 poenitere,
576 2293 605 2341 et
619 2283 661 2343 sic
680 2294 800 2361 apparet
819 2283 889 2343 mihi
908 2283 1129 2360 poenitentiam
1144 2287 1177 2344 ln
1190 2296 1277 2344 mente

227 2382 393 2440 consistere.
437 2381 502 2440 Alia
517 2393 622 2454 autem,
637 2401 712 2458 quae
726 2393 865 2442 vocantur
878 2393 975 2459 partes
989 2385 1207 2458 poenitentiae,
1222 2393 1280 2444 sunt

228 2479 281 2537 sibi
303 2479 471 2549 accidentia,
486 2480 580 2555 ipsam
601 2493 632 2538 ut
647 2481 839 2539 communiter
858 2479 1045 2555 complentia,
1065 2491 1096 2540 et
1112 2483 1202 2557 juxta
1219 2479 1279 2540 illud

228 2577 339 2652 psalmi,
361 2578 538 2635 ‘confitebor
554 2580 604 2635 tibi
618 2581 648 2635 in
669 2578 778 2637 cithara
792 2578 874 2636 Deus
893 2576 1009 2647 meus²,'
1024 2577 1185 2654 signantur
1206 2596 1280 2638 corn·

227 2676 352 2733 muniter
367 2694 418 2750 per
432 2685 528 2751 partes
543 2675 668 2735 citharae
683 2677 856 2752 corporalis;
886 2677 925 2733 ita
944 2673 1041 2751 quod⁸
1061 2694 1206 2752 suprema
1220 2694 1279 2753 pars

229 2773 362 2841 citharae,
385 2774 413 2829 in
436 2791 494 2848 qua
515 2774 672 2848 infiguntur
693 2774 773 2844 clavi,
795 2784 876 2831 notet
897 2773 993 2831 cordis
1015 2775 1238 2845 contritionem,
1257 2785 1280 2831 et

227 2888 330 2946 grossa
351 2889 386 2927 ac
408 2889 537 2928 concava
558 2889 624 2946 pars
646 2871 772 2929 citharae
793 2889 867 2947 quae
890 2888 996 2929 sonum
1011 2882 1124 2941 causat,
1141 2874 1280 2949 significet

228 2969 286 3026 oris
301 2966 525 3037 confessionem,
541 2969 622 3024 tertia
637 2979 734 3025 autem
749 2987 815 3043 pars
829 2967 963 3037 citharae,
975 2985 1051 3042 quae
1067 2971 1222 3028 connectit
1235 2970 1281 3027 has

229 3066 300 3123 duas
323 3065 360 3122 ad
381 3065 513 3134 invicem,
534 3066 676 3139 significet
695 3066 791 3140 operis
812 3065 1054 3135 satisfactionem
1086 3075 1116 3125 et
1136 3069 1182 3125 sic
1196 3063 1281 3144 lyrae⁴

230 3172 296 3221 sunt
311 3164 393 3238 quasi
408 3162 593 3237 particulares
613 3164 816 3237 expressiones
835 3163 946 3239 peccati
960 3161 1090 3221 hominis
1105 3167 1191 3240 quod
1205 3183 1281 3223 com·

230 3261 315 3330 misit,
331 3259 367 3317 ad
382 3258 462 3334 quod
476 3269 597 3334 prosunt
612 3261 691 3335 digiti
713 3260 916 3336 praelatorum.
958 3258 996 3317 Et
1010 3261 1052 3318 sic
1072 3270 1119 3320 est
1134 3262 1280 3339 multiplex

229 3358 407 3434 poenitentia
422 3367 587 3432 aggregata,
603 3358 696 3432 prima
714 3368 757 3416 est
777 3358 871 3416 solum
892 3359 921 3415 in
940 3357 1040 3415 animo
1056 3367 1085 3415 et
1100 3359 1282 3421 insensibilis,

230 3455 302 3530 qua⁶
317 3455 456 3513 contritus
468 3455 598 3512 Domino
613 3455 781 3526 confitetur;
804 3455 851 3512 illa
865 3465 962 3513 autem
973 3453 1039 3512 licet
1055 3455 1091 3512 sit
1102 3458 1282 3534 parvipensa,

230 3566 273 3610 est
288 3563 385 3610 tamen
400 3553 502 3610 virtute
517 3554 653 3622 maxima,
668 3554 730 3610 sine
746 3570 804 3629 qua
823 3552 895 3611 aliae
915 3551 985 3609 nihil
999 3551 1104 3611 valent.
1150 3554 1282 3613 Secunda

231 3668 298 3706 vero
325 3661 368 3706 est
393 3651 572 3724 poenitentia
600 3660 759 3725 aggregata
786 3669 822 3708 ex
847 3650 895 3707 illa
921 3661 950 3707 et
977 3650 1170 3723 expressione
1194 3650 1281 3710 vocali

231 3746 411 3821 singulariter
436 3746 512 3804 lacta
536 3746 611 3817 Deo,
636 3759 664 3804 et
693 3749 733 3805 sic
760 3758 819 3806 tam
847 3758 944 3823 patres
968 3747 1041 3823 legis
1066 3750 1172 3807 veteris
1197 3765 1282 3826 quam

231 3853 328 3920 patres
349 3845 416 3902 novi
442 3845 620 3903 testamenti⁸
641 3846 833 3903 communiter
854 3856 921 3904 sunt
943 3843 1078 3904 confessi.
1122 3846 1184 3906 Sed
1204 3847 1282 3905 tertia

212 4002 238 4147 1·
265 4038 342 4103 ¹d1c]
355 4039 479 4088 modicum
491 4040 538 4095 circ
552 4039 580 4089 B.
592 4041 629 4089 ed.
642 4056 678 4104 pr.
778 4041 843 4090 ²Ps.
855 4041 912 4090 lxxi.
924 4040 995 4104 (lxx.)
1010 4055 1048 4090 aa.
1134 4043 1197 4093 'tta
1207 4043 1281 4107 quod]

233 4104 287 4159 ista,
299 4104 336 4153 «1.
349 4120 386 4168 pr.
502 4104 604 4168 ⁴lyrae]
619 4106 666 4153 D.:
685 4105 757 4160 lirae;
776 4107 888 4162 breviter,
900 4106 993 4156 A.B..C
1120 4107 1209 4174 qua]
1221 4124 1281 4173 quta.

213 4158 216 4199 1
233 4169 270 4215 «1
283 4184 319 4231 pr.
418 4170 525 4232 ⁶pntres
538 4186 594 4221 novt
589 4170 758 4234 'testamenti]
771 4171 857 4221 iratres
868 4187 925 4221 novt
937 4172 1085 4228 testamenti,
1098 4172 1131 4222 D.
