2864 4836
476 413 735 491 JOANNIS
775 413 987 477 WICLIF
1184 441 1281 477 maur.

225 576 415 652 dispositione
437 575 541 648 deficit,
563 587 608 636 est
629 587 782 653 peccatum
802 594 957 636 remanens
977 587 1123 658 perpetuo
1146 578 1180 636 in
1203 595 1281 654 prae·

225 675 314 746 scito;
336 685 364 732 et
379 675 459 734 ide0¹
473 676 583 751 justum
597 686 650 745 est,
665 676 747 751 quod
761 675 831 734 illud
846 685 999 752 peccatum
1018 685 1167 751 perpetuo
1182 676 1280 752 punia-

224 782 278 842 tur,
297 790 364 830 cum
383 772 465 831 aliter
483 782 646 831 remaneret
664 783 818 849 peccatum
837 772 956 848 aliquod
974 774 1163 848 impunitum
1211 771 1280 830 Ideo

224 869 461 946 blasphemantes
475 871 505 927 in
519 869 617 928 Deum
631 869 668 927 de
683 870 769 929 nimis
783 869 838 928 levi
857 871 1060 947 pronunciant,
1076 870 1161 947 quod
1176 888 1278 946 repug-

224 977 274 1025 nat
288 967 401 1026 divinae
415 966 628 1025 misericordiae
643 978 730 1043 atque
747 969 884 1044 justitiae,
897 969 979 1045 quod
999 969 1065 1045 quis
1087 986 1143 1045 pro
1157 978 1279 1045 peccato

224 1076 432 1123 momentaneo
456 1074 598 1141 perpetuo
622 1065 775 1141 puniatur;
807 1067 972 1126 nonenim
996 1065 1182 1143 distinguunt
1209 1067 1279 1125 inter

223 1173 321 1220 actum
335 1172 363 1220 et
378 1163 485 1232 vitium,
500 1172 528 1220 et
543 1163 666 1221 omnino
684 1180 745 1221 non
765 1165 839 1222 inter
857 1164 956 1222 vitium
975 1173 1005 1222 et
1023 1163 1191 1237 desecmm3
1220 1181 1278 1223 non

156 1322 159 1329 ,
223 1260 302 1317 enim
327 1260 523 1331 considerant,
545 1259 626 1335 quod
651 1260 714 1319 talis
737 1272 879 1337 perpetuo
904 1260 1001 1321 deficit
1026 1263 1064 1321 ab
1084 1262 1199 1332 ordine,
1221 1279 1278 1339 quo

224 1361 327 1415 servire
343 1358 429 1416 debet
443 1368 585 1434 perpetuo
601 1357 667 1417 Deo
686 1376 749 1418 suo.
792 1358 873 1423 Sicut
891 1360 970 1418 enim
989 1360 1027 1418 ab
1045 1359 1095 1418 illo
1115 1359 1224 1430 deficit,
1238 1361 1279 1418 sic

224 1472 343 1515 necesse
376 1466 421 1515 est
454 1455 535 1532 quod
567 1473 665 1532 poena
692 1457 838 1516 essentiali
864 1469 1007 1534 perpetuo
1035 1458 1190 1533 puniatur;
1225 1474 1278 1517 uec

224 1553 354 1624 dubium,
367 1553 437 1629 quin
451 1570 549 1630 poena
562 1553 763 1614 accidentalis¹
776 1574 813 1614 ex
824 1555 882 1614 hoc
897 1556 1093 1632 consequitur,
1105 1574 1176 1614 cum
1191 1556 1279 1615 habet

224 1649 356 1709 dolorem
380 1649 425 1708 vel
450 1651 671 1728 displicentiam,
697 1652 778 1729 quod
802 1663 864 1712 tam
891 1654 1073 1730 negligenter
1097 1663 1278 1730 peccaverat

225 1750 263 1808 Et
285 1760 373 1826 patet,
399 1750 480 1826 quod
504 1751 623 1827 praelati
648 1752 845 1811 concedentes
866 1752 1060 1829 indulgentias
1082 1753 1279 1811 communiter

225 1847 427 1925 blasphemant
441 1849 472 1906 in
483 1848 539 1907 Dei
554 1849 735 1924 sapientiam,
746 1849 815 1927 quia
825 1850 909 1908 stulte
924 1859 954 1909 et
967 1848 1073 1927 cupide
1084 1849 1278 1927 praetendunt

225 1964 255 2004 se
270 1963 391 2005 noscere
407 1947 566 2017 materiam,
581 1964 670 2022 quam
685 1947 829 2023 ignorant

266 2041 418 2114 Quantum
432 2043 470 2102 ad
483 2044 629 2101 secundum
643 2044 765 2114 dubiam,
777 2055 865 2121 patet,
876 2045 958 2122 quod
971 2045 1058 2105 nimis
1072 2045 1166 2105 multa
1178 2045 1279 2105 schola

225 2140 428 2215 theologorum
455 2140 632 2218 intelligtmt³
656 2142 693 2201 de
721 2143 822 2218 gratia,
851 2144 946 2220 quod⁴
974 2145 1010 2204 sit
1036 2162 1097 2204 una
1125 2146 1279 2222 spirimalis

226 2238 349 2315 qualitas
375 2257 450 2315 quae
475 2241 581 2317 poterit
603 2259 655 2317 per
680 2258 712 2300 se
737 2259 809 2301 esse.
863 2242 921 2301 Sed
945 2243 999 2301 illis
1024 2241 1209 2302 confidenter
1231 2244 1280 2303 de·

226 2336 337 2406 nunti0,
358 2337 440 2412 quod
461 2355 522 2396 non
543 2338 707 2397 fundabunt
726 2338 814 2398 talem
835 2341 966 2415 gratiam,
981 2339 1034 2399 sed
1053 2351 1170 2416 praeter
1191 2341 1277 2411 illam,

225 2436 249 2493 si
269 2431 417 2511 ponatur⁵,
433 2446 549 2512 oportet
564 2437 633 2495 dare
651 2439 883 2514 acceptationem
902 2438 1038 2508 divinam,
1054 2439 1118 2497 sine
1135 2457 1197 2515 qua
1215 2439 1277 2498 talis

225 2534 292 2592 ficta
310 2535 404 2609 gratia
424 2552 485 2592 non
505 2530 644 2606 valeret⁰3
674 2546 789 2593 etcum
808 2535 855 2593 illa
874 2534 1051 2611 acceptatio⁷
1065 2537 1129 2595 sine
1149 2538 1199 2596 tali
1214 2538 1278 2595 ficta

224 2632 312 2707 priori
327 2632 457 2702 sufficiat,
473 2633 584 2690 videtur
602 2649 761 2691 onerosum
781 2642 809 2691 et
828 2631 1033 2709 blasphemum
1052 2633 1140 2691 talem
1154 2637 1277 2710 gratiam

224 2730 265 2787 sic
290 2728 360 2787 salse
386 2730 504 2805 lingere.
554 2730 600 2789 Ex
625 2742 706 2806 parte
727 2740 824 2789 autem
844 2729 901 2789 Dei
922 2741 967 2790 est
987 2735 1179 2807 acceptanda,
1204 2751 1278 2809 quae

225 2836 320 2901 potest
335 2827 422 2884 etiarn
437 2828 494 2885 dici
509 2829 609 2904 gratia,
623 2839 652 2887 et
666 2838 798 2904 exparte
818 2839 965 2887 creaturae
980 2839 1024 2888 est
1044 2831 1160 2905 passiva
1174 2848 1278 2907 accep·

224 2926 302 2994 tatio,
314 2935 343 2983 et
357 2927 398 2985 sic
413 2927 532 3001 quidam
547 2925 709 3001 intelligunt
728 2926 798 2984 illud
812 2925 956 3003 Johannis
970 2927 998 2998 i.,
1013 2925 1079 2985 ‘De
1098 2928 1279 3003 plenitudine

224 3023 287 3098 eJ'us
308 3040 364 3080 nos
385 3040 489 3082 omnes
510 3024 677 3099 accepimus
698 3025 820 3099 gratiam
842 3041 897 3100 pro
920 3025 1029 3102 gratia!
1072 3023 1152 3084 Nam
1175 3045 1279 3103 accep·

224 3121 313 3178 tantia
335 3120 445 3179 divina⁸
467 3132 495 3180 et
520 3121 696 3197 specialiter⁹
717 3122 747 3179 in
772 3121 949 3181 humanitate
971 3122 1077 3183 Christi
1098 3141 1155 3184 nos
1175 3142 1280 3184 omnes

224 3218 431 3293 praedestinati
446 3221 614 3294 accepimus
633 3221 765 3294 gratiam,
780 3238 838 3296 qua
853 3238 954 3278 sumus
974 3219 1095 3279 finaliter
1114 3224 1189 3297 grati
1203 3221 1279 3282 Deo.

53 3341 99 3375 mu
117 3383 121 3391 .
141 3352 159 3376 ο.
225 3316 262 3374 Et
277 3317 388 3374 videtur
403 3317 482 3386 mihi,
497 3317 578 3392 quod
597 3318 690 3392 gratia
709 3318 772 3387 ista,
788 3335 863 3393 quae
883 3318 986 3376 dicitur
1004 3319 1279 3394 praedestinationis

48 3351 163 3417 „suffitia

35 3433 190 3498 ,lutatam
227 3414 272 3471 vel
295 3415 426 3473 caritas¹⁰
448 3414 543 3473 finalis
568 3417 798 3490 perseverantiae
823 3433 884 3474 non
909 3426 1006 3492 potest
1030 3434 1047 3474 a
1072 3421 1279 3495 quocunque¹¹

34 3505 122 3540 excidere

35 3547 104 3587 aaut,
206 3528 208 3573 t
225 3513 367 3575 excidere.
383 3515 451 3589 quia
472 3515 495 3571 si
517 3515 631 3583 excidit,
646 3532 707 3572 non
728 3525 771 3572 est
791 3514 839 3572 illa
858 3514 985 3591 gratia¹¹.
1028 3515 1158 3574 Gratia¹⁸
1179 3519 1277 3594 ergo¹⁴

225 3612 355 3686 praecise
384 3611 545 3669 secundum
574 3623 756 3686 praesentem
782 3612 922 3688 justitiam
950 3623 994 3670 est
1020 3616 1192 3690 acceptatio,
1221 3633 1280 3691 qua

259 3739 308 3789 ¹et
321 3739 389 3814 ideo]
402 3739 516 3815 idemed.
529 3754 565 3803 pr.
663 3740 858 3817 ’accidentalis]
870 3741 983 3816 actualis,
994 3742 1033 3791 ed.
1045 3758 1082 3807 pr.
1165 3744 1280 3795 ’intelli-

225 3805 299 3870 gunt]
312 3805 436 3868 intelligit,
449 3805 482 3853 D.
494 3805 532 3853 ed.
545 3821 582 3869 pr.
697 3805 707 3834 ⁴
723 3806 801 3870 quod]
814 3821 856 3870 qm
867 3806 960 3862 dicunt,
971 3808 1046 3871 quod,
1059 3808 1095 3863 Β.,
1108 3808 1172 3858 A.C.
1184 3815 1278 3874 primae

225 3886 318 3920 manus.
482 3870 491 3899 ⁵
507 3869 625 3934 ponatur]
637 3871 745 3934 ponitur,
759 3872 791 3919 D.
958 3873 968 3901 ⁸
985 3872 1087 3936 valeret]
1101 3873 1176 3930 valet,
1188 3876 1226 3924 ed.
1238 3892 1275 3941 pr.

224 3935 233 3964 ⁷
249 3935 400 4012 acceptatio]
412 3935 550 4012 acceptatio
561 3936 651 3991 divina,
664 3936 696 3992 D,
708 3937 746 3985 ed.
759 3952 795 4001 pr.
825 4001 830 4011 ·
936 3937 946 3966 ⁸
962 3939 1116 4002 acceptanda
1127 3940 1222 4005 dimna]
1234 3957 1278 4016 per

224 4009 404 4130 ἳὲἷρέῗὲἒω
420 4002 977 4132 ὁ’ἪὶὲᾴιῖεεῆἓῗῑέἳυῗῐῖἷὲἓίᾞῗῖἒΝ·’
993 4002 1037 4097 '³10‘
1046 4014 1278 4134 elffii*

226 4131 317 4181 ahc.
401 4133 418 4162 ¹¹
435 4130 592 4195 quocunque]
604 4146 736 4196 quoquam,
747 4132 785 4182 ed.
797 4148 849 4197 pr.;
866 4148 916 4183 om.
929 4132 957 4181 Β.
1039 4133 1059 4164 ¹²
1073 4134 1230 4200 gratia]om.
1243 4136 1274 4185 D.

225 4196 263 4243 ed.
275 4211 311 4260 pr.
385 4193 392 4203 ”
412 4197 430 4226 ¹³
448 4195 547 4261 Gratia]
560 4212 610 4246 om.
623 4197 651 4246 Β.
750 4197 768 4230 ¹¹
784 4197 856 4262 ergo]
869 4206 960 4255 autem,
971 4198 1010 4248 ed.
1021 4215 1058 4265 pr.
