2864 4836
133 436 199 497 440
556 413 811 493 Joxrvrvrs
852 414 1081 477 viem
1278 436 1349 476 aa.

282 575 380 636 tertio¹
395 577 433 635 ad
452 575 569 634 finalem
587 577 860 647 remunerationem,
880 593 942 636 non
962 587 1091 654 propter
1111 594 1202 635 suum
1222 590 1346 633 111111111-

282 676 353 734 dum
368 694 385 734 a
399 675 509 752 populo
524 692 612 750 quem
626 664 786 736 visitaverat
800 675 1019 751 reportandum,
1035 674 1094 734 sed
1114 676 1219 752 potius
1236 683 1346 749 propter

282 791 410 850 poenam
424 781 452 830 et
466 772 599 849 injuriam
614 772 792 848 patiendum,
806 783 838 832 ut
851 772 920 832 dicit
939 775 1035 849 prima
1055 772 1197 830 conditio
1215 771 1344 837 caritatis,

281 881 310 930 et
332 879 450 947 propter
469 871 733 929 remunerationem
755 870 865 947 largam
887 871 947 930 suis
968 870 1108 929 fidelibus
1130 865 1343 946 parciendam¹,

281 979 315 1027 ut
328 966 397 1026 dicit
416 968 545 1027 secunda
563 967 702 1027 conditio.
744 967 836 1041 Quod
855 969 880 1028 si
899 968 1001 1027 iratres
1021 969 1053 1026 in
1073 969 1140 1027 istis
1159 967 1344 1028 adversantur

283 1065 400 1126 Christo
423 1069 453 1124 in
476 1067 615 1137 moribus,
638 1067 704 1143 quis
728 1067 848 1138 dubitat,
871 1068 942 1143 quin
965 1067 1022 1126 sint
1048 1065 1166 1125 Satan?
1211 1064 1343 1141 Legimus

282 1165 370 1235 enim,
385 1167 466 1240 quod
487 1164 575 1224 Satan
594 1164 675 1224 affuit
693 1166 769 1224 inter
787 1164 862 1224 filios
876 1165 942 1236 Dei,
956 1164 1010 1223 sed
1028 1175 1177 1241 tanquam
1197 1174 1344 1222 accusator

283 1261 402 1322 fratrum
416 1273 447 1322 ut
464 1263 636 1333 malefaciat,
651 1281 713 1321 non
727 1273 758 1322 ut
777 1262 916 1338 proficiat,
930 1273 963 1322 ut
980 1273 1061 1339 patet
1073 1261 1152 1340 Jobi
1168 1263 1276 1338 primo.
1316 1258 1344 1319 Si

283 1370 380 1419 autem
395 1361 495 1420 iratres
510 1361 639 1420 celeriter
649 1371 863 1438 congregantur
877 1360 916 1420 ad
929 1360 1031 1419 fratres
1046 1378 1121 1420 suos
1136 1371 1245 1419 contra
1259 1377 1341 1418 evan·

283 1459 391 1534 gelium
411 1458 624 1532 accusandum
651 1459 684 1530 si,
697 1460 748 1517 ubi
763 1477 870 1535 corpus
888 1458 981 1518 divitis
996 1458 1075 1535 jacet
1095 1468 1260 1527 mortuum,
1275 1475 1343 1515 con·

282 1567 440 1633 gregantur
457 1567 488 1615 ut
507 1557 620 1634 aquilae
639 1556 678 1615 ad
691 1557 772 1615 vivos
791 1567 819 1615 et
838 1566 970 1615 mortuos
988 1555 1256 1633 depraedandum
1285 1556 1341 1613 imo

284 1656 307 1713 si
332 1655 362 1712 in
388 1665 454 1713 actu
479 1655 701 1732 praedicationis
726 1673 788 1713 non
812 1654 950 1713 assistunt
974 1653 1029 1713 nisi
1054 1665 1178 1730 propter
1197 1652 1341 1712 bonorem

283 1753 467 1813 mundanum
481 1753 525 1812 vel
543 1753 670 1813 lucrum³
683 1764 838 1830 speratum,
854 1761 883 1812 et
900 1752 942 1812 sic
956 1751 994 1810 de
1012 1751 1147 1830 prandiis
1170 1763 1260 1829 atque
1274 1770 1343 1811 con·

283 1852 501 1926 gregationibus
522 1851 691 1910 hominum:
723 1852 788 1928 quis
810 1849 921 1911 dubitat
944 1851 1016 1927 quin
1038 1846 1125 1909 sunt¹
1146 1851 1341 1909 meridianum

283 1949 491 2008 daemonium?
535 1948 659 2009 Possent
679 1950 758 2008 enim
781 1949 819 2009 ad
841 1949 993 2007 minimum
1014 1965 1131 2007 narrare
1154 1948 1292 2007 fidelibus
1313 1948 1342 2006 in

283 2065 336 2105 sua
356 2047 519 2107 assistentia
540 2048 570 2105 in
584 2048 646 2107 istis
667 2047 952 2124 congregationibus,
967 2045 1037 2123 quid
1057 2047 1095 2104 sit
1115 2045 1216 2105 hostia
1238 2064 1341 2105 conse·

283 2155 377 2217 crata3
407 2147 483 2205 circa
496 2143 554 2205 hoc
573 2146 652 2204 enim
673 2146 823 2222 ambigunt
843 2144 892 2203 filii
911 2144 1008 2203 multi¹
1027 2145 1170 2204 ecclesiae
1191 2153 1221 2203 et
1240 2144 1341 2203 fratres

283 2244 312 2300 in
327 2244 382 2301 isto
402 2261 489 2319 super
508 2243 621 2303 haeresi
635 2243 822 2320 probabiliter
840 2238 984 2319 impetiit
1026 2240 1115 2301 Unde
1133 2243 1160 2302 si
1174 2254 1338 2303 mutescunt

283 2340 312 2397 in
334 2340 438 2398 talibus
458 2341 736 2417 congregationibus
757 2358 844 2417 super
864 2340 949 2411 istud,
967 2351 1028 2399 tam
1048 2340 1105 2415 ipsi
1126 2339 1232 2400 tratres
1252 2356 1340 2417 quam

282 2440 363 2515 ipsos
374 2437 505 2498 foventes
519 2440 558 2498 ad
572 2438 715 2497 haeresim
729 2448 797 2498 sunt
812 2439 946 2515 suspecti.
983 2436 1013 2496 Si
1027 2438 1107 2497 enim
1121 2436 1227 2498 iratres
1241 2447 1340 2496 assunt

282 2537 449 2612 regulariter
471 2538 575 2596 talibus
600 2537 875 2613 congregationibus
899 2546 1017 2613 propter
1041 2547 1200 2612 quaestum
1226 2547 1339 2612 tempo·

281 2635 383 2692 ratium
398 2653 452 2693 suo
467 2634 623 2693 conventui
637 2635 877 2708 congregandum
897 2643 926 2690 et
940 2652 1001 2692 non
1020 2640 1139 2709 propter
1158 2634 1336 2709 spiritualem

281 2732 514 2790 aedificationem
535 2733 683 2800 ecclesiae,
705 2732 772 2806 quis
794 2732 903 2790 dubitat
929 2732 1000 2808 quin
1025 2728 1108 2790 sunt⁷
1131 2731 1199 2790 ‘tilii
1221 2733 1337 2807 sangui·

281 2829 388 2905 sugae,'
418 2848 485 2888 cum
515 2831 614 2888 dicunt
644 2840 703 2887 tam
732 2830 820 2888 verbo
849 2847 937 2905 quam
964 2847 1053 2905 opere
1081 2830 1173 2888 instar
1198 2830 1336 2889 visitantis

281 2928 403 2987 diaboli:
427 2928 523 2998 ί11111,
538 2927 624 2986 affer⁸
638 2928 657 2984 l'

325 3026 421 3084 Tertia
441 3027 570 3085 conditio
592 3027 718 3084 caritatis
738 3035 790 3094 est,
810 3026 891 3101 quod
910 3043 971 3084 non
991 3026 1157 3085 aemulatur.
1202 3026 1293 3099 Quod
1314 3026 1338 3084 si

280 3126 380 3183 fratres
406 3133 473 3183 sunt
502 3123 623 3183 1111111111ο
648 3125 678 3182 in
703 3125 856 3194 abstracta
882 3142 943 3181 non
968 3124 1062 3182 solum
1087 3124 1253 3184 invidentes
1277 3125 1336 3183 aliis

279 3223 429 3280 ordinibus
454 3231 483 3280 et
508 3223 684 3281 secularibus
705 3241 780 3298 quos
806 3223 972 3298 depravant,
996 3224 1048 3280 sed
1070 3223 1159 3282 etiam
1180 3225 1238 3282 sibi
1260 3225 1335 3309 ipsis,

259 3374 261 3422 4
279 3321 343 3395 quis
366 3321 484 3391 dubitat,
506 3321 576 3395 quin
597 3339 634 3378 ex
656 3321 763 3378 invidia
784 3320 890 3378 diaboli
907 3321 999 3379 sunt¹⁰
1020 3321 1049 3377 in
1071 3321 1228 3379 ecclesiam
1250 3324 1336 3380 intro-

279 3417 376 3476 ducti?
411 3418 523 3476 Divisio
537 3419 615 3474 enim
631 3429 659 3475 et
674 3419 799 3476 narratio
815 3419 844 3475 in
865 3419 923 3476 suis
938 3419 1027 3494 signis
1046 3420 1232 3478 sensibilibus
1253 3437 1335 3496 supra

278 3517 307 3573 id
336 3517 417 3591 quod
445 3515 577 3574 Christus
607 3517 736 3585 asseruit,
765 3517 858 3574 innuit
890 3516 972 3592 quod
1000 3527 1066 3574 sunt
1096 3517 1178 3575 tales.
1233 3517 1335 3576 Unitas

277 3614 354 3670 enim
377 3612 550 3671 armonica¹¹
575 3616 705 3689 corporis
729 3614 868 3673 ecclesiae
893 3632 979 3691 super
1004 3614 1066 3691 ejus
1093 3631 1237 3687 amorem,
1260 3617 1334 3675 sicut

310 3850 317 3878 ¹
336 3849 419 3911 tertio]
434 3851 505 3898 tertio
518 3850 592 3904 venit,
603 3850 682 3899 a.b.C.
801 3849 811 3879 ²
827 3851 985 3914 parciendam
997 3851 1051 3913 (1.1.
1064 3852 1245 3917 ρ111111111111)]
1258 3854 1333 3917 perci·

278 3915 400 3976 piendam.
413 3916 442 3962 C.
541 3915 673 3978 ¹luctum]
686 3916 813 3970 honorem,
825 3917 854 3965 C.
960 3915 1054 3979 ‘sunt]
1067 3916 1123 3972 sint.
1136 3918 1166 3967 C.
1265 3919 1333 3966 ’tilii

278 3980 361 4042 multi]
374 3980 444 4027 11111111
457 3979 508 4034 filii,
520 3981 550 4029 C.
697 3981 707 4007 ¹
724 3982 841 4045 impetiti]
854 3982 869 4030 i.
875 3997 896 4030 e.
908 3981 998 4031 erroris
1010 3990 1085 4044 atque
1098 3982 1206 4031 haeresis
1218 3984 1331 4032 accusati.

278 4045 285 4070 ⁷
304 4045 370 4107 sunt]
384 4046 440 4097 sint.
453 4046 481 4093 C.
616 4048 624 4073 ⁸
642 4046 671 4094 cl.
685 4047 755 4095 Prov.
769 4064 822 4094 xxx.
839 4060 875 4106 15.
1016 4049 1026 4076 ⁹
1042 4047 1147 4111 invidia]
1160 4049 1186 4096 in
1198 4049 1297 4101 invidia.
1308 4064 1329 4095 1.

277 4110 298 4221 ¹1⁰)
312 4110 380 4171 sunt]
394 4110 450 4183 sint,
462 4111 491 4158 C.
673 4113 689 4142 ¹¹
707 4112 833 4161 armonica
845 4113 895 4174 (1.1.
908 4112 1076 4177 11111ωο11111]
1090 4114 1223 4171 Aaronica,
1235 4114 1281 4169 C.;
1301 4114 1331 4163 cs.

300 4190 317 4221 s.
331 4190 424 4222 1111111111.
441 4191 459 4229 1,
475 4190 494 4222 2.
