2864 4836
545 427 799 509 Joenvnrs
833 420 1044 490 vrcrrr
1250 448 1330 486 ner.

279 590 394 670 penitus
407 601 486 651 caret
499 608 594 652 causa
636 591 675 650 Et
688 591 726 650 ad
740 591 819 677 illam
834 590 966 649 notitiam
976 588 1186 666 pervenenrnt¹
1200 586 1330 665 philoso-

279 690 346 766 phi;
376 708 412 749 ex
433 706 492 767 quo
511 700 591 766 patet
609 688 741 748 Platom's
759 689 911 760 sententia,
930 686 1013 765 quod
1031 685 1114 746 Deus
1131 696 1180 746 est
1197 687 1330 763 superior

280 782 380 847 omni¹
398 788 571 858 narratione,
588 797 618 847 et
637 805 698 847 non
717 787 855 847 deliciunt
873 787 989 864 linguae
1008 784 1046 844 de
1065 784 1132 861 ipso
1150 784 1257 863 loqui⁸,
1277 783 1329 842 nisi

281 894 399 961 propter
415 885 615 944 excellentiam
634 886 678 944 sui
693 903 766 944 esse.
809 884 855 943 Ex
869 884 976 962 quibus
989 892 1078 961 patet,
1091 882 1174 959 quod
1187 880 1328 942 mundani

281 982 472 1060 intelligentes
490 983 586 1059 ipsum
605 978 789 1060 imperfecte⁴
802 982 972 1059 concipiunt
990 999 1058 1041 cum
1076 980 1329 1058 phantasmatibus

281 1081 583 1157 ipsoaeposterioribus,
603 1099 679 1158 quae
700 1080 904 1157 phantasmata
924 1097 992 1139 cum
1012 1079 1159 1139 intellectu
1183 1077 1242 1137 Dei
1264 1086 1329 1137 sum

281 1179 445 1238 commixta.
488 1178 561 1238 Ideo
576 1178 644 1238 dicit
657 1178 825 1245 Arritoteles,
840 1177 930 1255 quod,
948 1178 1016 1238 licet
1036 1176 1118 1237 Deus
1136 1177 1173 1236 sit
1192 1174 1329 1236 maniles·

282 1277 410 1336 tissimus
437 1277 468 1334 in
495 1286 605 1346 natura,
633 1288 732 1335 tamen
760 1277 943 1335 acutissimus
970 1276 1090 1352 ingenio
1115 1292 1148 1335 se
1175 1274 1268 1334 habet
1293 1272 1329 1332 ad

281 1371 393 1452 ipsum⁶
415 1375 490 1434 sicut
513 1370 697 1434 nocticorax⁰
718 1374 756 1433 ad
780 1374 851 1434 solis
875 1374 974 1434 radios
997 1372 1179 1433 intuendrun.
1225 1371 1265 1432 Et
1288 1372 1329 1431 sic

282 1473 372 1532 deitas
392 1488 454 1531 non
474 1482 571 1548 potest
591 1489 655 1532 esse
676 1473 795 1532 materia
815 1471 861 1531 vel
882 1471 984 1542 torma,
1005 1488 1075 1532 cum
1094 1470 1251 1549 cujuslibet
1267 1469 1331 1531 talis

282 1579 397 1647 oportet
410 1587 474 1628 esse
489 1586 616 1629 causam.
765 1578 768 1584 '

322 1665 384 1725 Ex’
397 1666 458 1726 istis
472 1669 607 1744 sequitur,
618 1669 699 1745 quod
716 1668 808 1728 deitas
825 1669 862 1728 sit
874 1668 1051 1726 aeternaliter
1060 1665 1331 1744 etubique,quiasi

282 1765 379 1844 aliqua
392 1766 428 1824 sit
441 1784 577 1826 mensura
588 1768 667 1843 prior
677 1765 790 1837 deitate,
801 1767 866 1842 ipsa
878 1783 941 1825 non
950 1765 1028 1825 loret
1040 1765 1137 1843 prima
1149 1782 1251 1836 causa,
1265 1763 1332 1841 quis

283 1876 480 1925 mensuratum
495 1883 630 1923 mensura
643 1865 730 1941 hujus
747 1863 828 1924 modi
847 1863 921 1924 foret
936 1865 1032 1942 prius;
1053 1862 1097 1922 et⁸
1111 1862 1184 1923 ideo
1193 1869 1332 1922 mensura

284 1962 396 2024 deitatis
411 1963 527 2039 proprie
541 1972 661 2021 vocatur
674 1963 838 2031 aeternitas,
853 1980 928 2039 quae
941 1970 986 2022 est
1002 1962 1126 2021 omnino
1140 1959 1332 2030 indivisibilis,

283 2071 400 2120 etcum
421 2061 456 2120 sit
477 2062 539 2136 ipse
560 2059 650 2131 Deus,
671 2077 734 2118 non
754 2059 969 2118 accidentaliter
989 2060 1043 2119 sibi
1065 2060 1149 2131 inest,
1169 2057 1333 2119 nechabet

284 2159 363 2234 prius
384 2168 414 2217 et
432 2157 575 2235 posterius
596 2158 670 2215 sicut
691 2168 815 2233 tempus.
856 2156 910 2216 Et·
927 2158 1093 2217 necessario
1108 2156 1191 2218 Deus
1210 2168 1257 2216 est
1274 2155 1333 2214 adi-

284 2275 334 2333 que
350 2246 386 2315 ει
397 2255 565 2325 immensus,
580 2255 649 2332 quia
663 2255 770 2314 modus
783 2253 926 2314 existendi
943 2256 983 2314 rei
998 2254 1151 2332 spiritualis
1169 2265 1216 2315 est
1234 2272 1334 2333 regere

285 2365 313 2414 et
327 2370 444 2412 causare
452 2371 461 2425 ;
482 2352 564 2411 Deus
578 2364 674 2411 autem
687 2352 795 2429 ubique
810 2354 884 2430 regit
902 2364 932 2412 ει
950 2364 1050 2413 causat
1057 2372 1066 2426 ;
1088 2353 1156 2413 ideo
1170 2352 1266 2412 modo
1281 2369 1333 2412 stro

220 2482 226 2492 ·
285 2449 449 2511 necessario
471 2461 514 2510 est
534 2450 649 2527 ubique.
691 2448 744 2508 Est
765 2460 863 2509 autern
879 2453 1035 2522 einmenrus,
1050 2452 1127 2528 quia,
1142 2451 1166 2510 si
1180 2450 1334 2516 ¹inlinitum

286 2549 427 2610 mundum
442 2549 623 2627 produceret,
642 2546 718 2607 foret
731 2547 859 2607 localiter
873 2549 1001 2620 infinite;
1027 2550 1095 2609 ideo
1110 2567 1178 2608 cum
1197 2566 1335 2609 mensura

285 2648 342 2708 loci
369 2666 430 2708 non
455 2656 603 2706 mensurat
627 2647 817 2722 quantitatem
840 2645 906 2717 Dei,
930 2658 1018 2724 patet,
1043 2646 1125 2724 quod
1149 2647 1270 2724 proprie
1293 2654 1336 2706 est

286 2746 453 2805 immensus.
504 2743 553 2804 Sic
580 2744 686 2802 enim¹⁰
714 2753 757 2803 est
788 2744 924 2820 infimius,
953 2745 1022 2821 quia
1049 2746 1112 2804 sine
1139 2744 1199 2803 fine
1227 2755 1258 2805 et
1285 2760 1337 2822 per

286 2860 471 2920 consequens
489 2843 551 2902 sine
571 2860 659 2901 causa
677 2841 734 2900 alia
752 2852 955 2914 mensurante;
985 2860 1047 2901 non
1065 2841 1191 2901 tamen¹¹
1209 2853 1256 2902 est
1272 2842 1336 2902 infi-

286 2944 364 3002 nitae
385 2943 531 3022 potentiae
554 2943 586 3000 in
609 2943 716 3018 vigore,
737 2943 779 3001 sic
803 2942 884 3018 quod
909 2943 1053 3001 infinitum
1073 2940 1218 3002 mundum
1239 2952 1337 3021 potest

287 3039 463 3116 producere;
486 3039 538 3099 sed
548 3040 616 3116 quia
627 3049 671 3099 est
681 3040 825 3099 maximae
836 3041 983 3115 potentiae
997 3040 1145 3119 positivae,
1160 3059 1214 3117 per
1227 3040 1336 3101 nullam

287 3138 373 3197 aliam
394 3138 555 3215 potentiam
576 3137 737 3197 finitatae¹¹.
779 3137 853 3197 ldeo
874 3148 977 3215 peccat
996 3138 1168 3216 imaginatio
1189 3137 1246 3210 illa,
1262 3156 1336 3216 quae

287 3236 468 3313 imaginatur,
482 3234 580 3295 Deum
595 3254 658 3295 esse
672 3235 800 3295 localiter
814 3246 1011 3295 mensuratum
1025 3235 1070 3295 vel
1089 3236 1337 3298 dimensioualiter

287 3335 450 3413 figuratum.
494 3333 553 3394 Sed
577 3344 622 3393 est
645 3343 724 3393 totus
747 3333 855 3410 ubique
878 3335 941 3392 sine
964 3334 1155 3405 dimensione,
1174 3334 1225 3413 qui
1249 3334 1337 3394 habet

287 3451 391 3493 omnes
406 3432 658 3493 denominationes
671 3432 837 3508 hujusmodi
853 3432 921 3490 satis
940 3432 1099 3509 aequivoce
1113 3440 1142 3491 et
1160 3432 1286 3509 positive
1303 3449 1337 3492 ac

287 3531 423 3607 privative
433 3531 562 3608 quodam
577 3529 668 3589 modo
683 3529 801 3588 infinite.
836 3528 947 3588 Dicunt
961 3529 1071 3588 enim¹⁸
1083 3529 1337 3590 denominationes

287 3628 352 3687 illae
365 3628 436 3688 illud
449 3626 530 3706 quod
544 3627 679 3688 convenit
697 3626 867 3705 perfectioni
887 3628 1055 3705 simpliciter
1073 3627 1212 3700 infinitae,
1225 3640 1256 3689 et
1268 3624 1337 3689 illud

321 3814 329 3846 ¹
345 3815 518 3881 pervenerunt]
530 3813 686 3872 devenerunt,
698 3812 733 3864 D.
813 3813 919 3879 ’omni]
932 3815 1050 3872 omniurn,
1063 3814 1101 3865 ed.
1112 3830 1151 3880 pr.
1231 3812 1338 3931 ’loting

287 3880 411 3947 loquendo
422 3881 472 3932 dei
521 3880 588 3937 ,D.;
605 3880 643 3930 ed.
655 3896 692 3945 pr.
785 3879 794 3909 ⁴
810 3880 963 3945 imperiecte]
980 3881 1094 3946 perfecte,
1105 3880 1145 3931 ed.
1156 3895 1195 3947 pr.
1282 3881 1293 3911 ⁸

287 3947 374 4012 istum]
392 3963 442 3998 om.
486 3963 541 4011 .pr.
633 3945 644 3976 ⁸
659 3945 813 4011 nocticorax]
829 3947 979 4009 nycticorax,
994 3947 1032 3997 ed
1044 3961 1081 4010 pr.
1173 3945 1184 3976 ¹
1199 3944 1246 4042 επὶ
1259 3952 1286 3997 ει
1301 3961 1339 4000 ex.

288 4013 356 4062 ΑΒ.
476 4013 486 4042 ⁸
502 4020 527 4063 et
543 4011 611 4076 ideo]
629 4010 693 4068 ideo,
712 4011 745 4060 D.
862 4011 872 4041 '
889 4010 934 4075 Et]
953 4011 1021 4068 Ideo,
1039 4011 1103 4061 ΑΩ.
1260 4009 1339 4075 erim]

287 4078 371 4135 etiam,
387 4078 447 4129 B.C.
464 4078 504 4128 ed.
520 4093 558 4142 pr.
702 4077 719 4106 ¹¹
739 4075 834 4139 tamen]
852 4077 927 4140 quod,
945 4076 978 4126 D.
1118 4076 1137 4108 ¹¹
1152 4075 1277 4143 finium]
1295 4077 1340 4127 ie.

288 4142 379 4200 finitae,
387 4143 606 4258 l{ircumscriptuer
631 4141 764 4199 finientem,
781 4142 875 4193 ΑΒΕ.
892 4142 987 4210 primae
1004 4157 1099 4194 manus.
1225 4143 1245 4174 ⁸¹
1260 4140 1340 4209 urim]

287 4215 370 4260 autem
409 4245 415 4258 .
