2864 4836
489 429 746 509 Joxrvrvrs
787 428 997 491 chLlF
1189 447 1271 485 mn

228 598 358 674 prolifici,
373 597 427 654 nisi
442 595 514 654 lorte
528 593 712 670 procreando
727 593 859 651 membra
873 590 981 650 diaboli
989 611 997 662 ;
1020 602 1050 649 et
1069 600 1193 668 propter
1209 590 1269 648 istos

228 696 357 755 delectus
370 706 415 754 est
428 694 551 753 ecclesia
565 693 687 751 nimium
705 692 880 767 perturbata.
921 690 1012 750 Tales
1026 690 1111 748 enim
1131 701 1199 750 sunt
1215 707 1270 766 per·

227 806 315 870 petuo
337 793 460 870 virgines
481 791 639 851 antichristi
659 801 688 849 et
710 790 758 848 filii
779 789 895 860 diaboli,
909 788 1022 865 prolem
1042 789 1100 848 sibi
1122 789 1271 866 expeditim

229 903 423 968 procreantes.
465 890 537 949 Ideo
553 890 624 948 ‘nisi
637 888 785 947 Dominus
799 887 960 964 reliquisset
974 887 1062 946 nobis
1076 906 1183 948 semen
1196 904 1271 946 evan·

228 990 294 1066 gelii
309 991 362 1060 sui,
377 990 460 1065 quasi
480 987 611 1047 Sodoma
629 985 784 1045 fuissemus
807 996 836 1044 et
854 1003 937 1061 quasi
929 984 1103 1044 Gomorra
1117 982 1271 1044 essemm'!

228 1088 338 1145 Vitium
360 1098 457 1145 autem
480 1084 670 1143 Sodomicum
694 1083 848 1159 corporale
871 1093 916 1142 est
939 1082 1137 1158 parvnm¹in
1105 1100 1271 1159 mcompa·
1311 1095 1313 1103 ·

229 1186 338 1243 ratione
351 1184 457 1242 adhoc
471 1193 640 1259 peccatum
661 1182 728 1240 ideo
740 1181 936 1257 significanter
948 1179 1084 1239 Christus
1094 1181 1167 1240 dicit
1177 1180 1271 1241 Mam
1311 1171 1313 1196 '

229 1282 279 1351 x.³‚
295 1281 375 1357 quod
397 1280 571 1339 tolerabilius
592 1280 645 1338 erit
665 1279 757 1338 indie
776 1279 876 1355 judicii
898 1277 1046 1337 Sodomae
1064 1288 1097 1336 et
1119 1279 1272 1340 Gomorrae

228 1397 317 1456 quam
339 1379 376 1436 illi
397 1379 508 1453 populo
530 1376 573 1435 vel
594 1395 745 1453 personae,
767 1393 842 1452 quae
865 1374 980 1434 frustrat
999 1375 1058 1435 hoc
1073 1395 1180 1437 semen
1200 1377 1273 1454 spiri·
1311 1385 1313 1392 '

229 1479 312 1547 male,
337 1496 373 1535 ne
395 1477 546 1534 fructificet
567 1477 596 1533 in
620 1476 766 1534 mentibus
791 1475 981 1543 subditorum,
1003 1475 1174 1551 cuiusmodi
1198 1483 1273 1534 enm

229 1575 375 1633 Pharisaei
390 1584 418 1633 et
436 1573 602 1632 sacerdotes
617 1573 689 1649 legis
703 1573 814 1630 veteris.
857 1570 947 1643 Quod
962 1574 985 1631 si
1005 1573 1099 1630 nostri
1119 1573 1238 1649 praelati
1248 1582 1273 1631 et

230 1674 373 1748 pharisaei
393 1673 451 1730 sint
470 1673 501 1729 in
522 1689 591 1729 casu
612 1670 765 1740 consimili,
780 1687 841 1727 non
860 1670 981 1728 dubium
1001 1670 1074 1744 quin
1092 1669 1177 1729 luent
1191 1672 1220 1730 in
1232 1668 1273 1728 die

227 1770 325 1846 judicii
348 1771 435 1829 sicut⁴
457 1769 502 1826 illi.
511 1768 583 1826 —Et
605 1777 685 1826 tanta
709 1768 757 1825 hic
778 1767 835 1825 sint
860 1766 937 1825 dicta
953 1766 996 1833 de
1016 1775 1134 1842 septem
1155 1767 1274 1844 peccetis

229 1868 398 1926 mortalibus
418 1878 447 1924 et
467 1867 615 1924 virtutibus
640 1867 681 1923 eis
706 1865 855 1940 oppositis,
877 1865 982 1939 quibus
1007 1862 1156 1940 adjunctis
1180 1865 1273 1925 decem

231 1967 414 2025 sermonibus
433 1964 574 2039 decalogi,
589 1981 665 2038 quos
685 1962 788 2021 diffuse
807 1962 879 2020 alias
897 1962 1059 2038 explanavi,
1080 1972 1181 2039 potest
1198 1981 1272 2041 prae

231 2064 319 2123 dicari
335 2062 445 2139 populo
460 2079 561 2120 semen
576 2061 718 2119 vivificum
732 2060 812 2118 verbi
826 2058 889 2118 Dei.

639 2534 733 2593 CAP.
756 2533 867 2592 XXIV.

619 2691 665 2753 De
673 2695 767 2767 primo
775 2700 890 2766 peccato.

271 2856 392 2914 Alethz'a.
435 2855 523 2932 Rogo
544 2857 600 2927 dic,
622 2855 708 2914 irater
729 2855 894 2925 Phronesis,
914 2873 974 2931 quo
995 2856 1087 2914 modo
1109 2868 1193 2917 tanta
1213 2875 1276 2936 pec·

118 2921 127 2943 ι

79 2923 144 3027 duln-
154 3002 165 3023 ,.
231 2954 315 3012 candi
331 2956 460 3030 pronitas
474 2954 599 3022 inolevit,
614 2972 681 3011 cum
700 2953 834 3012 homines
849 2952 955 3011 debent
970 2954 1137 3014 naturaliter
1151 2956 1276 3016 inclinari

230 3052 268 3110 ad
283 3052 394 3110 bonum
408 3052 525 3121 virtutis
540 3062 568 3108 et
582 3052 745 3110 naturaliter
759 3070 776 3109 a
791 3051 869 3109 malo
884 3052 941 3109 vitii
957 3052 1111 3111 declinare.

270 3150 449 3208 Phrearroi
494 3148 612 3207 Certum
627 3149 713 3208 debet
728 3168 792 3208 esse
806 3149 947 3220 fidelibus,
962 3150 1042 3226 quod
1061 3151 1117 3210 ista
1137 3154 1277 3229 peccandi

230 3250 360 3325 pronitas
375 3248 456 3305 insuit
470 3248 581 3305 homini
596 3266 632 3304 ex
648 3248 732 3323 culpa
746 3248 870 3323 propria,
886 3267 953 3307 curn
967 3248 1049 3307 Deus
1064 3254 1173 3310 creavit
1188 3254 1279 3313 horni-

230 3365 298 3403 nem
320 3344 486 3414 mundum⁶‚
506 3356 535 3403 et
555 3344 634 3403 dedit
651 3346 704 3403 sibi
726 3345 900 3403 sufficienter
921 3347 1065 3406 naturales
1079 3353 1237 3423 potentias,
1253 3363 1280 3410 et

230 3444 451 3520 quodammodo
465 3443 636 3518 originalem
648 3444 789 3519 justitiam
800 3454 829 3501 et
842 3443 1018 3519 completam
1030 3448 1280 3522 complexionem,

229 3540 326 3599 locum
347 3552 375 3599 et
396 3542 601 3617 dispositiones
622 3541 700 3610 alias,
716 3559 783 3600 cum
798 3541 903 3618 quibus
921 3553 1021 3617 posset
1041 3561 1110 3602 cum
1131 3548 1281 3622 paribusa

229 3639 301 3695 vitiis
325 3638 476 3696 declinare.
520 3638 578 3697 Sed
602 3638 709 3697 invidia
733 3639 848 3708 diaboli,
873 3651 905 3698 ut
926 3640 1034 3698 dictum
1059 3652 1104 3700 est
1126 3644 1280 3720 deprimo

230 3750 360 3815 peccam,
387 3738 469 3795 insuit
496 3738 608 3796 homini
633 3740 761 3808 tentatio,
784 3749 813 3796 et
837 3741 988 3798 succubuit
1012 3759 1049 3799 ex
1075 3760 1129 3801 sua
1155 3745 1281 3811 stultitia,

230 3836 321 3893 modo
336 3854 395 3911 quo
410 3836 478 3893 dicit
494 3837 564 3894 fides
579 3837 736 3912 scripturae
748 3835 822 3895 Gen.
836 3837 890 3895 iii.⁷
931 3838 976 3896 Ex
991 3838 1048 3897 hoc
1062 3841 1143 3898 enim
1158 3854 1281 3918 peccato

263 4006 312 4054 ¹et
325 4022 392 4069 quasr
387 4005 529 4054 'Gomorra
541 4005 660 4068 essemus]
673 4023 722 4055 om.
735 4008 773 4056 ed.
768 4023 837 4121 ,ΕΜ
831 4008 885 4064 ,ci
899 4010 979 4059 iesa'
973 4026 989 4059 ι.
1000 4026 1025 4076 9.
1137 4013 1280 4078 'paruiml

230 4071 362 4125 modicum,
376 4071 407 4117 I).
480 4071 597 4119 ‘mann
610 4072 765 4135 x.15]].Cod
824 4074 1002 4125 habetMatth.
1015 4077 1080 4126 xviii.
1180 4080 1281 4144 ⁴sicnt]

231 4136 292 4185 sicut
305 4144 336 4187 et.
349 4136 387 4185 ed
399 4151 436 4198 pr.
534 4136 543 4164 ⁵
561 4136 704 4227 Phronesis]
717 4153 766 4187 om
776 4139 813 4187 ed.
826 4156 862 4202 pr
962 4143 1136 4209 “munduml
1129 4159 1173 4195 1..e
1184 4161 1282 4210 purum.

211 4201 325 4278 pecs-nli
338 4208 469 4263 expertem.
569 4201 658 4250 Gen.
671 4202 716 4266 iii]
730 4203 792 4252 Gen
805 4221 867 4257 xxx.
881 4205 919 4254 ed.
932 4222 968 4269 pr.
