2864 4836
136 337 180 409 34
479 314 935 381 euousoortuun.

135 482 248 558 absque
274 479 358 542 titulo
384 480 591 558 superscripto,
616 478 670 539 sed
697 476 736 539 ad
763 477 874 538 calcem
899 484 1039 537 mactatus
1066 475 1207 537 additum
1233 483 1289 535 est:

136 586 281 664 ‘Explicit
315 583 551 663 supplementum
583 584 713 661 trialogi'
762 581 897 659 Capitula
928 581 1043 658 singula
1071 582 1209 642 numeris
1235 582 1288 640 suia

137 702 246 763 carent,
266 692 320 752 sed
340 708 432 751 novas
451 691 542 750 lineas
560 688 729 750 inchoando
749 699 779 749 et
798 688 887 749 literis
906 687 1064 748 initialibus
1084 688 1288 765 grandioribus

137 808 168 860 et
188 798 281 857 minio
299 796 387 856 rubro
406 795 556 857 delineatis
575 795 778 872 insigniuntur.
819 793 929 853 Manus
946 810 1010 852 non
1027 803 1157 854 venusta
1175 794 1287 871 quidem

138 904 192 967 sed
205 903 365 981 aequabilis
379 921 474 981 neque
488 903 611 963 difficilis
626 903 710 973 lectu,
724 903 778 962 etsi
792 901 923 961 librarium
941 899 1089 960 scribendi
1107 900 1287 978 compendiis

139 1010 220 1072 haud
232 1011 272 1069 ita
287 1025 374 1087 parce
387 1027 458 1070 usus
477 1020 529 1073 est
570 1009 685 1070 Textus
704 1009 766 1086 ipse
785 1008 896 1085 probus
914 1016 944 1067 et
961 1007 1037 1066 bene
1055 1017 1218 1068 correctns
1257 1006 1288 1065 ln

140 1115 272 1193 margine
287 1133 323 1175 ea
336 1125 514 1193 argumenta,
525 1133 601 1194 quae
615 1126 777 1175 memoratu
791 1113 924 1190 digniora
933 1112 995 1173 visa
1007 1123 1118 1185 essent,
1133 1112 1288 1174 identidem

141 1230 242 1282 notata
255 1232 330 1280 sunt

183 1325 262 1387 Cum
282 1325 372 1386 libros
392 1325 448 1387 bos
467 1336 562 1387 textus
581 1327 673 1404 ipsius
691 1334 825 1402 respectu
843 1326 967 1384 interae
986 1321 1203 1396 conferremus,
1220 1322 1289 1383 banc

141 1433 315 1493 sententiam
330 1431 479 1493 serendam
491 1450 556 1492 esse
571 1432 744 1502 censuimus,
755 1431 872 1490 codices
883 1431 918 1488 h
930 1440 960 1490 et
973 1431 1003 1489 b.
1013 1430 1068 1489 sibi
1081 1429 1144 1490 fere
1159 1430 1290 1508 aequules

142 1554 219 1609 esse,
240 1537 383 1597 inferioris
402 1555 472 1598 vero
492 1539 575 1616 pretii
599 1539 687 1597 libros
707 1535 733 1598 C
755 1548 783 1597 et
803 1554 822 1596 a
841 1535 1001 1607 habendos,
1022 1553 1092 1595 cum
1114 1536 1192 1596 liber
1211 1535 1238 1596 C
1257 1553 1289 1595 er

144 1641 219 1704 libro
232 1642 268 1714 A,
284 1643 379 1704 codex
393 1661 442 1703 ae
463 1643 596 1704 codiceb
616 1643 733 1703 derivati
751 1660 816 1701 esee
834 1641 991 1702 videantur.
1032 1640 1152 1701 Deinde
1173 1643 1291 1703 sicutin

145 1747 287 1827 Trialogo
301 1748 491 1820 recensendo,
506 1751 545 1809 ita
564 1750 594 1808 in
615 1748 825 1826 supplemento
838 1750 965 1826 primum
983 1747 1100 1807 edendo
1117 1767 1167 1809 res
1182 1767 1245 1809 non
1257 1749 1292 1807 ita

145 1872 178 1916 se
206 1854 313 1915 habere
341 1855 401 1917 visa
428 1866 480 1926 est,
508 1866 540 1914 ut
566 1856 653 1914 unius
680 1855 743 1914 libri
771 1855 891 1932 vestigia
922 1853 1091 1932 premenda,
1116 1854 1291 1932 reliquorum

144 1960 282 2021 codicum
309 1960 449 2021 lectiones
474 1961 568 2020 variae
593 1960 710 2020 nonnisi
735 1959 920 2020 annotandae
943 1970 1050 2020 essent.
1092 1959 1235 2038 Namque
1259 1977 1290 2018 ex

146 2065 218 2143 ipsis
231 2067 319 2127 etiam
335 2066 462 2125 melioris
476 2077 565 2125 notae
579 2066 666 2138 libris,
682 2065 791 2125 scilicet
803 2065 832 2124 A
846 2076 875 2124 et
888 2067 927 2137 b.,
942 2075 1038 2125 textus
1057 2067 1130 2127 satis
1148 2078 1292 2127 correctus

147 2181 235 2247 atque
260 2171 468 2247 approbandus
489 2171 594 2231 hauriri
616 2190 677 2231 non
699 2173 800 2249 potuit,
821 2190 889 2231 cum
913 2172 1060 2232 nonnullis
1084 2171 1116 2232 in
1138 2173 1216 2233 locis
1236 2171 1292 2233 libri

147 2291 254 2335 omnes
283 2276 311 2334 in
339 2293 429 2335 unam
456 2277 639 2355 eandemque
667 2277 769 2338 salsam
794 2278 920 2338 sormam
947 2279 1022 2338 inter
1045 2296 1077 2338 se
1102 2282 1293 2340 consentiant

150 2380 254 2458 ltaque
268 2380 370 2441 editori
385 2381 455 2441 nihil
470 2382 610 2460 reliquum
628 2395 689 2443 erat
709 2385 763 2444 nisi
782 2385 889 2461 ubique
908 2383 1066 2444 deliberare
1079 2395 1110 2445 et
1121 2386 1204 2463 justa
1218 2387 1293 2445 lance

148 2488 312 2557 aestimare,
327 2506 403 2565 quae
417 2488 502 2548 lectio
516 2489 659 2565 eligenda,
674 2509 749 2567 quae
764 2490 947 2567 reprobanda
960 2500 1045 2550 esset

190 2591 328 2672 Cupitum
353 2594 532 2671 singulorum
557 2607 729 2671 argumenta
755 2615 823 2656 cum
850 2597 881 2655 in
908 2597 1045 2656 omnibus
1068 2595 1149 2658 libris
1176 2596 1294 2674 Supple-

150 2709 281 2757 mentum
296 2701 511 2760 continentibus
526 2702 687 2779 significata
700 2721 762 2763 non
781 2705 846 2773 sint,
861 2694 1002 2781 quantum
1020 2704 1171 2781 potuimus
1191 2705 1295 2784 optime

150 2807 355 2880 expressimus.

192 2909 344 2970 Postremo
363 2930 458 2989 pauca
476 2915 651 2992 subjungere
669 2915 761 2975 liceat
804 2914 1091 2976 Commentationem
1110 2914 1148 2975 de
1166 2915 1296 2978 ‘Wiclilo

151 3014 347 3076 et1.ollardis’
363 3036 431 3078 cum
444 3021 533 3080 tribus
548 3021 643 3081 lustris
657 3022 763 3082 abhinc
777 3024 968 3082 scriberemus
983 3021 1234 3104 (Zeitschrfisdr
1246 3025 1297 3082 hir·

151 3122 268 3182 correcte
282 3121 432 3200 Mago,
446 3127 531 3199 1853,
542 3129 601 3198 416
613 3145 669 3203 sq.;
689 3132 774 3201 1854,
784 3131 838 3204 ¹⁶7
850 3126 917 3207 sq.),
926 3129 1069 3188 abstinere
1080 3147 1141 3188 non
1152 3133 1298 3206 potuimus

152 3228 223 3306 quin
252 3229 378 3306 ingenue
407 3231 618 3302 confiteremur,
644 3251 700 3292 nos
727 3251 816 3310 quam
843 3236 970 3293 maxime
998 3244 1108 3311 optare,
1134 3244 1168 3294 ut
1202 3235 1299 3314 Wiclrii

152 3353 244 3412 opera
262 3336 370 3407 omnia,
391 3345 535 3413 quotquot
553 3337 583 3395 in
602 3338 784 3399 bibliothecis
803 3349 852 3399 aut
871 3341 994 3416 Angliae
1014 3339 1238 3419 Hiberniaeque
1255 3351 1299 3401 aut

153 3440 329 3502 Germaniae
350 3442 500 3519 hucusque
520 3455 690 3503 conservata
709 3455 814 3516 essent,
834 3446 952 3506 tandem
972 3444 1129 3522 aliquando
1148 3447 1300 3508 ederentur

154 3556 183 3605 et
204 3548 331 3607 virorum
354 3548 507 3608 doctorum
530 3550 631 3611 studiis
654 3551 833 3626 aperirentur
854 3551 904 3624 (cf.
922 3552 1030 3611 ibidem
1053 3569 1082 3627 p.
1101 3570 1171 3627 423,
1194 3555 1227 3615 in
1247 3554 1300 3613 tine

154 3659 241 3710 notae
260 3653 326 3724 15);
348 3652 405 3711 hoc
420 3652 482 3712 fore
496 3665 718 3715 monumentum
733 3657 793 3715 viro
807 3658 946 3717 ecclesiae
960 3656 1163 3717 reformandae
1177 3661 1301 3737 antesig-

154 3774 234 3815 nano
253 3755 465 3833 dignissimum,
480 3777 540 3836 quo
560 3762 699 3837 erigendo
718 3763 834 3840 Anglici
848 3782 910 3824 non
932 3765 1019 3824 istum
1039 3764 1136 3824 solum
1149 3765 1300 3829 sedetiam

155 3880 187 3924 se
219 3863 300 3939 ipsos
332 3864 444 3923 honore
473 3865 602 3925 affecturi
630 3879 736 3927 essent.
784 3867 889 3947 Neque
917 3870 1043 3930 virorum
1071 3868 1109 3929 ad
1137 3886 1217 3948 opus
1246 3883 1301 3933 tam

154 3968 277 4029 arduum
298 3971 515 4047 suscipiendum
537 3972 709 4032 idoneorum
731 3993 826 4051 neque
845 3994 941 4035 rerum
958 3976 996 4036 ad
1017 3976 1074 4035 hoc
1094 3977 1302 4053 perficiendum

155 4075 392 4150 requirendorum
407 4078 558 4154 penuriam
572 4079 603 4137 in
618 4079 725 4157 Anglia
739 4079 863 4139 suturam
878 4099 942 4142 esse
956 4083 1097 4160 auspicati
1110 4101 1226 4147 sumus.
1286 4122 1291 4129 ·

197 4177 263 4256 Jam
288 4181 319 4240 in
343 4200 380 4242 eo
404 4194 458 4258 est,
480 4195 511 4243 ut
532 4201 608 4262 opus
630 4184 707 4256 illud,
730 4186 810 4264 quod
831 4189 931 4247 animo
952 4188 1226 4265 informaveramus,
1246 4209 1303 4253 nou
