2864 4836
75 452 158 488 cana
439 424 781 487 TRIALOGUS.

75 596 174 663 potest
189 589 218 646 in
233 589 307 648 ista?
342 586 415 647 ldeo
430 589 524 663 prima
543 597 592 645 tua
611 588 836 646 instantia-satis
854 587 975 647 faciliter
989 589 1096 648 tollitur
1109 607 1127 648 a

74 685 217 761 sophista,
232 686 315 745 etsie
330 686 461 762 potentia
477 685 573 744 divina
591 686 760 744 terminatur
773 687 803 744 in
822 688 951 745 maximo
966 687 1082 763 r'nfim‘to,
1097 689 1127 745 in

74 783 158 858 quod
177 795 279 860 potest
321 784 456 843 Potentia
474 794 571 842 autem
591 794 688 842 creata
705 784 874 842 terminatur
885 785 970 860 finito
988 786 1127 855 maximo,

75 881 108 938 in
133 882 213 958 quod
241 892 346 958 potest.
389 880 427 939 Et
451 892 593 956 quantum
619 882 657 941 ad
680 882 824 939 secundam
850 894 930 940 tuam
956 885 1126 953 instantiam,

74 988 174 1055 potest
194 979 251 1038 diei
272 979 467 1056 probabiliter,
485 980 565 1056 quod
587 981 661 1038 sicut
682 979 763 1039 Deus
784 998 845 1038 non
867 990 964 1057 potest
984 981 1128 1039 mundum

74 1077 228 1136 meliorem
250 1077 354 1148 facere,
376 1079 449 1136 sicut
469 1087 500 1135 tu
522 1078 666 1153 superflue
688 1080 826 1153 evagaris,
849 1079 890 1136 sic
915 1096 1004 1137 nemo
1029 1088 1131 1154 posset

74 1176 180 1234 melius
194 1176 287 1234 facere
302 1193 392 1252 quarn
412 1175 489 1246 facit,
505 1185 605 1251 posset
622 1186 721 1234 tamen
736 1177 759 1234 si
775 1175 856 1233 Deus
876 1175 1004 1234 voluerit.
1048 1175 1126 1234 Nam

74 1274 99 1332 si
114 1273 217 1332 melius
232 1272 299 1332 lacit
313 1291 402 1349 quam
417 1273 493 1342 facit,
508 1284 576 1331 tunc
591 1276 721 1350 potentia
740 1292 793 1332 sua
812 1274 941 1332 extendit
957 1293 988 1332 se
1003 1275 1041 1333 ad
1057 1293 1128 1333 con·

73 1372 263 1440 tradictoria¹,
289 1372 319 1429 in
347 1390 421 1448 quae
449 1371 530 1429 Deus
559 1389 620 1429 non
648 1382 752 1446 potest.
796 1370 860 1429 Nec
888 1373 1037 1447 appretior
1064 1384 1128 1431 tuas

74 1469 275 1529 distinctiones
297 1470 378 1528 fictas
400 1470 436 1528 de
458 1487 546 1528 sensu
567 1470 733 1545 composito
755 1481 783 1527 et
803 1468 904 1535 diviso,
919 1481 948 1528 et
963 1471 1004 1528 sic
1022 1471 1058 1529 de
1073 1470 1129 1528 sal-

74 1569 192 1627 uatione
219 1568 346 1627 hominis
374 1586 427 1643 per
451 1567 558 1637 Deum,
583 1567 700 1636 scilicet,
726 1568 807 1643 quod
832 1567 914 1625 Deus
940 1586 1000 1626 non
1030 1578 1128 1650 potest

73 1667 186 1725 salvare
200 1665 359 1735 hominem,
371 1667 427 1723 nisi
441 1666 477 1724 de
492 1666 570 1724 lacto
586 1665 748 1723 salvabitur.
792 1664 856 1722 Nec
872 1666 1000 1740 sequitur
1013 1684 1049 1723 ex
1065 1667 1128 1727 isto.

73 1764 157 1840 quod
172 1764 253 1822 Deus
268 1765 304 1823 sit
318 1766 472 1840 impotens,
488 1765 583 1840 potius
598 1781 687 1838 quarn
702 1763 830 1838 sequitur
845 1782 881 1820 ex
896 1762 961 1829 hoe,
973 1762 1053 1838 quod
1068 1781 1129 1820 non

73 1873 172 1939 potest
186 1880 217 1921 se
232 1863 328 1938 ipsum
347 1863 502 1921 destruere.
547 1860 611 1919 Nec
626 1861 753 1935 sequitur
773 1879 809 1918 ex
828 1856 907 1928 isto²,
923 1860 1004 1935 quod
1024 1878 1129 1920 omnes

73 1961 224 2019 orationes
252 1959 439 2036 superfluunt,
466 1960 518 2018 sed
546 1961 621 2017 bene
644 1969 689 2016 est
713 1976 813 2015 verum
838 1967 866 2015 et
891 1976 1026 2034 sequens,
1048 1959 1129 2034 quod

73 2059 182 2117 multae
197 2059 344 2116 orationes
355 2059 481 2133 privatae
496 2068 525 2115 et
539 2057 679 2132 speciales
694 2067 760 2113 sunt
775 2055 936 2131 superfluae
951 2065 979 2113 et
995 2073 1128 2114 commu-

73 2157 149 2215 niter
169 2155 253 2214 stulte
272 2155 373 2226 factae,
389 2157 456 2232 quia
475 2155 546 2213 tales
565 2156 712 2213 orationes
732 2154 837 2212 debent
857 2172 909 2229 per
928 2154 1128 2218 conditionem

74 2250 198 2330 exprimi
212 2254 256 2311 vel
278 2253 379 2311 saltem
401 2253 583 2327 subintelligi,
604 2258 695 2328 ‘rogo
710 2251 808 2309 Deum
829 2251 909 2328 quod
931 2253 973 2309 sic
994 2251 1089 2322 saciat,
1104 2251 1128 2310 si

72 2352 130 2410 sibi
153 2349 308 2427 placuerit!
352 2351 438 2410 Unde
460 2353 490 2408 in
511 2350 630 2409 facetia³
650 2349 779 2408 humana
800 2349 901 2408 iratres
922 2368 982 2426 quo
1002 2350 1040 2409 ad
1059 2368 1129 2409 suos

74 2451 174 2508 socios
193 2451 315 2508 miseros
335 2450 501 2525 exprimunt
520 2451 574 2507 ista
592 2450 687 2507 verba.
731 2448 779 2506 Ad
794 2449 900 2505 ternam
920 2458 1000 2506 tuam
1019 2451 1128 2507 instan-

74 2550 147 2607 tiam
168 2549 243 2606 bene
265 2548 410 2623 concipi0,
425 2546 504 2624 quod
519 2565 555 2605 ex
577 2547 632 2605 ista
646 2547 789 2605 sententia
810 2546 878 2604 mali
898 2556 1020 2621 possent
1041 2565 1128 2605 occa·

74 2647 190 2706 sionem
201 2647 341 2721 accipere,
353 2656 385 2703 ut
399 2645 515 2703 exinde
530 2655 697 2720 perpetrent
711 2643 801 2702 multa
815 2644 900 2714 mala,
911 2654 940 2702 et
954 2645 994 2701 si‘
1005 2655 1128 2720 possunt

75 2743 129 2802 de⁶
144 2741 221 2801 lacto
243 2743 359 2800 faciunt.
403 2741 461 2800 Sed
482 2743 531 2818 qui
553 2751 620 2800 sunt
642 2741 688 2811 illi,
703 2751 748 2799 est
768 2742 854 2799 nobis
875 2737 1032 2817 ignotum⁸,
1055 2743 1128 2801 sicut

74 2852 121 2901 est
146 2841 217 2900 mihi
241 2842 431 2916 incognitum,
457 2851 553 2898 utrum
578 2841 681 2916 aliquis
707 2840 821 2916 franget
848 2842 1012 2899 necessario
1041 2851 1127 2916 eaput

73 2957 185 3009 meum,
206 2951 235 2998 et
256 2940 332 2998 dicet
353 2940 382 2997 in
400 2939 458 2996 fine
480 2957 532 3014 per
553 2939 771 2997 excusationem
792 2957 875 2996 suam
901 2957 1037 3008 crassam,
1059 2956 1126 2996 curn

75 3037 273 3095 necessarium
294 3035 347 3094 luit
367 3037 462 3112 ipsum
479 3037 519 3094 sic
534 3035 637 3105 facere,
652 3053 713 3093 non
728 3036 822 3110 potuit
838 3036 953 3094 resilire.
997 3035 1055 3094 Sed
1070 3054 1126 3112 ego

75 3135 204 3193 dicerem
226 3135 289 3204 sibi,
305 3133 386 3210 quod
405 3143 525 3209 propter
546 3133 601 3191 tale
619 3132 727 3191 lactum
746 3133 940 3192 irrationabile
961 3135 1126 3192 necessario

75 3242 121 3290 est
135 3231 304 3308 culpandus.
346 3231 384 3289 Et
398 3243 538 3308 quantum
552 3232 590 3290 ad
605 3232 797 3290 cessationem
817 3232 969 3306 positionis
987 3242 1016 3289 et
1035 3231 1126 3307 depo·

74 3331 188 3390 sitionis
208 3332 239 3389 in
263 3341 323 3388 arte
348 3330 528 3405 obligatoria‚
551 3328 676 3388 donato⁷
697 3329 766 3386 mihi
788 3329 873 3386 istam
895 3329 1036 3403 injuriam,
1059 3346 1126 3387 curn

73 3427 131 3485 ista
145 3428 175 3485 in
190 3427 375 3486 altercatione
396 3438 512 3503 tempus
531 3426 724 3484 communiter
742 3425 915 3500 expenditur
935 3424 1079 3499 superflue
1098 3435 1127 3483 et

74 3525 207 3594 inaniter,
221 3535 253 3582 ut
268 3523 368 3601 patet⁸.
414 3522 500 3582 Unde
515 3524 570 3583 nisi
585 3524 717 3581 fortiores
737 3523 864 3580 rationes
883 3522 1028 3595 habueris,
1043 3525 1126 3583 stabo

74 3623 161 3682 tacite
176 3623 205 3680 in
220 3639 287 3680 mea
301 3623 444 3681 sententia
457 3621 654 3679 confirmatus.

109 3775 117 3804 ¹
135 3774 336 3840 contradictoria]
349 3775 577 3832 contradictionem,
590 3775 623 3823 D.
787 3773 798 3803 ¹
814 3774 914 3839 existo]
928 3791 977 3824 orn.
990 3775 1024 3825 D.
1039 3775 1077 3826 ed.
1108 3792 1126 3823 r.

73 3838 202 3904 Πηρὼ]
215 3841 271 3890 libri
282 3856 356 3890 manu
368 3841 452 3904 scripti
464 3840 569 3889 habent:
586 3840 684 3890 laoesia.
761 3839 819 3904 ‘si]
833 3841 876 3896 sic,
889 3841 981 3892 A.B.C.
1057 3791 1114 3890 ⁸<le

73 3912 108 3960 et.
121 3904 183 3953 ΑΒ.
325 3905 541 3970 ‘ignotum]inco
577 3906 646 3961 itum.
659 3905 802 3956 n.s.c.e‹1.
815 3921 851 3969 pr.
993 3905 1113 3955 'donato

74 3970 176 4028 donate,
189 3969 281 4020 ΑΒΕ.
293 3971 332 4020 ed.
344 3987 381 4035 pr.
448 3971 457 3999 ⁸
474 3922 674 4036 patetlnoportet,
686 3972 715 4022 C.
728 3971 848 4022 secundae
859 3986 955 4030 manus,
968 3971 1008 4026 D..
1020 3972 1059 4021 ed.
1072 3986 1108 4036 pr.
