2864 4836
662 324 857 332 ,...—*-
868 325 896 330 .-
907 325 928 329 ,Ν
970 325 973 328 ,
1012 323 1327 331 --ι--ω---ρ
1338 322 1402 331 ...--

137 456 237 500 ω...
413 392 416 396 ’
502 432 844 495 amaracus,
1281 450 1343 517 233

138 605 277 656 creatum
296 597 429 672 spiritum
443 597 480 655 sit
494 595 627 656 Christus
646 597 725 655 idern
740 614 808 655 curn
822 596 951 672 quolibet
964 595 1133 655 hominum¹
1148 595 1202 654 sal-

138 692 318 753 vandorum.
353 693 392 752 Et
402 704 490 770 patet,
502 694 583 769 quod
597 694 702 753 salsum
716 695 747 752 in
758 695 816 753 line
830 693 1013 764 admittitur²,
1029 712 1096 752 cum
1107 694 1203 770 major

139 790 183 850 ait
210 792 415 850 convenientia
431 790 659 849 vindiuiduorum
684 793 715 850 in
740 793 845 868 specie,
869 810 959 866 quam
984 792 1203 867 suppositorum

139 905 224 967 quae
237 889 334 948 solum
355 889 537 948 concordant
557 890 587 947 in
608 908 724 965 genere,
739 891 808 966 quia
827 889 916 965 longe
938 889 993 947 alia
1007 899 1052 948 est
1066 889 1204 947 conveni·

139 987 226 1047 euna
237 1003 327 1062 quarn
342 988 372 1045 in
387 987 512 1046 termino
526 987 572 1046 vel
585 989 615 1045 in
630 988 724 1064 signu.

186 1082 238 1142 Ad
251 1086 363 1142 tertiam
377 1095 458 1143 tuam
473 1087 636 1143 instantiam
651 1085 726 1156 dico,
741 1085 822 1161 quod
833 1085 1044 1161 consequentia
1058 1102 1121 1143 non
1136 1101 1204 1160 pro·

141 1181 234 1251 cedit,
248 1183 317 1258 quia
328 1183 411 1258 juxta
425 1194 476 1241 tua
492 1183 635 1259 principia
654 1202 706 1259 per
724 1183 782 1242 hoc
801 1194 1005 1260 argumentum
1024 1185 1204 1260 probaretur,

141 1279 230 1356 qnod
251 1280 397 1355 quaelibet
421 1280 590 1355 superficies
615 1281 651 1339 sit
673 1280 817 1339 infinitum
842 1282 936 1358 major
958 1299 1046 1357 quam
1070 1281 1154 1349 linea,
1176 1290 1205 1337 et

142 1394 256 1453 corpus
274 1376 419 1436 infinitum
439 1378 533 1454 majus
553 1379 713 1454 superficie,
728 1389 758 1436 et
776 1396 829 1455 per
848 1396 1032 1454 consequens
1050 1389 1204 1453 utrumque

142 1492 251 1535 eorum
265 1475 409 1534 infinitum
428 1493 579 1551 magnum.
622 1474 681 1535 Sed
701 1487 733 1534 ut
752 1477 892 1535 accedam
911 1477 1032 1552 propius
1051 1474 1204 1534 salsitatem

142 1583 215 1633 tuae
239 1573 398 1632 sententiae
423 1590 485 1631 non
509 1574 689 1644 mendicans,
711 1585 822 1633 certum
843 1574 914 1632 mihi
937 1585 982 1632 est
1005 1573 1085 1650 quod
1108 1573 1205 1631 omnis

144 1671 241 1731 horno
255 1682 300 1729 est
313 1671 457 1729 infinitum
471 1671 627 1747 perfectior
640 1690 730 1748 quam
745 1673 846 1741 bestia,
867 1683 896 1730 et
910 1683 1009 1731 tamen
1022 1690 1084 1729 non
1098 1671 1204 1729 exinde

144 1778 192 1830 est
208 1769 353 1827 infinitum
367 1769 520 1846 perfectus
563 1769 708 1829 Concedo
722 1780 829 1840 tamen,
845 1771 926 1846 quod
946 1770 1049 1826 infiniti
1070 1769 1205 1827 homines

145 1867 196 1927 elii
208 1885 264 1944 per
276 1867 456 1944 impossibile
470 1867 558 1943 positi
573 1885 635 1926 non
654 1867 793 1944 possunt⁸
807 1866 923 1925 Christo
938 1866 1104 1926 humanitus
1118 1883 1203 1925 coae-

146 1965 232 2044 quari
252 1976 373 2043 propter
386 1966 528 2024 unionem
549 1965 627 2025 illam
646 1966 772 2036 beatam,
786 1983 876 2042 quam
896 1965 990 2023 nullus
1012 1966 1084 2024 alius
1105 1975 1205 2041 posset

147 2080 314 2136 assumere;
343 2073 372 2120 et
394 2064 436 2121 sic
458 2062 590 2122 Christus
613 2063 727 2122 excellit
750 2062 942 2133 humanitus⁴,
965 2074 1024 2121 tam
1049 2064 1079 2121 in
1104 2072 1205 2121 natura

146 2170 299 2237 asarmpta
309 2178 398 2237 quarn
410 2161 440 2218 in
451 2161 544 2236 gratia
555 2162 682 2232 unionis,
693 2179 798 2220 omnes
813 2161 948 2220 homines
960 2173 1074 2238 praeter
1084 2162 1204 2238 ipsum⁶‚

148 2259 244 2319 nullus
257 2261 337 2317 enim
348 2259 420 2318 alius
434 2259 525 2318 homo
539 2270 639 2335 posset
653 2261 683 2316 in
696 2260 795 2318 anima
805 2259 850 2319 vel
861 2261 907 2318 ιιιθ
922 2278 1045 2337 corpore
1057 2259 1205 2320 Christum

147 2357 338 2435 praecellere;
369 2370 398 2416 et
418 2376 471 2434 per
492 2375 678 2433 consequens
692 2359 722 2415 in
737 2376 862 2433 corpore
884 2358 937 2418 suit
952 2368 1032 2417 tanta
1046 2358 1205 2434 aequalitas

148 2455 361 2532 complexionis
376 2455 571 2525 harmonicae,
584 2455 664 2531 quod
679 2473 740 2513 non
754 2456 848 2532 potuit
862 2474 925 2515 esse
941 2457 1059 2515 rebellio
1073 2458 1205 2533 corporis

148 2555 193 2612 sui
214 2553 253 2612 ad
273 2554 410 2624 animam,
426 2554 499 2612 sicut
520 2563 564 2612 est
585 2554 615 2610 in
630 2553 758 2629 quolibet
779 2554 836 2612 alio
856 2553 941 2612 fratre
958 2572 1021 2612 suo.
1065 2553 1124 2612 Sed
1142 2572 1204 2613 non

147 2669 185 2710 ex
210 2650 279 2709 binc
304 2651 441 2728 sequitur,
466 2651 548 2728 quod
573 2650 705 2710 Christus
729 2652 873 2710 inlinitum
898 2653 1013 2711 excedit
1037 2652 1203 2712 humanitus

147 2748 276 2824 aliquem
290 2747 408 2806 fratrem
427 2766 521 2807 suum.
563 2749 602 2807 Et
621 2761 763 2824 quantum
782 2750 820 2808 ad
840 2751 1058 2827 replicationem
1073 2761 1152 2809 tuam
1167 2750 1203 2809 de

147 2846 293 2924 primitate
315 2845 510 2916 humanitatis,
532 2848 665 2906 concedo
690 2848 749 2918 tibi,
771 2848 852 2925 quod
874 2846 1006 2908 Christus
1027 2859 1071 2908 est
1094 2851 1205 2926 primus

147 2943 242 3002 bomo
256 2943 421 3020 simpliciter
436 2944 584 3020 dignitate,
599 2946 683 3004 etsie
698 2956 743 3004 est
756 2947 851 3023 prius⁷
867 2946 981 3018 Adam;
1004 2947 1057 3006 sed
1071 2965 1204 3006 commu-

147 3043 224 3101 niter
244 3042 409 3118 intelligitur
429 3042 466 3100 de
488 3045 628 3119 temporis
649 3043 803 3119 primitate,
826 3062 880 3102 nec
901 3054 946 3104 est
960 3047 1153 3104 contradictio
1174 3047 1204 3103 in

147 3142 207 3199 ista
227 3141 476 3216 aequivocatione,
496 3141 561 3198 licet
582 3141 729 3218 sophistae
751 3142 882 3200 laborent
903 3143 1027 3201 multum
1048 3144 1078 3200 in
1101 3143 1204 3202 talibus

147 3239 359 3317 imprudenter.

189 3335 228 3394 Et
254 3354 315 3413 quo
342 3337 381 3395 ad
403 3337 529 3394 ultimam
558 3338 758 3412 replz'catibnem
786 3347 866 3396 tuam
895 3337 1021 3396 deloco
1050 3357 1067 3396 a
1095 3337 1203 3408 simili⁸,

147 3446 229 3512 patet
252 3435 333 3510 quod
358 3436 439 3494 multi
468 3455 504 3494 ex
529 3437 583 3495 ista
611 3436 713 3496 simiali
741 3436 925 3495 similitudine
953 3447 1020 3494 sunt
1046 3437 1129 3514 lapsi,
1153 3456 1204 3496 ne·

148 3533 248 3610 gando
277 3533 366 3592 fidem
390 3535 557 3610 scripturae,
582 3535 775 3609 imaginantes
803 3532 883 3609 quod
910 3534 1075 3594 humanitas
1098 3535 1204 3595 Christi

149 3643 200 3690 aut
213 3632 276 3708 ejus
298 3632 431 3691 divinitas
446 3643 514 3690 sunt
527 3642 623 3708 partes
641 3631 704 3707 ejus
723 3631 926 3707 quantitativae
946 3643 995 3690 aut
1013 3634 1204 3710 qualitativae,

150 3731 220 3807 quia
233 3729 313 3788 aliter
326 3731 398 3789 ratio
411 3740 459 3788 tua
474 3748 535 3789 non
549 3729 720 3807 procederet
735 3730 772 3787 ab
786 3731 931 3806 exemplo.
966 3732 1123 3791 Audaciter
1133 3751 1205 3809 ergo

150 3826 314 3886 concedam
328 3829 495 3904 simpliciter
506 3846 609 3887 omnes
623 3828 863 3904 praedicationes,
875 3848 949 3906 quas
960 3831 1032 3890 fides
1047 3832 1205 3908 scripturae

184 3966 191 3995 ¹
209 3965 351 4030 hommum]
363 3966 472 4024 homine,
485 3967 578 4017 A...BC
590 3984 684 4032 rrrnae
695 3985 789 4019 manus
871 3971 1047 4035 ’admittitur]
1059 3972 1204 4029 annectitur,

152 4032 245 4081 nfflssc
257 4031 296 4080 ed.
308 4047 345 4096 pr.
429 4033 569 4096 ³possunt]
584 4043 692 4097 possent,
704 4035 742 4084 etl.
772 4051 791 4083 r.
859 4034 1035 4099 ⁴humanitus]
1025 4037 1098 4099 ]om.
1112 4038 1204 4088 Α..Βο

149 4098 287 4146 ⁵omnes-
296 4097 389 4162 ipsum]
401 4114 452 4146 οιιι.
465 4098 494 4147 C
507 4100 628 4147 secundae
640 4115 734 4156 manus,
737 4051 791 4148 ss
792 4100 830 4149 ed.
842 4118 879 4165 pr
978 4101 1041 4166 “in]
1054 4118 1104 4152 om
1116 4103 1155 4152 ed.
1167 4120 1204 4168 pr.

150 4162 246 4238 prius
255 4162 337 4211 Adam
349 4162 412 4226 (he
424 4179 491 4228 prror
503 4164 625 4228 Adamol]
636 4181 729 4228 primus
739 4165 829 4220 Adam
842 4168 873 4214 Α.
890 4182 984 4230 primae
992 4182 1093 4224 manus
1111 4184 1156 4219 nec
1167 4177 1204 4219 esl

151 4243 246 4292 primus
258 4227 348 4285 Adam,
360 4229 422 4277 sicut
435 4245 499 4277 com.
512 4237 556 4286 est
568 4231 598 4279 C
715 4232 755 4278 'a
767 4231 852 4295 simili]
865 4231 975 4287 assimili,
987 4233 1025 4282 ed.
1037 4248 1074 4297 pr.
