2864 4836
96 487 180 531 cana
215 460 701 523 SUPPLEMENTUM
728 462 1022 524 TRIALOGI.

97 624 276 683 reducuntur
295 633 436 701 tanquam
456 625 645 702 impossibilia
665 637 694 684 et
715 624 887 684 destructiva
907 625 1054 697 ecclesiae,
1074 644 1148 702 quae

99 731 200 781 tamen
214 732 281 781 sunt
294 724 457 782 necessaria
471 734 501 782 et
514 725 654 784 ecclesiae
668 726 834 783 corrective.
879 723 938 784 Sed
952 734 1043 784 totam
1060 735 1151 784 mate·

99 819 173 878 riam
188 821 272 880 istam
287 820 418 898 relinquo
430 822 593 899 junioribus
607 823 826 883 retractandam.

537 1291 631 1351 CAP.
654 1292 722 1351 Vll.

184 1464 306 1523 Fratres
321 1465 508 1535 metzdr'conlea
523 1467 617 1540 quippe
630 1464 727 1540 qar'bus
741 1464 829 1522 desint
841 1466 924 1540 sr'gm
938 1464 1072 1533 carriotis,

487 1582 541 1620 non
554 1581 609 1620 esse
622 1561 681 1620 Dei
683 1562 773 1638 filios.

127 1708 247 1796 'Restat
260 1749 358 1797 autem
372 1757 424 1815 per
440 1739 551 1797 sedecim
566 1740 649 1815 sigma
667 1740 803 1809 caritatis,
821 1755 896 1813 quae
911 1744 993 1794 notat
1007 1732 1156 1810 apostolus
1191 1753 1318 1819 “gamag
1328 1759 1343 1817 e·

1226 477 1291 542 439

102 1836 210 1914 prima¹
236 1835 368 1896 Corinth.
392 1839 459 1909 xiii,
484 1835 764 1909 transcurrenduml,
790 1847 822 1895 ut
846 1837 996 1895 videamus
1022 1833 1046 1891 si
1070 1831 1157 1891 sectis
1190 1833 1259 1900 053?
1297 1834 1315 1898 „¹¹

102 1934 231 2006 fratrum,
252 1936 282 1992 in
306 1945 449 2012 quantum
469 1936 646 2014 hujusmodi,
668 1945 836 2013 competant
857 1934 958 2011 signa3
989 1932 1065 2008 quia,
1088 1948 1155 1988 cum
1190 1906 1332 2022 {ffilpffef

103 2034 207 2092 caritas
221 2034 378 2110 distinguat
392 2034 467 2092 filios
481 2034 537 2093 Dei
557 2054 574 2093 a
588 2034 652 2093 filiis
672 2034 788 2103 diaboli,
803 2032 890 2092 claret
904 2050 941 2089 ex
956 2030 1022 2100 fide,
1038 2028 1119 2105 quod
1133 2027 1157 2086 si
1192 2029 1287 2102 ,mm-g
1312 2044 1330 2100 n·

104 2130 238 2190 fratribus
252 2142 421 2207 competant
436 2134 518 2210 signa
534 2134 677 2209 opposita,
692 2132 773 2209 quod
787 2140 854 2190 sunt
867 2128 1011 2187 manifesti
1027 2125 1143 2186 diaboli.
1206 2120 1216 2143 ⁰
1231 2118 1295 2184 'iifl‘

145 2229 252 2288 Priene
273 2240 371 2288 autem
392 2233 509 2289 condalio
529 2232 653 2290 caritatis
674 2242 727 2302 est,
748 2230 829 2306 quod
851 2229 954 2287 caritas
971 2228 1082 2303 pauens
1106 2236 1158 2282 est.

105 2326 247 2386 Patientia
261 2329 339 2386 enim
354 2330 514 2387 secundum
530 2329 618 2387 fidem
633 2330 773 2405 evangelii
795 2327 864 2386 lacit
885 2327 958 2384 filios
972 2325 1029 2383 Dei
1049 2325 1160 2383 animas

105 2443 174 2484 suas
193 2426 325 2484 beatifice
344 2426 503 2502 possidere.
547 2426 578 2484 Si
598 2427 677 2484 enim
697 2426 771 2484 filius
785 2425 841 2482 Dei
857 2425 934 2482 venit
953 2425 983 2481 in
1003 2420 1161 2479 mundum³

105 2524 144 2582 ad
167 2524 336 2601 patiendum
357 2536 481 2582 mortem
503 2525 687 2583 durissimam
708 2524 796 2582 etiam
820 2541 873 2601 pro
899 2522 1030 2591 inimicis,
1051 2530 1080 2578 et
1101 2536 1161 2575 non

106 2624 240 2681 obstante
268 2632 348 2680 tanta
377 2624 492 2681 caritate
521 2624 559 2681 ad
587 2622 757 2698 patiendum
782 2639 872 2679 omne
895 2637 990 2696 genus
1014 2617 1162 2693 obprobrii

107 2733 195 2798 atque
219 2738 342 2797 poenae,
367 2731 478 2796 quanto
503 2721 597 2797 magis
622 2739 678 2779 nos
706 2721 802 2779 miseri
831 2719 972 2778 debemus
1001 2717 1163 2792 condignas

107 2837 220 2896 poenas
232 2838 286 2896 pro
301 2821 408 2879 nostris
422 2820 578 2879 sceleribus
593 2822 765 2898 perpetratis
780 2821 855 2896 petil
889 2818 928 2877 Et
942 2817 1020 2876 nulla
1035 2816 1164 2876 conditio

108 2918 233 2978 caritatis
252 2919 317 2994 plus
332 2917 400 2977 facit
420 2919 536 2977 fidelem
555 2920 710 2995 pacificum
731 2938 818 2995 quam
838 2920 901 2977 ista.
944 2917 1016 2976 Ideo
1032 2916 1165 2975 Christus

107 3017 212 3075 merito
242 3016 402 3093 appellatur
426 3029 545 3093 propter
574 3018 773 3076 conditionem
802 3019 887 3075 istam
912 3022 980 3074 ‘rex
1008 3010 1164 3091 pacificus?

108 3113 199 3186 Quod
215 3114 241 3171 si
255 3113 356 3173 fratres
371 3115 444 3172 inter
463 3133 569 3173 omnes
589 3115 727 3173 mortales
749 3116 806 3172 sint
824 3115 918 3189 magis
938 3115 1123 3189 impatientes
1138 3123 1166 3168 et

109 3211 271 3287 specialiter
290 3220 410 3270 vocatae
432 3212 552 3287 injuriae
572 3223 631 3269 tam
651 3213 740 3269 verbo
756 3230 843 3286 quam
859 3229 957 3284 opere,
971 3211 1036 3285 quis
1056 3208 1167 3267 dubitat

109 3310 183 3385 quin
198 3310 254 3367 sint
270 3310 410 3386 speciales
425 3310 474 3367 filii
491 3309 635 3368 Satanae?

152 3405 278 3465 Secunda
296 3407 425 3465 conditio
445 3408 569 3466 caritatis
589 3418 642 3476 est,
658 3406 738 3482 quod
758 3416 802 3464 est
823 3405 949 3480 bcnrgm,
969 3405 1036 3480 quia
1056 3406 1167 3462 bonum

110 3505 224 3582 ignem⁴
240 3506 365 3563 caritatis
379 3506 456 3563 venit
471 3506 584 3563 mittere
599 3506 629 3562 in
646 3504 767 3564 terram⁵
782 3505 811 3561 in
826 3503 937 3579 populo
952 3504 1041 3560 instar
1053 3501 1168 3571 Christi,

111 3621 178 3662 cum
194 3605 294 3662 omnia
309 3601 377 3662 facit
391 3604 428 3660 ad
448 3603 681 3661 aedificationem
701 3602 840 3661 ecclesiae
860 3612 889 3659 et
903 3600 973 3659 nihil
988 3600 1026 3658 ad
1040 3601 1168 3658 destruc-

111 3704 222 3760 tionem
237 3702 379 3777 suppositi
394 3701 439 3759 vel
457 3701 575 3758 uirtutis
619 3699 707 3759 Unde
723 3699 854 3759 Christus
874 3701 903 3756 in
923 3699 1024 3774 triplici
1044 3698 1170 3756 adventu

112 3817 166 3857 suo
180 3799 347 3857 humanitus
367 3799 453 3858 docet
473 3801 558 3859 istam
579 3799 777 3858 conditionem
798 3800 852 3857 sibi
871 3807 900 3856 et
919 3798 983 3855 filiis
999 3792 1074 3855 suis⁶
1088 3813 1170 3853 com·

112 3906 227 3973 petere;
258 3899 336 3955 venit
360 3899 439 3956 enim
464 3897 501 3955 ad
527 3899 757 3956 incarnationem
783 3907 812 3956 et
833 3897 911 3954 venit
932 3896 970 3954 ad
991 3895 1169 3971 passionem,

147 4094 155 4122 ¹
173 4093 265 4158 prima]
278 4109 328 4143 om.
341 4095 370 4146 C.
436 4094 446 4122 ²
463 4092 688 4154 transcurrendum]
703 4091 944 4145 transscendendum.
953 4090 983 4141 C.
1039 4091 1049 4120 ³
1063 4091 1090 4139 in
1102 4106 1171 4139 mun·

114 4159 187 4222 dum]
199 4175 249 4208 om.
262 4160 294 4208 A.
419 4160 427 4189 ¹
444 4175 492 4208 vox
504 4159 647 4223 ‘benignus'
659 4158 781 4207 derivatur
792 4158 833 4207 hic
844 4174 859 4205 a
871 4158 966 4205 ‘bonus
977 4156 1056 4221 ignis:
1068 4156 1094 4204 id
1105 4157 1172 4219 quod

116 4224 178 4273 falso
191 4224 242 4274 fieri
254 4232 358 4274 constat.
474 4225 484 4253 ⁵
501 4224 531 4274 cf.
544 4226 603 4274 Luc.
615 4224 656 4274 xii.
668 4239 708 4289 49.
832 4224 842 4251 ⁶
859 4221 915 4271 filiis
927 4222 988 4287 suis]
1001 4223 1051 4272 suis
1063 4221 1127 4273 siliis.
1139 4223 1171 4271 A.
