2864 4836
166 336 203 398 16
509 334 963 398 PROLEGOMENA.

160 516 226 559 raro
245 501 333 559 rebus
350 500 421 577 ipsis
441 501 538 558 minus
558 499 745 557 conveniunt.
786 496 1010 574 inaequabilitas
1029 497 1137 558 scilicet
1155 507 1238 557 tanta
1260 509 1312 569 est,

159 617 191 666 ut
205 608 235 666 in
249 607 392 684 principio
407 605 539 682 Trialogi
558 605 655 665 multis
673 605 788 682 paginis
808 614 949 682 quaterna
968 614 1018 664 aut
1032 605 1121 682 quina
1137 617 1313 683 argumenta

159 715 295 791 apposita
319 714 384 783 sint,
409 713 439 772 in
463 729 620 789 progressu
642 713 738 789 operis
762 711 841 771 haud
866 730 931 770 raro
956 721 1079 788 quatuor
1103 721 1153 770 aut
1180 712 1312 788 quinque

159 820 285 897 paginae
313 819 470 879 continuae
494 818 632 878 omnibus
660 828 900 895 argrunentorum
926 818 1092 878 summariis
1119 818 1149 875 in
1177 819 1311 894 margine

159 935 294 999 careant;
329 927 389 985 imo
418 925 473 984 sub
500 924 590 983 finem
616 924 680 983 libri
708 924 801 1001 quarti
826 923 917 983 semel
944 921 1073 983 sedecim
1099 923 1227 1000 paginae
1256 925 1311 984 sibi

160 1031 329 1101 succedunt,
345 1033 450 1107 quibus
468 1049 505 1089 ne
519 1047 612 1089 unum
626 1029 744 1107 quidem
758 1030 948 1088 summarium
961 1028 1092 1088 additum
1105 1030 1150 1088 sit.
1193 1028 1311 1089 Deinde

160 1147 249 1196 notae
273 1138 354 1214 ipsae
377 1136 552 1213 marginales
576 1136 640 1212 ejus
664 1146 733 1195 sunt
755 1138 880 1213 generis,
901 1147 933 1195 ut
957 1154 1045 1213 saepe
1070 1154 1132 1195 non
1152 1137 1194 1196 rei
1218 1136 1311 1213 ipsius

160 1243 308 1304 cardinem
330 1245 502 1322 significent,
523 1247 577 1306 sed
598 1247 703 1323 potius,
725 1245 795 1324 quid
817 1246 975 1307 editoribus
999 1255 1163 1307 memoratu
1186 1247 1311 1324 dignum

159 1351 254 1410 visum
279 1353 323 1422 sit,
349 1348 515 1411 ostendant.
557 1350 693 1427 Exempli
717 1352 811 1429 gratia
836 1352 874 1412 ad
898 1353 962 1412 libri
987 1351 1040 1412 IV.
1067 1362 1155 1429 caput
1184 1352 1242 1427 36,
1259 1351 1310 1411 ubi

160 1466 262 1517 auctor
280 1457 394 1517 concilii
414 1457 578 1517 Londoniis
598 1456 689 1517 habiti
710 1457 763 1517 sed
783 1468 876 1517 terrae
897 1468 980 1518 motu
1001 1457 1107 1518 turbati
1126 1458 1310 1518 mentionem

160 1564 259 1641 injicit,
273 1564 328 1623 ista
342 1581 397 1634 res,
411 1564 464 1622 etsi
478 1563 510 1621 in
524 1563 734 1622 dissertationis
753 1573 891 1623 contextu
910 1564 1031 1624 minoris
1050 1564 1191 1624 momenti
1211 1564 1258 1635 sit,
1273 1563 1310 1623 ad

160 1672 323 1747 marginem
343 1671 389 1730 his
407 1671 501 1731 verbis
521 1670 684 1748 significata
702 1681 763 1731 est:
793 1672 849 1732 ‘de
871 1671 995 1733 concilio
1016 1672 1141 1749 Angliae
1162 1672 1310 1732 celebrato

159 1776 332 1850 Londoniis,
347 1795 415 1837 cum
429 1788 521 1837 terrae
535 1774 636 1848 motu,’

200 1882 242 1943 Ut
260 1883 459 1945 distinctiones
478 1885 623 1963 majorum
642 1885 781 1944 orationis
799 1883 923 1961 partium
938 1885 1100 1960 pauciores,
1115 1901 1206 1962 quam
1220 1883 1309 1943 debe

158 1991 237 2063 bant,
258 1991 298 2051 ita
319 1991 518 2052 distinctiones
539 1991 718 2069 singularum
739 1992 947 2050 sententiarum
968 2000 1017 2050 aut
1038 1989 1227 2071 periodorum
1251 1991 1309 2051 lere

158 2097 264 2175 plures,
291 2115 382 2175 quam
411 2096 566 2169 debebant,
593 2098 781 2175 interpositae
810 2109 884 2157 sunt.
942 2097 1034 2157 Haud
1061 2115 1139 2157 raro,
1154 2098 1244 2157 verba
1272 2099 1309 2158 ab

159 2212 278 2263 auctore
310 2205 341 2262 in
372 2221 463 2262 unam
495 2203 649 2280 periodum
682 2205 839 2281 conjuncta
866 2206 904 2264 ab
931 2204 1090 2264 editoribus
1122 2203 1308 2282 interpuncto

158 2312 255 2388 posito
269 2312 310 2369 ita
323 2310 445 2370 discissa
459 2322 534 2382 sunt,
549 2321 589 2381 ut,
605 2312 629 2369 si
648 2310 791 2370 editorum
811 2313 1013 2371 auctoritatem
1034 2311 1172 2388 sequaris,
1188 2329 1308 2371 sensum

158 2434 263 2477 sanum
284 2417 388 2477 elicere
409 2434 514 2494 porsus
535 2436 672 2495 nequeas.
713 2417 849 2494 Exempli
870 2436 959 2477 causa
979 2419 1034 2476 sub
1055 2416 1144 2476 finem
1166 2418 1307 2493 capitis3

157 2523 221 2582 libri
238 2523 290 2581 IV.
306 2523 406 2583 indea
425 2525 535 2583 verbis:
566 2524 719 2583 ‘Similiter
739 2523 815 2583 cum'
836 2542 929 2601 usque
951 2522 989 2582 ad
1009 2524 1112 2582 verba:
1142 2523 1197 2582 ‘sit
1217 2521 1307 2594 salsa'

157 2647 186 2707 p.
201 2625 288 2688 clv²
303 2629 347 2688 ed.
364 2648 416 2707 pr,
431 2631 518 2690 verba
536 2631 574 2689 ab
592 2640 711 2690 auctore
725 2630 790 2707 ipso
805 2631 835 2688 in
849 2648 939 2689 unam
959 2630 1133 2689 sententiam
1148 2630 1308 2707 conjuncta

156 2753 210 2811 per
228 2736 354 2794 editores
368 2736 407 2793 ita
426 2736 550 2795 dissecta
569 2746 645 2807 sunt,
660 2747 693 2794 ut
711 2748 836 2813 quatuor
850 2737 1007 2796 sententias
1020 2734 1134 2798 efficere
1148 2734 1307 2806 videantur,

157 2851 243 2901 tenor
263 2858 332 2899 vero
355 2860 451 2899 rerum
473 2843 602 2918 ipsamm
627 2841 822 2903 confundatur
849 2853 878 2902 et
905 2845 1084 2903 obscuretur.
1140 2841 1308 2904 innumeris

158 2956 256 3005 autem
271 2948 301 3005 in
316 2947 388 3007 locis
404 2947 459 3006 hac
473 2949 658 3025 potissimum
673 2948 710 3008 de
725 2966 813 3008 causa
827 2967 973 3009 summam
987 2949 1195 3008 obscuritatem
1211 2960 1308 3010 ortam

157 3072 232 3126 esse,
247 3056 348 3131 paucis
361 3058 512 3116 monuisse
527 3057 657 3116 sufficiat.
698 3055 790 3129 Quod
803 3057 844 3116 ita
861 3074 892 3116 se
912 3057 1028 3126 habere,
1042 3074 1080 3116 eo
1098 3055 1193 3131 magis
1212 3056 1308 3116 mirati

157 3177 266 3232 sumus,
281 3179 341 3238 quo
355 3163 467 3237 aptiora
478 3163 633 3220 verborum
647 3164 830 3239 interpuncta
843 3164 873 3221 in
886 3162 965 3221 libris
979 3179 1070 3222 manu
1084 3161 1207 3238 scriptis,
1218 3162 1307 3222 etiam

157 3266 187 3325 in
200 3267 244 3339 iis,
259 3268 308 3345 qui
323 3266 465 3329 interioris
479 3279 567 3329 notae
582 3279 657 3340 sunt,
672 3269 844 3330 invenimus.

197 3375 233 3435 In
248 3377 369 3454 singulis
380 3377 472 3436 verbri·
482 3377 590 3436 multos
604 3387 632 3436 et
645 3394 749 3453 graves
760 3394 872 3436 errores
884 3376 963 3453 apud
974 3373 1131 3434 editionem
1142 3375 1306 3452 principem

159 3485 346 3562 deprehendi,
372 3487 508 3545 attentius
535 3485 666 3562 legentes
694 3484 793 3561 fugere
821 3482 900 3543 haud
927 3483 1030 3562 potuit.
1072 3482 1176 3542 Virum
1209 3482 1310 3544 claris-

154 3590 263 3649 simum
284 3589 421 3666 Vaugihan
441 3590 531 3650 multa
551 3591 801 3668 typographorum
819 3599 914 3650 errata
932 3590 1111 3667 suspicatum
1129 3605 1204 3660 esse,
1218 3607 1308 3667 supra

154 3698 389 3758 memoravimus.
444 3696 609 3755 Beroaldius
635 3715 704 3757 vero
732 3715 793 3757 non
827 3705 941 3756 tantum
974 3697 1142 3756 summatim
1169 3696 1306 3773 conjecit,

155 3806 274 3867 editoris
288 3804 399 3864 incuria
413 3802 570 3863 nonnullos
589 3821 701 3863 errores
720 3803 877 3879 irrepsisse,
892 3803 988 3864 sedin
1007 3803 1185 3880 exponenda
1199 3802 1306 3863 Wiclifi

154 3912 288 3972 doctrina
312 3911 424 3970 circiter
447 3909 658 3987 quinquaginta
679 3909 762 3970 locos
784 3911 824 3969 ita
849 3910 1032 3980 examinavit,
1057 3918 1097 3981 ut,
1118 3926 1196 3986 quae
1218 3909 1306 3970 lectio

154 4017 235 4089 falsa,
250 4035 325 4093 quae
340 4017 468 4094 genuina
481 4025 566 4086 esset,
581 4016 750 4093 conjectura
769 4015 881 4076 efficere
901 4024 1063 4075 conaretur.
1105 4012 1165 4087 Qui
1179 4015 1223 4074 vir
1236 4034 1306 4076 cum

154 4121 320 4182 facultatem
334 4124 424 4183 libros
438 4141 529 4186 manu
546 4123 670 4201 scriptos
689 4122 860 4184 conserendi
878 4131 981 4181 nactus
1000 4139 1061 4181 non
1076 4132 1161 4191 esset,
1176 4121 1306 4198 plerum-

154 4246 212 4304 que
227 4231 303 4289 bene
322 4229 467 4301 intellexit,
483 4229 554 4306 quid
573 4228 799 4306 improbandum
818 4237 905 4305 atque
924 4227 1096 4287 mutandum
1116 4237 1201 4286 esset.
1245 4225 1306 4289 Sed

1142 4348 1264 4392 wreus
