2864 4836
513 437 860 502 TRIALOGUS.

589 902 684 964 CAP.
708 903 779 963 XII.

351 1061 397 1120 De
410 1061 541 1139 baptimo
546 1059 687 1139 stammas,
701 1064 858 1139 sanguzmt,
865 1062 1008 1139 fiameiui.

189 1216 312 1279 Attin.
354 1217 452 1279 Placet
470 1219 540 1279 mihi
559 1219 667 1292 irater¹,
682 1220 765 1298 quod
783 1221 880 1300 tetigi'
894 1222 1045 1280 materiam
1065 1222 1151 1281 istam
1168 1221 1206 1281 de

141 1316 251 1395 signis,
265 1316 335 1393 quia
348 1318 459 1377 videtur
477 1317 548 1376 mihi
567 1319 649 1394 quod
663 1320 693 1377 in
707 1333 788 1397 parte
807 1320 947 1379 subtiliter
966 1318 1097 1379 declaras
1112 1331 1207 1379 mate·

143 1414 232 1485 riam,
257 1413 324 1473 licet
347 1424 449 1473 contra
472 1414 624 1490 religiosos
652 1425 769 1475 nostros
794 1416 874 1476 dicas
901 1417 996 1487 tacite,
1022 1415 1104 1493 quod
1128 1415 1205 1475 foret

142 1510 313 1589 expeditius
324 1511 379 1571 illis
392 1513 477 1588 signa
490 1530 544 1571 sua
563 1512 717 1572 adinventa
727 1513 878 1574 dimittere.
923 1512 987 1573 sic³
999 1514 1055 1585 dic,
1071 1531 1156 1590 rogo,
1167 1512 1206 1572 ad

147 1609 229 1669 duos
241 1609 314 1670 alios
327 1611 461 1687 objectus
474 1628 550 1688 quos
565 1611 668 1688 tetigit

189 1705 353 1767 Phrenesis.
395 1706 493 1768 Placet
513 1708 599 1767 mihil
623 1710 661 1769 de
681 1728 771 1769 onere
796 1710 877 1786 quod
897 1710 1034 1787 injungis.
1079 1709 1205 1787 Oportet

144 1815 250 1866 tamen
277 1816 306 1866 te
333 1816 435 1866 notare
463 1817 594 1866 recenter
621 1806 659 1867 de
687 1808 872 1867 distinctione
900 1808 1054 1867 locutionis
1080 1806 1203 1883 duplicis

145 1922 240 1984 quam
257 1905 402 1982 praemisi.
444 1904 482 1964 Et
501 1915 570 1965 tunc
589 1906 656 1965 dico
676 1905 714 1964 ad
733 1905 860 1982 primum
880 1905 1002 1964 istorum
1022 1906 1202 1982 objectuum,

147 2001 233 2081 quod
256 2002 368 2061 videtur
391 2002 461 2060 mihi
485 2002 643 2081 probabile,
667 2002 748 2079 quod
771 2001 904 2062 Christus
928 2003 997 2062 satis
1018 2013 1118 2079 posset
1138 2004 1202 2062 sinc

146 2100 261 2162 lotione
281 2096 465 2178 hujusmodi⁶
484 2100 610 2160 infantes
635 2100 817 2178 spiritualiter
838 2102 982 2178 baptisare
1003 2111 1033 2160 et
1057 2121 1109 2178 per
1128 2119 1202 2161 con-

148 2216 279 2276 sequens
299 2199 417 2259 salvare.
459 2197 547 2258 Unde
568 2198 671 2258 dicitur
695 2200 897 2271 communiter,
922 2199 1003 2276 quod
1026 2201 1134 2276 triplex
1158 2210 1202 2259 est

148 2297 301 2374 tapetam
320 2296 469 2368 ecclesiae,
489 2296 598 2356 scilicet
618 2298 778 2374 baptismus
799 2298 927 2358 fluminis
948 2300 1113 2376 baptismus
1133 2318 1200 2359 san·

148 2395 247 2473 guinis
270 2404 300 2454 et
323 2396 484 2471 baptismus
508 2395 642 2467 flaminis,
668 2405 697 2454 et
721 2395 841 2472 quilibet
864 2415 967 2456 corum
993 2415 1060 2456 cum
1083 2399 1201 2474 paribus

148 2493 254 2555 suflicit
280 2491 318 2552 ad
345 2493 476 2552 salutem.
517 2491 696 2567 Baptnmus⁷
714 2489 847 2569 stumt'nis
875 2505 919 2552 est
942 2495 1105 2570 baptismus
1133 2513 1201 2554 cum

148 2609 228 2669 aqua
240 2592 388 2661 materiali,
403 2590 514 2667 dequo
532 2592 679 2667 baptismo
699 2592 828 2650 crebrius
847 2601 892 2650 est
905 2591 1043 2650 locutum.
1085 2591 1200 2666 Bapta-

148 2709 213 2749 Μ
230 2700 327 2749 autem
345 2691 494 2765 sanguinat
513 2699 557 2748 est
576 2689 655 2760 lotio,
669 2707 727 2766 qua
746 2690 860 2748 animae
879 2691 1028 2749 martirum
1048 2701 1115 2750 sunt
1133 2709 1200 2767 pur·

147 2797 244 2866 gatae.
286 2786 374 2846 Unde
395 2787 538 2846 illicitum⁸
560 2787 670 2846 videtur
690 2787 762 2845 mihi
782 2787 931 2847 effundere
953 2790 1125 2865 sanguinem
1146 2789 1200 2849 ho-

147 2886 238 2944 minis
265 2903 327 2944 non
354 2885 517 2944 martirisati
545 2902 599 2961 pro
628 2883 756 2957 Christo,
784 2885 852 2945 loco
880 2886 985 2946 laticis⁹
1011 2887 1200 2964 baptismalis.

147 2983 215 3044 Nec
234 2984 329 3043 audeo
348 3001 484 3054 asserere,
507 2983 588 3058 quod
608 2983 732 3042 infantes
752 2985 843 3043 occisi
864 3003 919 3062 pro
934 2985 1059 3056 Christo,
1079 2986 1116 3044 de
1137 2987 1200 3061 qui·

146 3082 231 3142 bus¹⁰
244 3081 348 3141 Matth.
363 3082 399 3152 ii.,
415 3082 465 3157 qui
486 3080 560 3139 infra
578 3091 713 3140 octavum
728 3082 806 3141 diem
826 3083 987 3142 circumcisi
1003 3100 1064 3141 non
1078 3082 1200 3145 fuerant,

146 3180 208 3242 sint
233 3181 370 3240 damnati.
416 3179 454 3239 Et
475 3179 562 3240 credo
583 3180 664 3256 quod
684 3178 822 3240 dominus
842 3179 1022 3238 Amacanus
1042 3180 1200 3255 reputative

147 3279 263 3339 locutus
276 3289 321 3339 est
335 3290 364 3338 et
375 3296 435 3337 non
446 3278 601 3350 diffinitive,
617 3279 709 3336 taliter
720 3278 886 3338 asserendo„
932 3279 1093 3354 Baptismus
1103 3287 1200 3336 autem

136 3377 273 3456 fleveritis
286 3389 331 3437 est
344 3379 507 3455 baptismus
522 3378 644 3454 Spiritus
658 3378 765 3448 Sancti,
780 3380 830 3454 qui
849 3389 893 3437 est
912 3377 1080 3454 simpliciter
1098 3394 1199 3435 neces·

146 3476 241 3535 sarius
255 3476 372 3535 cuilibet
385 3476 505 3547 bomini,
520 3477 544 3535 si
559 3477 681 3536 salvetur
687 3475 716 3534 ¹¹.
751 3475 825 3534 Ideo
839 3474 899 3534 duo
912 3476 1048 3552 baptismi
1061 3475 1172 3551 priores
1178 3474 1200 3507 ¹²

146 3583 217 3633 sunt
237 3573 294 3633 ut¹⁸
315 3576 399 3651 signa
419 3575 628 3644 antecedentia,
648 3584 677 3632 et
698 3592 736 3632 ex
757 3574 956 3650 suppositione
977 3573 1142 3632 necessaria
1162 3571 1200 3632 ad

144 3672 234 3732 istum
254 3673 369 3732 tertium
389 3673 565 3750 baptismum
585 3672 719 3732 flaminis.
761 3672 836 3732 Ideo
856 3673 968 3750 absque
982 3671 1198 3743 dubitatione¹⁴,

180 3835 189 3866 ¹
206 3833 293 3898 irater]
305 3832 381 3884 frater
391 3833 511 3889 lironesis,
523 3834 551 3882 B.
563 3835 685 3885 secundae
696 3851 791 3885 manus.
923 3833 934 3864 ¹
950 3833 1033 3899 tetigi]
1046 3833 1156 3927 tetipisti,
1168 3832 1197 3883 B.

147 3899 189 3951 ed.
200 3915 238 3964 pr.
334 3899 402 3950 ¹Sic
426 3899 532 3956 Seded.
564 3916 583 3948 r.
680 3899 790 3966 ‘tetigi]
802 3900 893 3964 detegi.
904 3900 943 3951 ed.
955 3916 992 3978 pr.
1124 3898 1197 3962 mihi]

146 3980 199 4016 om.
211 3963 245 4013 D.
375 3963 546 4058 ‘ujusmodi
564 3965 774 4042 .¹¹¹.¹51.¹⁵¹‘⁶·P¹·..
872 3963 1048 4030 'baptismus]
1061 3963 1199 4057 bpptismns

145 4029 518 4161 militabimus,
536 4031 938 4159 lllt‘llltfllitl‘ll’t
992 4094 1011 4124 ιο
1028 4028 1198 4172 ,liliati

141 4159 185 4211 ed.
197 4176 235 4226 pr.
375 4161 393 4192 ¹¹
410 4159 529 4225 salvetur]
541 4161 657 4218 salvatur,
669 4162 701 4210 Α.
844 4160 863 4192 1²
878 4161 911 4210 ba
929 4159 995 4209 tismi
1006 4158 1113 4225 priores]
1124 4159 1198 4224 primi

143 4224 273 4291 baptismi,
284 4225 345 4276 B.C.
411 4225 429 4256 ¹⁸
445 4225 485 4290 ut]
497 4240 547 4276 om.
560 4226 599 4276 ed.
610 4243 648 4291 pr.
713 4224 732 4255 ¹⁴
748 4175 1061 4291 dubitationefdubietate
1072 4224 1111 4275 ed.
1122 4239 1160 4290 pr.
