2864 4836
490 419 747 499 JOANNIS
788 421 997 484 WICLIF
1193 449 1287 487 maru.

674 799 761 860 CAP
782 799 835 860 IX.

522 948 567 1007 De
580 955 676 1026 septem
684 951 802 1028 pcccatis
815 950 988 1028 capsidibus.

268 1095 390 1156 Alaihia.
432 1095 521 1174 Rogo
549 1109 586 1168 te,
614 1098 655 1157 mi
682 1097 769 1158 frater
794 1098 962 1169 Phronesis,
990 1097 1160 1158 continere¹
1188 1108 1218 1159 te
1246 1098 1281 1159 de

226 1205 323 1254 cetero
337 1196 375 1253 ab
389 1196 444 1255 ista
456 1197 592 1268 materia;
616 1208 644 1255 et
659 1198 682 1255 si
696 1196 819 1256 volueris
832 1214 886 1274 per
898 1196 1031 1256 ordinem
1042 1195 1081 1256 ad
1091 1197 1278 1259 tractandum

226 1292 264 1351 de
277 1305 389 1371 septem
408 1296 536 1372 peccatis
555 1295 724 1371 capitalibus
738 1295 941 1370 procedamus,
955 1305 984 1354 et
998 1312 1035 1354 ex
1049 1313 1110 1372 qua
1129 1297 1231 1356 radice
1251 1297 1280 1356 in

225 1401 307 1449 tanto
322 1411 445 1452 numero
461 1403 490 1452 et
504 1393 608 1452 ordine
622 1402 689 1452 sunt
703 1394 851 1470 ponenda.

265 1488 428 1549 Phrenesis.
479 1489 634 1550 Tractatus
662 1492 743 1550 istius
771 1491 881 1550 articuli
908 1488 1108 1550 confundebat
1137 1491 1278 1569 plurimos

225 1587 379 1664 sapientes,
395 1598 424 1647 et
438 1589 573 1648 vivacitas
587 1589 706 1648 rationis
721 1589 786 1666 pius
805 1588 912 1649 sciolos
931 1589 1165 1661 constemebat¹,
1180 1601 1214 1649 ut
1228 1590 1279 1650 do·

226 1685 324 1744 minus
347 1685 582 1745 Ardmachanus³
606 1686 684 1757 dicit,
710 1705 742 1745 se
766 1705 821 1764 pro
846 1687 992 1746 solutione
1016 1685 1092 1746 illius
1116 1687 1280 1747 evidentiae

228 1782 328 1859 viginti
340 1786 424 1844 annis
439 1785 583 1844 studuisse
596 1787 731 1855 vicissim,
749 1785 773 1843 si
787 1784 919 1845 Christus
938 1783 1121 1861 prophetavit
1142 1786 1280 1845 velasse·

225 1881 280 1939 mit
298 1880 356 1940 hoc
371 1901 435 1940 esse
450 1892 610 1952 venturum,
626 1882 684 1941 hoc
698 1891 743 1940 est
757 1881 802 1940 vel
816 1880 869 1940 suit
882 1881 928 1940 vel
942 1883 1010 1952 erit;
1033 1880 1086 1941 sed
1101 1881 1280 1942 antecedens

224 1989 269 2037 est
283 1980 486 2050 necessarium,
501 1997 572 2055 ergo
588 1996 780 2055 consequens.
822 1977 894 2037 Non
908 1979 987 2037 enim
1003 1979 1135 2057 subjacet
1148 1979 1278 2039 hominis

226 2076 360 2151 potestati
374 2076 419 2133 vel
433 2077 569 2152 potestati
589 2085 744 2147 creaturae,
760 2077 832 2152 quin
851 2074 983 2136 Christus
1002 2075 1070 2135 talia
1088 2075 1182 2136 multa
1200 2094 1278 2136 asse·

225 2173 280 2230 ruit
288 2192 296 2243 ;
319 2191 373 2231 nec
385 2173 513 2243 assertio,
526 2173 687 2243 credulitas,
699 2174 743 2232 vel
757 2173 861 2232 electio
875 2184 957 2233 actus
976 2173 1090 2232 animae
1105 2172 1213 2235 Christi
1227 2191 1279 2250 per

224 2270 361 2328 accidens
385 2280 429 2329 est
454 2269 639 2347 hujusmodi;
672 2271 739 2329 ideo
764 2272 838 2330 sicut
863 2269 1028 2330 necessario
1054 2268 1188 2331 Christus
1210 2269 1278 2330 illud

224 2367 353 2438 asseruit,
376 2367 415 2426 ita
436 2369 601 2427 necessario
626 2367 697 2427 illud
721 2369 842 2439 eveniet,
864 2368 981 2438 evenit⁴,
1002 2367 1046 2427 vel
1067 2369 1170 2427 evenit
1214 2367 1278 2426 Nec

224 2466 277 2524 scit
292 2467 345 2525 iste
360 2464 463 2524 doctor
482 2465 568 2525 istam
582 2467 724 2524 rationem
743 2465 773 2522 in
788 2465 846 2524 fine
864 2465 986 2525 evadere
1001 2465 1055 2524 nisi
1075 2465 1277 2535 concedendo,

224 2563 304 2641 quod
326 2563 457 2623 Christus
472 2582 581 2623 errasse
603 2565 697 2641 potuit
718 2575 746 2622 et
767 2564 921 2623 ecclesiam
942 2563 1108 2640 decepisse3
1139 2565 1192 2624 sed
1213 2567 1277 2643 quis

223 2661 381 2720 catholicus
403 2663 458 2720 ista
479 2661 574 2720 dicet?
616 2662 692 2720 Item
713 2662 737 2720 si
751 2661 832 2720 Deus
847 2661 1046 2720 determinavit
1067 2662 1125 2722 hoc
1146 2662 1211 2723 iore
1229 2660 1272 2721 vel

223 2777 284 2817 non
300 2759 385 2829 sore³,
398 2760 437 2817 ita
451 2760 512 2831 erit,
524 2761 715 2818 extendamus
730 2768 854 2836 tempus,
866 2769 895 2818 et
909 2761 950 2818 sic
965 2769 1045 2836 patet
1054 2764 1273 2838 consequentia

224 2855 282 2913 Sed
296 2874 471 2932 quocunque
487 2856 583 2916 futuro
603 2857 717 2933 signato
736 2869 804 2915 ante
818 2856 920 2915 mundi
941 2857 1179 2917 constitutionem
1194 2859 1275 2920 Deus

223 2953 421 3012 determinavit
438 2955 496 3013 hoc
517 2955 579 3013 fore
600 2955 644 3013 vei
658 2973 720 3013 non
735 2955 821 3025 sore‘,
836 2973 908 3029 ergo
927 2955 984 3014 hoc
1004 2955 1065 3026 erit,
1081 2967 1190 3032 quanta
1205 2976 1276 3035 ergo

223 3063 266 3110 est
287 3052 446 3110 necessitas
469 3055 498 3112 in
519 3053 720 3122 antecedente,
736 3062 818 3111 tanta
838 3052 907 3111 erit⁷
921 3054 1080 3112 necessitas
1100 3053 1131 3112 in
1145 3055 1276 3115 veritate·

223 3159 429 3226 consequente.
473 3147 555 3220 Quis,
567 3166 649 3225 rogo,
660 3149 772 3226 potest⁹
783 3149 878 3208 iacere
890 3149 935 3208 vel
950 3150 1100 3227 impedire,
1112 3153 1183 3228 quin
1194 3151 1276 3211 Deus

222 3246 422 3306 determinavit
443 3246 500 3304 hoc
522 3257 588 3305 ante
610 3247 712 3305 mundi
733 3247 992 3307 constitutionem?
1026 3247 1181 3326 Numquid
1198 3268 1276 3310 crea·

221 3355 284 3405 tura
311 3355 407 3421 potest
435 3345 576 3420 impedire
604 3343 661 3403 Dei
689 3344 1008 3406 detenninationem¹⁰i
1050 3345 1089 3404 Et
1116 3356 1149 3406 ut
1177 3349 1276 3426 sophi·

221 3453 281 3501 stae
304 3442 477 3512 concedunt,
501 3442 649 3500 veritatem
670 3453 817 3501 aeternam
839 3443 1046 3518 procedentem
1070 3462 1107 3503 ex
1128 3442 1187 3504 Dei
1209 3465 1276 3524 pro·

220 3540 317 3615 posito
332 3539 426 3598 facere
448 3538 528 3616 quod
550 3558 612 3598 non
631 3540 691 3610 erit,
706 3558 741 3599 ac
761 3541 784 3599 si
804 3541 841 3598 ab
862 3540 916 3600 illis
934 3540 1132 3616 procederet¹¹
1146 3543 1276 3603 divinum

219 3637 402 3714 propositum
426 3648 455 3695 et
476 3638 580 3696 veritas
604 3648 729 3709 aeterna,
752 3655 840 3714 quam
862 3637 944 3698 Deus
965 3639 1030 3716 ipse
1050 3657 1103 3716 per
1124 3658 1156 3700 se
1181 3641 1276 3702 solum

253 3808 260 3837 ¹
278 3805 416 3871 continere]
430 3807 537 3863 contine.
550 3808 611 3857 ΑΒ.
624 3808 718 3872 primae
732 3824 829 3866 manus.
841 3809 871 3860 C.
990 3809 1000 3839 ¹
1017 3811 1205 3876 consternebat]
1215 3828 1275 3862 con·

220 3873 353 3927 sternebat,
362 3873 394 3921 D.
467 3872 477 3900 ³
495 3872 695 3937 Ardmachanus]
705 3874 871 3931 Armoiranus.
880 3873 955 3925 B.ed.
964 3892 1001 3939 pr.
1009 3875 1052 3926 ie.
1063 3877 1201 3927 Richardus
1210 3878 1274 3927 liitt-

221 3937 310 4002 Raiph.
322 3937 521 4002 archiepiscopus
532 3938 674 4002 provinciae
685 3940 839 3989 Armacanae
851 3941 876 3988 in
889 3941 1019 3990 Hibemia.
1152 3941 1161 3972 ¹
1178 3943 1275 4057 “ng

220 4019 269 4051 om.
283 4003 310 4050 B.
323 4003 417 4066 primae
426 4019 521 4058 manus,
533 4003 571 4051 ed.
584 4019 620 4067 pr.
731 4004 741 4033 ⁵
757 4004 796 4054 vel
808 4020 859 4054 non
870 4004 934 4070 iore]
948 4022 997 4055 om.
1009 4005 1047 4056 ed.
1060 4021 1098 4071 pr.
1209 4009 1219 4035 ⁸

220 4083 270 4115 non
282 4067 348 4181 soreg
358 4083 408 4116 orn.
421 4067 454 4114 Ι).
466 4068 504 4117 ed.
517 4083 554 4132 pr.
652 4067 662 4096 ⁷
678 4068 736 4133 erit]
748 4077 794 4125 est,
807 4070 839 4118 D.
851 4070 890 4118 ed.
903 4087 940 4134 pr.
1058 4074 1068 4100 ⁸
1084 4071 1201 4137 veritate]
1213 4073 1275 4122 veri·

220 4133 284 4184 tatis.
298 4132 325 4179 B.
351 4132 407 4180 .ed.
420 4148 457 4196 pr.
556 4132 676 4196 'potest]
689 4135 787 4196 poterit.
800 4136 887 4199 edpr.
995 4135 1014 4165 ¹⁰
1030 4136 1272 4202 detenninationem]

221 4197 426 4253 tenuinationem,
439 4198 470 4245 Α.
539 4198 555 4227 ¹¹
573 4199 726 4263 procederet]
740 4200 864 4264 penderet,
877 4200 914 4257 C..
925 4199 953 4249 B.
966 4201 1060 4265 primae
1071 4217 1167 4258 manus.
1178 4204 1217 4253 ed.
1229 4219 1265 4266 pr.
