2864 4836
84 445 165 482 cnm
440 421 780 489 TRIALOGUS.

84 585 216 662 quodam
235 586 327 646 modo
340 605 406 646 vere
424 588 562 664 opinatus
581 588 633 648 fuit
651 590 778 661 Aversis,
793 591 874 667 quod
893 602 1009 668 tempus
1023 602 1137 650 motum

84 685 273 762 consequitur
286 684 316 743 in
328 686 487 744 communi.
531 685 649 746 Relictis
660 699 757 747 autem
769 689 914 748 erroribus
928 688 965 747 de
977 689 1136 766 quidditate

85 783 235 859 temporis,
251 784 430 860 capiendum
449 795 502 854 est,
522 785 605 860 quod
623 804 659 844 ex
679 786 788 846 unitate
808 786 910 845 mundi
929 798 958 845 et
977 797 1074 846 motus
1094 787 1138 846 sui

85 890 131 940 est
151 880 231 940 idem
249 890 365 959 tempus
384 882 414 940 in
433 899 557 941 numero
577 883 797 960 multiplicatum
816 903 869 961 per
886 895 981 943 totum
995 884 1138 944 mundum

83 979 115 1037 in
130 978 215 1039 coelo
229 989 257 1039 et
271 980 302 1038 in
314 980 396 1048 mari,
411 989 441 1039 et
454 989 568 1057 praeter
578 979 647 1039 illud
661 993 777 1058 tempus
788 991 884 1059 partes
899 983 1001 1042 mundi
1015 981 1137 1041 habent¹

84 1095 153 1136 suas
178 1078 310 1154 proprias
334 1077 553 1154 quandalitates,
578 1095 654 1154 quae
678 1096 715 1138 ex
740 1097 877 1139 mensura
901 1081 1041 1156 temporis
1071 1088 1139 1139 sunt

85 1186 231 1235 causatae.
280 1175 320 1235 Et
340 1177 407 1235 ideo
429 1194 495 1235 vere
520 1176 588 1235 dicit
610 1183 708 1236 auctor
729 1182 798 1236 ‘sex
814 1175 1036 1253 menapiorum
1059 1175 1139 1253 quod

84 1273 205 1350 quando
216 1274 261 1333 vel
275 1274 457 1351 quandalitas
471 1285 514 1333 est
528 1273 597 1333 illud
611 1273 693 1351 quod
707 1274 911 1351 derelinquitur
926 1293 962 1334 ex
977 1275 1140 1352 adjacentia

85 1371 235 1449 temporis,
251 1389 319 1431 cum
340 1371 400 1432 duo
420 1390 529 1448 genera
549 1373 723 1450 quantitatis,
743 1373 850 1432 scilicet
871 1383 987 1449 tempus
1008 1383 1037 1431 et
1057 1372 1139 1431 locus

85 1470 261 1548 principiant
283 1471 343 1529 duo
365 1471 610 1547 praedicamenta,
633 1471 742 1529 scilicet
766 1472 923 1547 septimum
944 1480 972 1529 et
994 1481 1137 1530 octavum.

86 1567 125 1626 Et
139 1568 181 1628 sic
203 1568 307 1628 nullius
328 1568 417 1645 partis
438 1568 540 1626 mundi
562 1569 726 1628 successiva
746 1569 860 1628 duratio
881 1580 925 1628 est
946 1578 1070 1645 tempus,
1087 1568 1139 1628 sed

85 1665 150 1742 ipsa
164 1666 355 1743 quandalitas.
390 1666 429 1726 Et
443 1677 530 1743 patet,
542 1666 623 1743 quod
638 1667 662 1726 si
677 1667 773 1743 aliqua
787 1685 854 1743 pars
863 1667 966 1725 mundi
977 1667 1138 1726 successive

85 1763 230 1824 duraverit
243 1774 312 1842 post
331 1765 408 1823 diem
426 1765 535 1841 judicii,
550 1774 620 1823 tunc
638 1774 706 1840 post
725 1765 804 1825 diem
821 1764 922 1842 judicii
941 1765 994 1823 erit
1014 1775 1137 1840 tempus.

84 1862 298 1923 Verumtamen
322 1861 360 1921 ad
382 1861 448 1932 hoc,
470 1863 552 1940 quod
573 1880 640 1939 pars
664 1862 765 1921 mundi
791 1873 923 1938 tempore
947 1857 1137 1931 mensuretur,

86 1961 199 2020 videtur
219 1970 365 2037 oportere,
386 1961 467 2037 quod
492 1960 540 2020 illa
564 1978 631 2037 pars
656 1961 926 2019 transmutationem
949 1957 1054 2017 habeat
1075 1977 1138 2018 suc-

86 2059 238 2130 cessivam,
252 2069 284 2117 ut
294 2060 417 2118 omnino
432 2059 530 2135 quieto
542 2058 635 2129 coelo,
647 2069 675 2116 et
686 2069 768 2117 moto
780 2057 886 2133 angelo
898 2055 942 2116 vel
953 2056 1140 2133 corporaliter

85 2157 131 2216 vel
152 2156 343 2234 spiritualiter,
357 2167 427 2215 tunc
442 2157 538 2233 ipsum
559 2156 675 2215 coelum
696 2166 741 2215 est
762 2157 791 2214 in
813 2166 945 2231 tempore
961 2156 1034 2214 sicut
1048 2153 1138 2223 Deus,

84 2255 139 2315 sed
150 2273 211 2314 non
226 2263 358 2331 tempore
371 2264 562 2320 mensuratur,
574 2264 605 2312 ut
618 2255 710 2313 modo
721 2253 826 2313 nense
868 2253 906 2311 Et
920 2253 996 2312 beati
1010 2253 1139 2329 exempti

85 2370 104 2412 a
128 2364 262 2431 tempore
283 2363 350 2412 sunt
371 2354 401 2411 in
422 2352 577 2429 tempore⁸‚
602 2371 671 2411 cum
691 2353 781 2422 sunt⁴‚
803 2351 918 2411 fuerunt
942 2360 972 2409 et
995 2360 1088 2420 erunt,
1111 2361 1140 2408 et

84 2463 185 2512 tamen
209 2469 271 2510 non
293 2451 445 2528 sequitur⁶‚
471 2451 551 2528 quod
577 2462 708 2527 tempore
730 2460 934 2509 mensurantur
941 2468 949 2521 ;
983 2448 1050 2507 ideo
1076 2448 1139 2507 talis

85 2547 269 2627 quandalitas
288 2568 392 2609 eorum
413 2549 524 2609 videtur
543 2566 608 2607 esse
629 2548 706 2607 dicta
726 2549 892 2624 aequivoce,
907 2563 967 2623 quo
989 2545 1027 2604 ad
1047 2563 1139 2623 quan·

86 2648 236 2708 dalitatem
257 2648 389 2725 corporis
403 2658 535 2724 tempore
556 2646 723 2705 mensurati.

129 2746 246 2806 Instans
260 2756 358 2806 autem
372 2739 512 2822 temporis
527 2754 571 2804 est
586 2762 655 2821 pars
670 2745 733 2820 ejus
751 2741 938 2812 indivisibilis,
953 2753 1012 2800 tam
1028 2758 1087 2818 quo
1102 2741 1140 2799 ad

86 2843 198 2904 molem
212 2862 302 2921 quam
317 2861 376 2922 quo
391 2843 430 2903 ad
444 2844 670 2912 successionem,
682 2859 749 2900 curn
765 2841 800 2899 sit
814 2841 900 2899 istum
915 2840 1068 2910 mundum,
1080 2856 1139 2916 quo

87 2943 126 3002 ad
147 2943 259 3001 moveri
278 2942 322 3000 vel
342 2951 485 3000 mutatum
505 2959 578 3010 esse,
598 2939 805 2999 indivisibiliter
824 2956 1003 3015 permanere.
1046 2937 1084 2996 Et
1103 2938 1142 2996 ita

86 3042 200 3101 instans
221 3041 370 3117 temporis,
393 3057 460 3098 cum
483 3056 572 3097 omne
593 3048 709 3114 tempus
730 3038 766 3096 sit
787 3037 941 3112 quantitas,
956 3054 1017 3094 non
1040 3036 1142 3094 dicitur

87 3156 153 3198 esse
173 3149 297 3215 tempus,
317 3138 369 3197 sed
389 3137 530 3214 temporis
547 3135 678 3195 initiuml
697 3134 742 3193 vel
761 3134 835 3193 linis.
877 3133 960 3192 Idem
981 3144 1079 3194 tamen
1098 3144 1142 3192 est

88 3236 201 3295 instans
220 3236 360 3312 temporis
379 3253 432 3311 per
450 3245 545 3294 totum
564 3233 716 3302 mundum,
736 3245 765 3290 et
786 3232 899 3308 partes⁷
913 3232 1015 3290 mundi
1034 3231 1142 3290 habent

88 3351 158 3393 suas
173 3333 386 3410 quandalitates
406 3331 594 3392 indivisibiles
613 3329 702 3391 sicut⁸
717 3329 851 3399 mundus,
866 3340 895 3387 et
914 3329 978 3387 illae
993 3328 1142 3405 quandali-

87 3442 164 3491 tates
179 3449 240 3490 non
260 3443 327 3490 sunt
348 3432 492 3501 instantia,
509 3430 562 3490 sed
580 3428 627 3488 ut'
649 3427 792 3488 Gilbertus
809 3427 988 3484 Porrelanus
1007 3426 1142 3500 loquitur,

89 3529 230 3606 ‘quando
253 3528 419 3606 simplex¹⁰.'
461 3528 499 3586 Et
513 3547 549 3587 ex
572 3528 633 3585 istis
648 3525 742 3584 sedari
756 3534 852 3600 potest
866 3524 1017 3593 dissensio,
1033 3523 1063 3580 in
1084 3541 1143 3598 qua

88 3628 195 3686 diversi
208 3627 345 3687 homines
364 3628 394 3685 in
414 3626 535 3685 materia
555 3625 591 3684 de
610 3623 775 3699 inceptione
795 3621 898 3680 mundi
918 3622 1040 3680 inaniter
1060 3621 1142 3679 alter·

88 3734 202 3795 cantur,
217 3723 415 3802 supponendo
429 3724 535 3801 primo,
551 3722 630 3799 quod
650 3739 739 3780 omne
759 3721 840 3797 quod
854 3719 906 3778 suit
920 3719 964 3778 vel
979 3720 1039 3791 erit,
1054 3731 1097 3779 est
1111 3721 1141 3778 in

122 3905 130 3934 ¹
148 3903 253 3969 habent]
266 3903 349 3960 habet,
361 3904 399 3953 ed.
411 3919 448 3967 pr.
532 3902 542 3930 ²
559 3910 586 3951 ut
597 3900 673 3950 modo
686 3899 766 3964 Deus]
779 3900 850 3950 sicet
862 3900 938 3949 modo
949 3899 1025 3956 Deus,
1037 3899 1076 3950 ed·
1088 3914 1125 3964 pr.
1134 3917 1150 3956 ;⁴

88 3970 153 4020 sicut
165 3984 211 4019 nec
223 3969 299 4023 Deus.
311 3969 405 4018 ΑΒΕ.
505 3967 514 3996 ³
531 3972 556 4016 et
567 3966 633 4016 beati
647 3965 754 4031 exempti
764 3981 780 4014 a
791 3973 902 4030 tempore
913 3972 970 4014 sunt
981 3965 1006 4013 in
1018 3963 1140 4029 tempore]

88 4044 113 4086 et
125 4034 193 4085 beati
204 4035 310 4098 exempti
322 4040 378 4083 sunt
390 4049 405 4081 a
417 4039 529 4096 ternpore
540 4030 725 4096 intelligentiae,
737 4030 775 4080 ed.
788 4046 825 4095 pr.
975 4030 984 4058 ⁴
1000 4029 1068 4093 sunt]
1082 4037 1142 4079 tunc

87 4108 154 4155 sunt,
165 4100 196 4148 A.
296 4098 305 4127 ⁵
322 4108 405 4148 tamen
417 4113 468 4147 non
479 4097 587 4162 sequitur
612 4104 695 4146 tamen
705 4111 756 4145 non
768 4110 871 4159 semper,
885 4096 917 4144 D.
1005 4094 1015 4123 ⁸
1031 4094 1140 4159 initium]

88 4164 220 4217 infinitum.
232 4163 271 4213 ed.
283 4179 319 4227 pr.
473 4161 483 4189 ¹
500 4170 582 4227 partes
607 4177 671 4225 pars,
682 4160 722 4211 ed.
733 4176 770 4225 pr.
930 4163 940 4187 ⁴¹
957 4159 1032 4224 sicut]
1045 4160 1095 4216 sed,
1108 4160 1141 4209 D.

86 4231 97 4260 ⁹
114 4230 159 4280 sed
170 4229 210 4294 ut]
222 4229 293 4284 sicut,
305 4229 343 4277 ed.
356 4244 391 4292 pr.
492 4230 509 4256 ¹⁰
526 4243 600 4291 quum
612 4225 727 4291 simplex]
740 4241 789 4274 om.
802 4225 840 4274 ed.
854 4241 889 4290 pr.
1157 4234 1159 4263 ῑ

129 4328 310 4371 salamnus.
605 4327 624 4367 t]

1346 4030 1348 4055 l

1346 4066 1349 4085 v

1346 4094 1348 4195 l

1345 4206 1348 4243 l
