<?xml version="1.0" encoding="UTF-8"?>
<!DOCTYPE html PUBLIC "-//W3C//DTD XHTML 1.0 Transitional//EN"
    "http://www.w3.org/TR/xhtml1/DTD/xhtml1-transitional.dtd">
<html xmlns="http://www.w3.org/1999/xhtml" xml:lang="en" lang="en">
 <head>
  <title>
</title>
<meta http-equiv="Content-Type" content="text/html;charset=utf-8" />
  <meta name='ocr-system' content='tesseract 3.04.00' />
  <meta name='ocr-capabilities' content='ocr_page ocr_carea ocr_par ocr_line ocrx_word'/>
</head>
<body>
  <div class='ocr_page' id='page_1' title='image "./trialoguscumsup00lechgoog_0053.png"; bbox 0 0 2864 4836; ppageno 0'>
   <div class='ocr_carea' id='block_1_1' title="bbox 532 389 1311 476">
    <p class='ocr_par' dir='ltr' id='par_1_1' title="bbox 532 389 1311 476">
     <span class='ocr_line' id='line_1_1' title="bbox 532 389 1311 476; baseline -0.015 -19"><span class='ocrx_word' id='word_1_1' title='bbox 532 393 786 476; x_wconf 70' lang='lat' dir='ltr'>Jonnnrs</span> <span class='ocrx_word' id='word_1_2' title='bbox 823 389 1032 454; x_wconf 74' lang='lat' dir='ltr'>Wrcrrr</span> <span class='ocrx_word' id='word_1_3' title='bbox 1239 408 1311 447; x_wconf 63' lang='lat' dir='ltr'>mr</span> 
     </span>
    </p>
   </div>
   <div class='ocr_carea' id='block_1_2' title="bbox 209 549 1327 3664">
    <p class='ocr_par' dir='ltr' id='par_1_2' title="bbox 209 549 1327 3664">
     <span class='ocr_line' id='line_1_2' title="bbox 260 549 1313 634; baseline -0.011 -17"><span class='ocrx_word' id='word_1_4' title='bbox 260 568 330 617; x_wconf 92' lang='lat' dir='ltr'>tunc</span> <span class='ocrx_word' id='word_1_5' title='bbox 353 559 447 634; x_wconf 90' lang='lat' dir='ltr'>prima</span> <span class='ocrx_word' id='word_1_6' title='bbox 472 566 632 627; x_wconf 88' lang='lat' dir='ltr'>causaest,</span> <span class='ocrx_word' id='word_1_7' title='bbox 654 574 722 615; x_wconf 91' lang='lat' dir='ltr'>cum</span> <span class='ocrx_word' id='word_1_8' title='bbox 744 557 775 614; x_wconf 92' lang='lat' dir='ltr'>in</span> <span class='ocrx_word' id='word_1_9' title='bbox 799 555 900 613; x_wconf 85' lang='lat' dir='ltr'>ordine</span> <span class='ocrx_word' id='word_1_10' title='bbox 924 569 1076 612; x_wconf 86' lang='lat' dir='ltr'>causarum</span> <span class='ocrx_word' id='word_1_11' title='bbox 1098 549 1198 609; x_wconf 82' lang='lat' dir='ltr'>homo·</span> <span class='ocrx_word' id='word_1_12' title='bbox 1213 556 1313 625; x_wconf 85' lang='lat' dir='ltr'>posset</span> 
     </span>
     <span class='ocr_line' id='line_1_3' title="bbox 260 651 1312 732; baseline -0.01 -17"><span class='ocrx_word' id='word_1_13' title='bbox 260 657 418 732; x_wconf 87' lang='lat' dir='ltr'>procedere</span> <span class='ocrx_word' id='word_1_14' title='bbox 441 656 560 714; x_wconf 88' lang='lat' dir='ltr'>infinite.</span> <span class='ocrx_word' id='word_1_15' title='bbox 611 655 690 713; x_wconf 89' lang='lat' dir='ltr'>Sicut</span> <span class='ocrx_word' id='word_1_16' title='bbox 715 655 792 712; x_wconf 90' lang='lat' dir='ltr'>enim</span> <span class='ocrx_word' id='word_1_17' title='bbox 815 653 908 712; x_wconf 87' lang='lat' dir='ltr'>diviso</span> <span class='ocrx_word' id='word_1_18' title='bbox 932 652 1042 710; x_wconf 90' lang='lat' dir='ltr'>lumine</span> <span class='ocrx_word' id='word_1_19' title='bbox 1067 651 1098 708; x_wconf 92' lang='lat' dir='ltr'>in</span> <span class='ocrx_word' id='word_1_20' title='bbox 1123 656 1193 707; x_wconf 85' lang='lat' dir='ltr'>sua&#39;s</span> <span class='ocrx_word' id='word_1_21' title='bbox 1216 655 1312 723; x_wconf 76' lang='lat' dir='ltr'>partes</span> 
     </span>
     <span class='ocr_line' id='line_1_4' title="bbox 261 750 1312 832; baseline -0.01 -20"><span class='ocrx_word' id='word_1_22' title='bbox 261 755 493 832; x_wconf 78' lang='lat' dir='ltr'>proportionales</span> <span class='ocrx_word' id='word_1_23' title='bbox 521 754 658 824; x_wconf 90' lang='lat' dir='ltr'>minores,</span> <span class='ocrx_word' id='word_1_24' title='bbox 686 770 785 811; x_wconf 90' lang='lat' dir='ltr'>versus</span> <span class='ocrx_word' id='word_1_25' title='bbox 812 752 999 820; x_wconf 89' lang='lat' dir='ltr'>luminosum,</span> <span class='ocrx_word' id='word_1_26' title='bbox 1025 750 1120 825; x_wconf 89' lang='lat' dir='ltr'>prima</span> <span class='ocrx_word' id='word_1_27' title='bbox 1147 765 1217 826; x_wconf 85' lang='lat' dir='ltr'>pars</span> <span class='ocrx_word' id='word_1_28' title='bbox 1246 761 1312 822; x_wconf 81' lang='lat' dir='ltr'>pm·</span> 
     </span>
     <span class='ocr_line' id='line_1_5' title="bbox 261 845 1313 930; baseline -0.008 -19"><span class='ocrx_word' id='word_1_29' title='bbox 261 853 429 930; x_wconf 82' lang='lat' dir='ltr'>portionalis</span> <span class='ocrx_word' id='word_1_30' title='bbox 449 861 581 912; x_wconf 82' lang='lat' dir='ltr'>causatur</span> <span class='ocrx_word' id='word_1_31' title='bbox 600 871 617 911; x_wconf 91' lang='lat' dir='ltr'>a</span> <span class='ocrx_word' id='word_1_32' title='bbox 636 851 773 920; x_wconf 90' lang='lat' dir='ltr'>secunda,</span> <span class='ocrx_word' id='word_1_33' title='bbox 789 860 817 908; x_wconf 89' lang='lat' dir='ltr'>et</span> <span class='ocrx_word' id='word_1_34' title='bbox 836 850 928 909; x_wconf 93' lang='lat' dir='ltr'>sicin</span> <span class='ocrx_word' id='word_1_35' title='bbox 947 848 1100 916; x_wconf 90' lang='lat' dir='ltr'>infinitum,</span> <span class='ocrx_word' id='word_1_36' title='bbox 1115 855 1145 904; x_wconf 91' lang='lat' dir='ltr'>et</span> <span class='ocrx_word' id='word_1_37' title='bbox 1164 845 1207 904; x_wconf 91' lang='lat' dir='ltr'>sic</span> <span class='ocrx_word' id='word_1_38' title='bbox 1226 845 1313 904; x_wconf 89' lang='lat' dir='ltr'>etiam</span> 
     </span>
     <span class='ocr_line' id='line_1_6' title="bbox 262 943 1195 1025; baseline -0.008 -17"><span class='ocrx_word' id='word_1_39' title='bbox 262 950 305 1008; x_wconf 93' lang='lat' dir='ltr'>in¹</span> <span class='ocrx_word' id='word_1_40' title='bbox 320 950 439 1008; x_wconf 90' lang='lat' dir='ltr'>infinitis</span> <span class='ocrx_word' id='word_1_41' title='bbox 453 951 576 1020; x_wconf 87' lang='lat' dir='ltr'>casibus,</span> <span class='ocrx_word' id='word_1_42' title='bbox 591 951 622 1006; x_wconf 91' lang='lat' dir='ltr'>in</span> <span class='ocrx_word' id='word_1_43' title='bbox 637 943 756 1025; x_wconf 84' lang='lat' dir='ltr'>quibus²</span> <span class='ocrx_word' id='word_1_44' title='bbox 770 956 885 1022; x_wconf 90' lang='lat' dir='ltr'>oportet</span> <span class='ocrx_word' id='word_1_45' title='bbox 899 945 1059 1022; x_wconf 88' lang='lat' dir='ltr'>procedere</span> <span class='ocrx_word' id='word_1_46' title='bbox 1073 943 1195 1002; x_wconf 88' lang='lat' dir='ltr'>infinite.</span> 
     </span>
     <span class='ocr_line' id='line_1_7' title="bbox 303 1041 1313 1121; baseline -0.01 -16"><span class='ocrx_word' id='word_1_47' title='bbox 303 1046 465 1106; x_wconf 75' lang='lat' dir='ltr'>Phrenesis.</span> <span class='ocrx_word' id='word_1_48' title='bbox 507 1047 596 1106; x_wconf 91' lang='lat' dir='ltr'>Soror</span> <span class='ocrx_word' id='word_1_49' title='bbox 609 1042 725 1104; x_wconf 82' lang='lat' dir='ltr'>nostra³</span> <span class='ocrx_word' id='word_1_50' title='bbox 739 1055 851 1103; x_wconf 91' lang='lat' dir='ltr'>mature</span> <span class='ocrx_word' id='word_1_51' title='bbox 869 1045 1002 1121; x_wconf 89' lang='lat' dir='ltr'>procedit</span> <span class='ocrx_word' id='word_1_52' title='bbox 1019 1041 1198 1110; x_wconf 88' lang='lat' dir='ltr'>concedens,</span> <span class='ocrx_word' id='word_1_53' title='bbox 1213 1056 1313 1116; x_wconf 91' lang='lat' dir='ltr'>quem·</span> 
     </span>
     <span class='ocr_line' id='line_1_8' title="bbox 209 1124 1314 1223; baseline -0.01 -18"><span class='ocrx_word' id='word_1_54' title='bbox 209 1124 215 1135; x_wconf 53' lang='lat'><em>⁰</em></span> <span class='ocrx_word' id='word_1_55' title='bbox 263 1146 332 1204; x_wconf 88' lang='lat' dir='ltr'>libet</span> <span class='ocrx_word' id='word_1_56' title='bbox 346 1157 482 1223; x_wconf 88' lang='lat' dir='ltr'>oportere</span> <span class='ocrx_word' id='word_1_57' title='bbox 499 1144 661 1204; x_wconf 90' lang='lat' dir='ltr'>concedere</span> <span class='ocrx_word' id='word_1_58' title='bbox 675 1142 773 1202; x_wconf 83' lang='lat' dir='ltr'>Deum</span> <span class='ocrx_word' id='word_1_59' title='bbox 792 1160 873 1216; x_wconf 88' lang='lat' dir='ltr'>esse;</span> <span class='ocrx_word' id='word_1_60' title='bbox 895 1151 923 1200; x_wconf 91' lang='lat' dir='ltr'>et</span> <span class='ocrx_word' id='word_1_61' title='bbox 941 1151 1008 1200; x_wconf 92' lang='lat' dir='ltr'>tuae</span> <span class='ocrx_word' id='word_1_62' title='bbox 1026 1139 1181 1199; x_wconf 79' lang='lat' dir='ltr'>instantiae</span> <span class='ocrx_word' id='word_1_63' title='bbox 1202 1135 1314 1212; x_wconf 87' lang='lat' dir='ltr'>sophis·</span> 
     </span>
     <span class='ocr_line' id='line_1_9' title="bbox 264 1237 1314 1316; baseline -0.01 -14"><span class='ocrx_word' id='word_1_64' title='bbox 264 1246 337 1302; x_wconf 89' lang='lat' dir='ltr'>ticae</span> <span class='ocrx_word' id='word_1_65' title='bbox 362 1261 423 1301; x_wconf 92' lang='lat' dir='ltr'>non</span> <span class='ocrx_word' id='word_1_66' title='bbox 451 1243 636 1306; x_wconf 84' lang='lat' dir='ltr'>concludunt</span> <span class='ocrx_word' id='word_1_67' title='bbox 685 1240 724 1300; x_wconf 90' lang='lat' dir='ltr'>Et</span> <span class='ocrx_word' id='word_1_68' title='bbox 748 1240 799 1299; x_wconf 71' lang='lat' dir='ltr'>sic..</span> <span class='ocrx_word' id='word_1_69' title='bbox 817 1258 855 1299; x_wconf 81' lang='lat' dir='ltr'>ex</span> <span class='ocrx_word' id='word_1_70' title='bbox 882 1239 1009 1316; x_wconf 86' lang='lat' dir='ltr'>qualibet</span> <span class='ocrx_word' id='word_1_71' title='bbox 1034 1237 1172 1313; x_wconf 83' lang='lat' dir='ltr'>negativa</span> <span class='ocrx_word' id='word_1_72' title='bbox 1199 1242 1314 1312; x_wconf 89' lang='lat' dir='ltr'>oportet</span> 
     </span>
     <span class='ocr_line' id='line_1_10' title="bbox 265 1331 1316 1416; baseline -0.008 -17"><span class='ocrx_word' id='word_1_73' title='bbox 265 1341 426 1400; x_wconf 91' lang='lat' dir='ltr'>concedere</span> <span class='ocrx_word' id='word_1_74' title='bbox 444 1342 526 1416; x_wconf 91' lang='lat' dir='ltr'>sequi</span> <span class='ocrx_word' id='word_1_75' title='bbox 545 1339 702 1398; x_wconf 88' lang='lat' dir='ltr'>formaliter</span> <span class='ocrx_word' id='word_1_76' title='bbox 716 1337 922 1409; x_wconf 86' lang='lat' dir='ltr'>affirmativam,</span> <span class='ocrx_word' id='word_1_77' title='bbox 937 1338 1006 1413; x_wconf 91' lang='lat' dir='ltr'>quia</span> <span class='ocrx_word' id='word_1_78' title='bbox 1023 1336 1121 1394; x_wconf 91' lang='lat' dir='ltr'>Deum</span> <span class='ocrx_word' id='word_1_79' title='bbox 1135 1352 1211 1404; x_wconf 87' lang='lat' dir='ltr'>esse,</span> <span class='ocrx_word' id='word_1_80' title='bbox 1226 1331 1316 1409; x_wconf 86' lang='lat' dir='ltr'>quae⁴</span> 
     </span>
     <span class='ocr_line' id='line_1_11' title="bbox 264 1424 1316 1515; baseline -0.009 -18"><span class='ocrx_word' id='word_1_81' title='bbox 264 1450 308 1497; x_wconf 91' lang='lat' dir='ltr'>est</span> <span class='ocrx_word' id='word_1_82' title='bbox 334 1439 413 1514; x_wconf 87' lang='lat' dir='ltr'>prius</span> <span class='ocrx_word' id='word_1_83' title='bbox 440 1437 605 1507; x_wconf 80' lang='lat' dir='ltr'>formaliter,</span> <span class='ocrx_word' id='word_1_84' title='bbox 634 1455 722 1515; x_wconf 89' lang='lat' dir='ltr'>quam</span> <span class='ocrx_word' id='word_1_85' title='bbox 750 1436 854 1494; x_wconf 90' lang='lat' dir='ltr'>veritas</span> <span class='ocrx_word' id='word_1_86' title='bbox 891 1434 928 1493; x_wconf 95' lang='lat' dir='ltr'>de</span> <span class='ocrx_word' id='word_1_87' title='bbox 960 1433 1099 1511; x_wconf 92' lang='lat' dir='ltr'>possibili,</span> <span class='ocrx_word' id='word_1_88' title='bbox 1128 1431 1173 1490; x_wconf 89' lang='lat' dir='ltr'>vel</span> <span class='ocrx_word' id='word_1_89' title='bbox 1206 1424 1316 1508; x_wconf 80' lang='lat' dir='ltr'>aliqua‘</span> 
     </span>
     <span class='ocr_line' id='line_1_12' title="bbox 266 1531 1312 1612; baseline -0.007 -18"><span class='ocrx_word' id='word_1_90' title='bbox 266 1536 414 1612; x_wconf 80' lang='lat' dir='ltr'>negativa3</span> <span class='ocrx_word' id='word_1_91' title='bbox 445 1553 513 1594; x_wconf 92' lang='lat' dir='ltr'>cum</span> <span class='ocrx_word' id='word_1_92' title='bbox 534 1546 670 1611; x_wconf 89' lang='lat' dir='ltr'>sequatur</span> <span class='ocrx_word' id='word_1_93' title='bbox 690 1535 855 1601; x_wconf 82' lang='lat' dir='ltr'>formaliter,</span> <span class='ocrx_word' id='word_1_94' title='bbox 877 1532 948 1590; x_wconf 91' lang='lat' dir='ltr'>nihil</span> <span class='ocrx_word' id='word_1_95' title='bbox 969 1542 1023 1603; x_wconf 88' lang='lat' dir='ltr'>est,</span> <span class='ocrx_word' id='word_1_96' title='bbox 1043 1548 1115 1607; x_wconf 87' lang='lat' dir='ltr'>ergo</span> <span class='ocrx_word' id='word_1_97' title='bbox 1136 1531 1243 1588; x_wconf 88' lang='lat' dir='ltr'>veritas</span> <span class='ocrx_word' id='word_1_98' title='bbox 1263 1538 1312 1599; x_wconf 85' lang='lat' dir='ltr'>est,</span> 
     </span>
     <span class='ocr_line' id='line_1_13' title="bbox 266 1627 1315 1709; baseline -0.007 -18"><span class='ocrx_word' id='word_1_99' title='bbox 266 1633 346 1709; x_wconf 92' lang='lat' dir='ltr'>quod</span> <span class='ocrx_word' id='word_1_100' title='bbox 368 1632 437 1690; x_wconf 90' lang='lat' dir='ltr'>nihil</span> <span class='ocrx_word' id='word_1_101' title='bbox 459 1644 518 1705; x_wconf 86' lang='lat' dir='ltr'>est;</span> <span class='ocrx_word' id='word_1_102' title='bbox 549 1651 616 1691; x_wconf 92' lang='lat' dir='ltr'>curn</span> <span class='ocrx_word' id='word_1_103' title='bbox 636 1634 813 1694; x_wconf 90' lang='lat' dir='ltr'>antecedens</span> <span class='ocrx_word' id='word_1_104' title='bbox 833 1631 904 1691; x_wconf 91' lang='lat' dir='ltr'>nihil</span> <span class='ocrx_word' id='word_1_105' title='bbox 925 1631 1016 1706; x_wconf 91' lang='lat' dir='ltr'>ponit,</span> <span class='ocrx_word' id='word_1_106' title='bbox 1032 1629 1086 1686; x_wconf 91' lang='lat' dir='ltr'>nisi</span> <span class='ocrx_word' id='word_1_107' title='bbox 1107 1627 1189 1704; x_wconf 89' lang='lat' dir='ltr'>quod</span> <span class='ocrx_word' id='word_1_108' title='bbox 1209 1627 1242 1684; x_wconf 91' lang='lat' dir='ltr'>in</span> <span class='ocrx_word' id='word_1_109' title='bbox 1263 1641 1315 1685; x_wconf 89' lang='lat' dir='ltr'>suo</span> 
     </span>
     <span class='ocr_line' id='line_1_14' title="bbox 266 1723 1318 1807; baseline -0.009 -17"><span class='ocrx_word' id='word_1_110' title='bbox 266 1741 462 1807; x_wconf 89' lang='lat' dir='ltr'>consequente</span> <span class='ocrx_word' id='word_1_111' title='bbox 482 1730 640 1790; x_wconf 86' lang='lat' dir='ltr'>formaliter</span> <span class='ocrx_word' id='word_1_112' title='bbox 658 1731 836 1807; x_wconf 61' lang='lat' dir='ltr'>implicatum</span> <span class='ocrx_word' id='word_1_113' title='bbox 858 1738 887 1788; x_wconf 92' lang='lat' dir='ltr'>et</span> <span class='ocrx_word' id='word_1_114' title='bbox 901 1729 941 1787; x_wconf 91' lang='lat' dir='ltr'>sic</span> <span class='ocrx_word' id='word_1_115' title='bbox 961 1746 997 1785; x_wconf 92' lang='lat' dir='ltr'>ex</span> <span class='ocrx_word' id='word_1_116' title='bbox 1011 1726 1146 1802; x_wconf 87' lang='lat' dir='ltr'>negativa</span> <span class='ocrx_word' id='word_1_117' title='bbox 1159 1723 1318 1783; x_wconf 83' lang='lat' dir='ltr'>formaliter</span> 
     </span>
     <span class='ocr_line' id='line_1_15' title="bbox 266 1820 1317 1905; baseline -0.009 -18"><span class='ocrx_word' id='word_1_118' title='bbox 266 1829 394 1905; x_wconf 88' lang='lat' dir='ltr'>sequitur</span> <span class='ocrx_word' id='word_1_119' title='bbox 412 1828 588 1899; x_wconf 87' lang='lat' dir='ltr'>affirmativa,</span> <span class='ocrx_word' id='word_1_120' title='bbox 609 1828 675 1886; x_wconf 89' lang='lat' dir='ltr'>licet</span> <span class='ocrx_word' id='word_1_121' title='bbox 692 1828 832 1903; x_wconf 91' lang='lat' dir='ltr'>insipiens</span> <span class='ocrx_word' id='word_1_122' title='bbox 850 1821 937 1884; x_wconf 81' lang='lat' dir='ltr'>illud⁰</span> <span class='ocrx_word' id='word_1_123' title='bbox 955 1835 1050 1900; x_wconf 84' lang='lat' dir='ltr'>neget.</span> <span class='ocrx_word' id='word_1_124' title='bbox 1092 1820 1158 1881; x_wconf 92' lang='lat' dir='ltr'>Nec</span> <span class='ocrx_word' id='word_1_125' title='bbox 1172 1821 1317 1898; x_wconf 90' lang='lat' dir='ltr'>quaelibet</span> 
     </span>
     <span class='ocr_line' id='line_1_16' title="bbox 267 1918 1317 2002; baseline -0.008 -16"><span class='ocrx_word' id='word_1_126' title='bbox 267 1927 434 1986; x_wconf 88' lang='lat' dir='ltr'>affirmativa</span> <span class='ocrx_word' id='word_1_127' title='bbox 447 1925 643 1984; x_wconf 85' lang='lat' dir='ltr'>indifferenter</span> <span class='ocrx_word' id='word_1_128' title='bbox 663 1926 791 2002; x_wconf 89' lang='lat' dir='ltr'>sequitur</span> <span class='ocrx_word' id='word_1_129' title='bbox 810 1943 847 1982; x_wconf 82' lang='lat' dir='ltr'>en</span> <span class='ocrx_word' id='word_1_130' title='bbox 866 1923 994 2001; x_wconf 86' lang='lat' dir='ltr'>qualibet</span> <span class='ocrx_word' id='word_1_131' title='bbox 1015 1922 1156 1997; x_wconf 82' lang='lat' dir='ltr'>negativa,</span> <span class='ocrx_word' id='word_1_132' title='bbox 1171 1919 1225 1978; x_wconf 91' lang='lat' dir='ltr'>sed</span> <span class='ocrx_word' id='word_1_133' title='bbox 1243 1918 1317 1978; x_wconf 81' lang='lat' dir='ltr'>affir-</span> 
     </span>
     <span class='ocr_line' id='line_1_17' title="bbox 267 2013 1317 2098; baseline -0.008 -14"><span class='ocrx_word' id='word_1_134' title='bbox 267 2026 373 2084; x_wconf 90' lang='lat' dir='ltr'>mativa</span> <span class='ocrx_word' id='word_1_135' title='bbox 393 2025 572 2083; x_wconf 90' lang='lat' dir='ltr'>vehementis</span> <span class='ocrx_word' id='word_1_136' title='bbox 597 2023 773 2093; x_wconf 83' lang='lat' dir='ltr'>existentiae,</span> <span class='ocrx_word' id='word_1_137' title='bbox 799 2021 964 2098; x_wconf 90' lang='lat' dir='ltr'>cujusmodi</span> <span class='ocrx_word' id='word_1_138' title='bbox 989 2019 1177 2079; x_wconf 89' lang='lat' dir='ltr'>concedimus</span> <span class='ocrx_word' id='word_1_139' title='bbox 1205 2013 1317 2076; x_wconf 84' lang='lat' dir='ltr'>Deum¹</span> 
     </span>
     <span class='ocr_line' id='line_1_18' title="bbox 269 2113 1318 2200; baseline -0.01 -17"><span class='ocrx_word' id='word_1_140' title='bbox 269 2141 342 2183; x_wconf 92' lang='lat' dir='ltr'>esse.</span> <span class='ocrx_word' id='word_1_141' title='bbox 383 2122 422 2182; x_wconf 89' lang='lat' dir='ltr'>Et</span> <span class='ocrx_word' id='word_1_142' title='bbox 436 2123 477 2181; x_wconf 91' lang='lat' dir='ltr'>sic</span> <span class='ocrx_word' id='word_1_143' title='bbox 491 2131 633 2198; x_wconf 91' lang='lat' dir='ltr'>quantum</span> <span class='ocrx_word' id='word_1_144' title='bbox 642 2121 689 2200; x_wconf 9' lang='lat' dir='ltr'>*ad</span> <span class='ocrx_word' id='word_1_145' title='bbox 703 2121 849 2195; x_wconf 73' lang='lat' dir='ltr'>acciendum</span> <span class='ocrx_word' id='word_1_146' title='bbox 868 2129 1081 2198; x_wconf 83' lang='lat' dir='ltr'>argumentum,</span> <span class='ocrx_word' id='word_1_147' title='bbox 1096 2127 1185 2193; x_wconf 89' lang='lat' dir='ltr'>patet,</span> <span class='ocrx_word' id='word_1_148' title='bbox 1199 2113 1281 2192; x_wconf 83' lang='lat' dir='ltr'>quod</span> <span class='ocrx_word' id='word_1_149' title='bbox 1295 2113 1318 2172; x_wconf 94' lang='lat' dir='ltr'>si</span> 
     </span>
     <span class='ocr_line' id='line_1_19' title="bbox 269 2213 1320 2301; baseline -0.007 -23"><span class='ocrx_word' id='word_1_150' title='bbox 269 2221 372 2278; x_wconf 89' lang='lat' dir='ltr'>veritas</span> <span class='ocrx_word' id='word_1_151' title='bbox 391 2230 443 2290; x_wconf 89' lang='lat' dir='ltr'>est,</span> <span class='ocrx_word' id='word_1_152' title='bbox 458 2215 542 2277; x_wconf 83' lang='lat' dir='ltr'>tunc⁸</span> <span class='ocrx_word' id='word_1_153' title='bbox 560 2219 683 2293; x_wconf 86' lang='lat' dir='ltr'>simplex</span> <span class='ocrx_word' id='word_1_154' title='bbox 697 2218 800 2301; x_wconf 79' lang='lat' dir='ltr'>veritas</span> <span class='ocrx_word' id='word_1_155' title='bbox 814 2227 867 2288; x_wconf 89' lang='lat' dir='ltr'>est,</span> <span class='ocrx_word' id='word_1_156' title='bbox 882 2227 912 2275; x_wconf 92' lang='lat' dir='ltr'>et</span> <span class='ocrx_word' id='word_1_157' title='bbox 930 2218 972 2276; x_wconf 93' lang='lat' dir='ltr'>sic</span> <span class='ocrx_word' id='word_1_158' title='bbox 986 2216 1069 2275; x_wconf 90' lang='lat' dir='ltr'>Deus</span> <span class='ocrx_word' id='word_1_159' title='bbox 1085 2224 1137 2284; x_wconf 90' lang='lat' dir='ltr'>est,</span> <span class='ocrx_word' id='word_1_160' title='bbox 1152 2215 1222 2291; x_wconf 88' lang='lat' dir='ltr'>quia</span> <span class='ocrx_word' id='word_1_161' title='bbox 1240 2213 1320 2272; x_wconf 75' lang='lat' dir='ltr'>si‘sit</span> 
     </span>
     <span class='ocr_line' id='line_1_20' title="bbox 271 2311 1320 2393; baseline -0.004 -20"><span class='ocrx_word' id='word_1_162' title='bbox 271 2316 345 2374; x_wconf 95' lang='lat' dir='ltr'>ordo</span> <span class='ocrx_word' id='word_1_163' title='bbox 356 2333 516 2386; x_wconf 89' lang='lat' dir='ltr'>causamm,</span> <span class='ocrx_word' id='word_1_164' title='bbox 531 2333 619 2374; x_wconf 87' lang='lat' dir='ltr'>causa</span> <span class='ocrx_word' id='word_1_165' title='bbox 632 2317 727 2391; x_wconf 88' lang='lat' dir='ltr'>prima</span> <span class='ocrx_word' id='word_1_166' title='bbox 744 2324 797 2387; x_wconf 89' lang='lat' dir='ltr'>est,</span> <span class='ocrx_word' id='word_1_167' title='bbox 812 2334 900 2393; x_wconf 90' lang='lat' dir='ltr'>quam</span> <span class='ocrx_word' id='word_1_168' title='bbox 920 2314 1112 2390; x_wconf 91' lang='lat' dir='ltr'>supponimus</span> <span class='ocrx_word' id='word_1_169' title='bbox 1131 2330 1198 2371; x_wconf 89' lang='lat' dir='ltr'>esse</span> <span class='ocrx_word' id='word_1_170' title='bbox 1212 2311 1320 2370; x_wconf 78' lang='lat' dir='ltr'>Deum:</span> 
     </span>
     <span class='ocr_line' id='line_1_21' title="bbox 270 2411 1321 2489; baseline -0.005 -17"><span class='ocrx_word' id='word_1_171' title='bbox 270 2414 421 2486; x_wconf 89' lang='lat' dir='ltr'>Quantum</span> <span class='ocrx_word' id='word_1_172' title='bbox 436 2413 473 2473; x_wconf 96' lang='lat' dir='ltr'>ad</span> <span class='ocrx_word' id='word_1_173' title='bbox 487 2415 595 2472; x_wconf 71' lang='lat' dir='ltr'>tertium</span> <span class='ocrx_word' id='word_1_174' title='bbox 614 2413 780 2472; x_wconf 88' lang='lat' dir='ltr'>instantiam</span> <span class='ocrx_word' id='word_1_175' title='bbox 799 2413 836 2472; x_wconf 95' lang='lat' dir='ltr'>de</span> <span class='ocrx_word' id='word_1_176' title='bbox 855 2429 994 2489; x_wconf 89' lang='lat' dir='ltr'>processu</span> <span class='ocrx_word' id='word_1_177' title='bbox 1012 2412 1043 2469; x_wconf 92' lang='lat' dir='ltr'>in</span> <span class='ocrx_word' id='word_1_178' title='bbox 1062 2411 1217 2481; x_wconf 90' lang='lat' dir='ltr'>infinitum,</span> <span class='ocrx_word' id='word_1_179' title='bbox 1231 2417 1321 2487; x_wconf 84' lang='lat' dir='ltr'>patet,</span> 
     </span>
     <span class='ocr_line' id='line_1_22' title="bbox 269 2495 1322 2589; baseline -0.005 -19"><span class='ocrx_word' id='word_1_180' title='bbox 269 2512 349 2589; x_wconf 89' lang='lat' dir='ltr'>quod</span> <span class='ocrx_word' id='word_1_181' title='bbox 370 2495 466 2569; x_wconf 89' lang='lat' dir='ltr'>omnis</span> <span class='ocrx_word' id='word_1_182' title='bbox 487 2509 549 2570; x_wconf 87' lang='lat' dir='ltr'>talis</span> <span class='ocrx_word' id='word_1_183' title='bbox 571 2528 734 2586; x_wconf 90' lang='lat' dir='ltr'>processus,</span> <span class='ocrx_word' id='word_1_184' title='bbox 756 2528 844 2587; x_wconf 88' lang='lat' dir='ltr'>quem</span> <span class='ocrx_word' id='word_1_185' title='bbox 866 2509 936 2568; x_wconf 89' lang='lat' dir='ltr'>false</span> <span class='ocrx_word' id='word_1_186' title='bbox 957 2509 1101 2567; x_wconf 89' lang='lat' dir='ltr'>infinitum</span> <span class='ocrx_word' id='word_1_187' title='bbox 1122 2507 1256 2577; x_wconf 86' lang='lat' dir='ltr'>dicimus,</span> <span class='ocrx_word' id='word_1_188' title='bbox 1278 2515 1322 2565; x_wconf 91' lang='lat' dir='ltr'>est</span> 
     </span>
     <span class='ocr_line' id='line_1_23' title="bbox 270 2601 1322 2677; baseline -0.004 -10"><span class='ocrx_word' id='word_1_189' title='bbox 270 2604 446 2667; x_wconf 81' lang='lat' dir='ltr'>resolubilis⁹</span> <span class='ocrx_word' id='word_1_190' title='bbox 464 2609 501 2666; x_wconf 91' lang='lat' dir='ltr'>ad</span> <span class='ocrx_word' id='word_1_191' title='bbox 522 2608 643 2677; x_wconf 85' lang='lat' dir='ltr'>finitum,</span> <span class='ocrx_word' id='word_1_192' title='bbox 664 2626 731 2665; x_wconf 92' lang='lat' dir='ltr'>cum</span> <span class='ocrx_word' id='word_1_193' title='bbox 753 2626 842 2666; x_wconf 91' lang='lat' dir='ltr'>omne</span> <span class='ocrx_word' id='word_1_194' title='bbox 860 2607 1040 2665; x_wconf 90' lang='lat' dir='ltr'>individuum</span> <span class='ocrx_word' id='word_1_195' title='bbox 1055 2605 1209 2664; x_wconf 89' lang='lat' dir='ltr'>resolubile</span> <span class='ocrx_word' id='word_1_196' title='bbox 1230 2605 1267 2663; x_wconf 92' lang='lat' dir='ltr'>sit</span> <span class='ocrx_word' id='word_1_197' title='bbox 1285 2601 1322 2673; x_wconf 84' lang='lat' dir='ltr'>ad</span> 
     </span>
     <span class='ocr_line' id='line_1_24' title="bbox 271 2704 1322 2784; baseline -0.004 -17"><span class='ocrx_word' id='word_1_198' title='bbox 271 2708 407 2783; x_wconf 91' lang='lat' dir='ltr'>speciem,</span> <span class='ocrx_word' id='word_1_199' title='bbox 423 2716 452 2765; x_wconf 92' lang='lat' dir='ltr'>et</span> <span class='ocrx_word' id='word_1_200' title='bbox 466 2706 563 2764; x_wconf 90' lang='lat' dir='ltr'>omnis</span> <span class='ocrx_word' id='word_1_201' title='bbox 578 2706 732 2764; x_wconf 89' lang='lat' dir='ltr'>multitudo</span> <span class='ocrx_word' id='word_1_202' title='bbox 746 2707 908 2784; x_wconf 88' lang='lat' dir='ltr'>specierum</span> <span class='ocrx_word' id='word_1_203' title='bbox 926 2715 971 2763; x_wconf 91' lang='lat' dir='ltr'>est</span> <span class='ocrx_word' id='word_1_204' title='bbox 983 2704 1144 2764; x_wconf 90' lang='lat' dir='ltr'>resolubilis</span> <span class='ocrx_word' id='word_1_205' title='bbox 1159 2704 1197 2762; x_wconf 92' lang='lat' dir='ltr'>ad</span> <span class='ocrx_word' id='word_1_206' title='bbox 1211 2708 1322 2780; x_wconf 69' lang='lat' dir='ltr'>genus}</span> 
     </span>
     <span class='ocr_line' id='line_1_25' title="bbox 272 2802 1324 2880; baseline 0.002 -18"><span class='ocrx_word' id='word_1_207' title='bbox 272 2814 301 2863; x_wconf 90' lang='lat' dir='ltr'>et</span> <span class='ocrx_word' id='word_1_208' title='bbox 326 2804 368 2863; x_wconf 93' lang='lat' dir='ltr'>sic</span> <span class='ocrx_word' id='word_1_209' title='bbox 391 2804 525 2873; x_wconf 90' lang='lat' dir='ltr'>infinitas,</span> <span class='ocrx_word' id='word_1_210' title='bbox 549 2822 637 2880; x_wconf 87' lang='lat' dir='ltr'>qnam</span> <span class='ocrx_word' id='word_1_211' title='bbox 662 2804 732 2862; x_wconf 85' lang='lat' dir='ltr'>false</span> <span class='ocrx_word' id='word_1_212' title='bbox 756 2822 844 2862; x_wconf 87' lang='lat' dir='ltr'>vocas</span> <span class='ocrx_word' id='word_1_213' title='bbox 869 2805 899 2862; x_wconf 94' lang='lat' dir='ltr'>in</span> <span class='ocrx_word' id='word_1_214' title='bbox 921 2804 1050 2880; x_wconf 90' lang='lat' dir='ltr'>partibus</span> <span class='ocrx_word' id='word_1_215' title='bbox 1072 2803 1189 2861; x_wconf 91' lang='lat' dir='ltr'>luminis</span> <span class='ocrx_word' id='word_1_216' title='bbox 1214 2802 1260 2861; x_wconf 89' lang='lat' dir='ltr'>vel</span> <span class='ocrx_word' id='word_1_217' title='bbox 1280 2802 1324 2864; x_wconf 85' lang='lat' dir='ltr'>sui</span> 
     </span>
     <span class='ocr_line' id='line_1_26' title="bbox 272 2901 1325 2983; baseline -0.001 -23"><span class='ocrx_word' id='word_1_218' title='bbox 272 2903 402 2978; x_wconf 88' lang='lat' dir='ltr'>subjecti,</span> <span class='ocrx_word' id='word_1_219' title='bbox 417 2902 578 2960; x_wconf 89' lang='lat' dir='ltr'>resolubilis</span> <span class='ocrx_word' id='word_1_220' title='bbox 592 2911 636 2960; x_wconf 93' lang='lat' dir='ltr'>est</span> <span class='ocrx_word' id='word_1_221' title='bbox 654 2902 691 2960; x_wconf 93' lang='lat' dir='ltr'>ad</span> <span class='ocrx_word' id='word_1_222' title='bbox 706 2919 791 2960; x_wconf 92' lang='lat' dir='ltr'>suurn</span> <span class='ocrx_word' id='word_1_223' title='bbox 805 2903 959 2978; x_wconf 83' lang='lat' dir='ltr'>integrum,</span> <span class='ocrx_word' id='word_1_224' title='bbox 975 2901 1030 2959; x_wconf 84' lang='lat' dir='ltr'>et¹⁰</span> <span class='ocrx_word' id='word_1_225' title='bbox 1043 2901 1114 2960; x_wconf 90' lang='lat' dir='ltr'>illud</span> <span class='ocrx_word' id='word_1_226' title='bbox 1128 2902 1276 2976; x_wconf 85' lang='lat' dir='ltr'>integrum</span> <span class='ocrx_word' id='word_1_227' title='bbox 1295 2901 1325 2983; x_wconf 84' lang='lat' dir='ltr'>in</span> 
     </span>
     <span class='ocr_line' id='line_1_27' title="bbox 272 2995 1325 3077; baseline -0.002 -19"><span class='ocrx_word' id='word_1_228' title='bbox 272 3000 358 3070; x_wconf 89' lang='lat' dir='ltr'>aliud,</span> <span class='ocrx_word' id='word_1_229' title='bbox 373 3005 403 3058; x_wconf 80' lang='lat' dir='ltr'>et&#39;</span> <span class='ocrx_word' id='word_1_230' title='bbox 420 3001 459 3058; x_wconf 90' lang='lat' dir='ltr'>ita</span> <span class='ocrx_word' id='word_1_231' title='bbox 477 3018 629 3077; x_wconf 89' lang='lat' dir='ltr'>quousque</span> <span class='ocrx_word' id='word_1_232' title='bbox 649 2997 815 3058; x_wconf 90' lang='lat' dir='ltr'>deveniatur</span> <span class='ocrx_word' id='word_1_233' title='bbox 829 2999 867 3057; x_wconf 89' lang='lat' dir='ltr'>ad</span> <span class='ocrx_word' id='word_1_234' title='bbox 881 2998 1034 3075; x_wconf 90' lang='lat' dir='ltr'>primum¹¹</span> <span class='ocrx_word' id='word_1_235' title='bbox 1048 3017 1164 3075; x_wconf 89' lang='lat' dir='ltr'>corpus,</span> <span class='ocrx_word' id='word_1_236' title='bbox 1179 2996 1262 3074; x_wconf 91' lang='lat' dir='ltr'>quod</span> <span class='ocrx_word' id='word_1_237' title='bbox 1281 2995 1325 3059; x_wconf 82' lang='lat' dir='ltr'>est</span> 
     </span>
     <span class='ocr_line' id='line_1_28' title="bbox 272 3096 1327 3181; baseline 0.001 -27"><span class='ocrx_word' id='word_1_238' title='bbox 272 3098 406 3168; x_wconf 85' lang='lat' dir='ltr'>mundus,</span> <span class='ocrx_word' id='word_1_239' title='bbox 431 3108 460 3157; x_wconf 91' lang='lat' dir='ltr'>et</span> <span class='ocrx_word' id='word_1_240' title='bbox 488 3099 529 3157; x_wconf 93' lang='lat' dir='ltr'>sic</span> <span class='ocrx_word' id='word_1_241' title='bbox 555 3097 592 3155; x_wconf 94' lang='lat' dir='ltr'>de</span> <span class='ocrx_word' id='word_1_242' title='bbox 620 3098 749 3173; x_wconf 90' lang='lat' dir='ltr'>partibus</span> <span class='ocrx_word' id='word_1_243' title='bbox 773 3099 884 3169; x_wconf 88' lang='lat' dir='ltr'>mundi,</span> <span class='ocrx_word' id='word_1_244' title='bbox 913 3115 988 3174; x_wconf 90' lang='lat' dir='ltr'>quae</span> <span class='ocrx_word' id='word_1_245' title='bbox 1017 3107 1085 3156; x_wconf 91' lang='lat' dir='ltr'>sunt</span> <span class='ocrx_word' id='word_1_246' title='bbox 1113 3097 1238 3172; x_wconf 90' lang='lat' dir='ltr'>spiritus.</span> <span class='ocrx_word' id='word_1_247' title='bbox 1288 3096 1327 3181; x_wconf 81' lang='lat' dir='ltr'>Et</span> 
     </span>
     <span class='ocr_line' id='line_1_29' title="bbox 272 3186 1326 3279; baseline -0.001 -26"><span class='ocrx_word' id='word_1_248' title='bbox 272 3196 401 3267; x_wconf 84' lang='lat' dir='ltr'>breviter,</span> <span class='ocrx_word' id='word_1_249' title='bbox 420 3214 487 3254; x_wconf 93' lang='lat' dir='ltr'>cum</span> <span class='ocrx_word' id='word_1_250' title='bbox 521 3195 606 3253; x_wconf 93' lang='lat' dir='ltr'>nobis</span> <span class='ocrx_word' id='word_1_251' title='bbox 637 3195 808 3252; x_wconf 88' lang='lat' dir='ltr'>inlinitum¹¹</span> <span class='ocrx_word' id='word_1_252' title='bbox 836 3195 872 3253; x_wconf 91' lang='lat' dir='ltr'>sit</span> <span class='ocrx_word' id='word_1_253' title='bbox 903 3194 1139 3264; x_wconf 89' lang='lat' dir='ltr'>demonstrabile,</span> <span class='ocrx_word' id='word_1_254' title='bbox 1172 3186 1326 3279; x_wconf 59' lang='lat' dir='ltr'>manifesti¹</span> 
     </span>
     <span class='ocr_line' id='line_1_30' title="bbox 273 3291 1325 3370; baseline -0.002 -18"><span class='ocrx_word' id='word_1_255' title='bbox 273 3305 423 3370; x_wconf 82' lang='lat' dir='ltr'>repugnat,</span> <span class='ocrx_word' id='word_1_256' title='bbox 443 3294 523 3370; x_wconf 91' lang='lat' dir='ltr'>quod</span> <span class='ocrx_word' id='word_1_257' title='bbox 542 3291 638 3368; x_wconf 85' lang='lat' dir='ltr'>aliqua</span> <span class='ocrx_word' id='word_1_258' title='bbox 659 3293 695 3351; x_wconf 93' lang='lat' dir='ltr'>sit</span> <span class='ocrx_word' id='word_1_259' title='bbox 713 3294 826 3363; x_wconf 87' lang='lat' dir='ltr'>veritas,</span> <span class='ocrx_word' id='word_1_260' title='bbox 841 3293 895 3351; x_wconf 93' lang='lat' dir='ltr'>nisi</span> <span class='ocrx_word' id='word_1_261' title='bbox 910 3293 947 3351; x_wconf 92' lang='lat' dir='ltr'>sit</span> <span class='ocrx_word' id='word_1_262' title='bbox 965 3293 1060 3368; x_wconf 90' lang='lat' dir='ltr'>prima</span> <span class='ocrx_word' id='word_1_263' title='bbox 1078 3293 1182 3351; x_wconf 87' lang='lat' dir='ltr'>veritas</span> <span class='ocrx_word' id='word_1_264' title='bbox 1203 3292 1325 3363; x_wconf 81' lang='lat' dir='ltr'>infinita,¹</span> 
     </span>
     <span class='ocr_line' id='line_1_31' title="bbox 273 3388 1327 3467; baseline -0.003 -17"><span class='ocrx_word' id='word_1_265' title='bbox 273 3399 301 3450; x_wconf 87' lang='lat' dir='ltr'>et</span> <span class='ocrx_word' id='word_1_266' title='bbox 315 3392 361 3450; x_wconf 93' lang='lat' dir='ltr'>illa</span> <span class='ocrx_word' id='word_1_267' title='bbox 375 3391 547 3467; x_wconf 89' lang='lat' dir='ltr'>supponitur</span> <span class='ocrx_word' id='word_1_268' title='bbox 561 3407 625 3448; x_wconf 90' lang='lat' dir='ltr'>esse</span> <span class='ocrx_word' id='word_1_269' title='bbox 639 3388 729 3448; x_wconf 91' lang='lat' dir='ltr'>Deus.</span> <span class='ocrx_word' id='word_1_270' title='bbox 771 3388 853 3448; x_wconf 92' lang='lat' dir='ltr'>Deus</span> <span class='ocrx_word' id='word_1_271' title='bbox 867 3401 963 3449; x_wconf 90' lang='lat' dir='ltr'>autern</span> <span class='ocrx_word' id='word_1_272' title='bbox 982 3401 1026 3448; x_wconf 87' lang='lat' dir='ltr'>est</span> <span class='ocrx_word' id='word_1_273' title='bbox 1040 3391 1135 3465; x_wconf 90' lang='lat' dir='ltr'>prima</span> <span class='ocrx_word' id='word_1_274' title='bbox 1153 3399 1182 3448; x_wconf 91' lang='lat' dir='ltr'>et</span> <span class='ocrx_word' id='word_1_275' title='bbox 1202 3390 1327 3466; x_wconf 83' lang='lat' dir='ltr'>simplex</span> 
     </span>
     <span class='ocr_line' id='line_1_32' title="bbox 274 3486 1327 3564; baseline -0.002 -18"><span class='ocrx_word' id='word_1_276' title='bbox 274 3489 425 3547; x_wconf 89' lang='lat' dir='ltr'>affirmatio</span> <span class='ocrx_word' id='word_1_277' title='bbox 440 3506 565 3564; x_wconf 89' lang='lat' dir='ltr'>sequens</span> <span class='ocrx_word' id='word_1_278' title='bbox 580 3486 618 3544; x_wconf 91' lang='lat' dir='ltr'>ad</span> <span class='ocrx_word' id='word_1_279' title='bbox 632 3487 788 3563; x_wconf 89' lang='lat' dir='ltr'>quamlibet</span> <span class='ocrx_word' id='word_1_280' title='bbox 803 3488 959 3556; x_wconf 90' lang='lat' dir='ltr'>veritatem,</span> <span class='ocrx_word' id='word_1_281' title='bbox 975 3489 1017 3546; x_wconf 92' lang='lat' dir='ltr'>sic</span> <span class='ocrx_word' id='word_1_282' title='bbox 1031 3486 1112 3563; x_wconf 92' lang='lat' dir='ltr'>quod</span> <span class='ocrx_word' id='word_1_283' title='bbox 1127 3486 1236 3545; x_wconf 89' lang='lat' dir='ltr'>claudit</span> <span class='ocrx_word' id='word_1_284' title='bbox 1256 3505 1327 3546; x_wconf 93' lang='lat' dir='ltr'>con·</span> 
     </span>
     <span class='ocr_line' id='line_1_33' title="bbox 274 3584 1327 3664; baseline 0.002 -21"><span class='ocrx_word' id='word_1_285' title='bbox 274 3586 475 3645; x_wconf 91' lang='lat' dir='ltr'>tradictionem</span> <span class='ocrx_word' id='word_1_286' title='bbox 489 3584 649 3656; x_wconf 87' lang='lat' dir='ltr'>formalem,</span> <span class='ocrx_word' id='word_1_287' title='bbox 661 3585 818 3664; x_wconf 86' lang='lat' dir='ltr'>aliqualiter</span> <span class='ocrx_word' id='word_1_288' title='bbox 832 3602 906 3656; x_wconf 89' lang='lat' dir='ltr'>esse,</span> <span class='ocrx_word' id='word_1_289' title='bbox 918 3585 962 3644; x_wconf 91' lang='lat' dir='ltr'>vel</span> <span class='ocrx_word' id='word_1_290' title='bbox 977 3585 1135 3662; x_wconf 91' lang='lat' dir='ltr'>aliqualiter</span> <span class='ocrx_word' id='word_1_291' title='bbox 1149 3602 1239 3662; x_wconf 92' lang='lat' dir='ltr'>posse</span> <span class='ocrx_word' id='word_1_292' title='bbox 1253 3603 1327 3656; x_wconf 90' lang='lat' dir='ltr'>esse,</span> 
     </span>
    </p>
   </div>
   <div class='ocr_carea' id='block_1_3' title="bbox 308 3746 1314 3877">
    <p class='ocr_par' dir='ltr' id='par_1_3' title="bbox 308 3746 1314 3877">
     <span class='ocr_line' id='line_1_34' title="bbox 308 3746 1314 3877; baseline 0.001 -65"><span class='ocrx_word' id='word_1_293' title='bbox 308 3761 408 3812; x_wconf 78' lang='lat' dir='ltr'>¹etiam</span> <span class='ocrx_word' id='word_1_294' title='bbox 418 3761 455 3826; x_wconf 88' lang='lat' dir='ltr'>m]</span> <span class='ocrx_word' id='word_1_295' title='bbox 467 3761 505 3819; x_wconf 91' lang='lat' dir='ltr'>de</span> <span class='ocrx_word' id='word_1_296' title='bbox 518 3763 551 3813; x_wconf 92' lang='lat' dir='ltr'>D.</span> <span class='ocrx_word' id='word_1_297' title='bbox 637 3762 689 3812; x_wconf 73' lang='grc' dir='ltr'>ἰιι</span> <span class='ocrx_word' id='word_1_298' title='bbox 701 3763 806 3877; x_wconf 56' lang='lat' dir='ltr'>quibus]</span> <span class='ocrx_word' id='word_1_299' title='bbox 812 3764 908 3828; x_wconf 90' lang='lat' dir='ltr'>qulbus</span> <span class='ocrx_word' id='word_1_300' title='bbox 921 3762 1015 3813; x_wconf 84' lang='grc' dir='ltr'>Α...Βο</span> <span class='ocrx_word' id='word_1_301' title='bbox 1027 3764 1065 3813; x_wconf 87' lang='lat' dir='ltr'>ed.</span> <span class='ocrx_word' id='word_1_302' title='bbox 1096 3779 1114 3814; x_wconf 93' lang='lat' dir='ltr'>r.</span> <span class='ocrx_word' id='word_1_303' title='bbox 1153 3746 1156 3752; x_wconf 51' lang='grc'><strong>’</strong></span> <span class='ocrx_word' id='word_1_304' title='bbox 1201 3761 1314 3813; x_wconf 74' lang='lat' dir='ltr'>&#39;nostra</span> 
     </span>
    </p>
   </div>
   <div class='ocr_carea' id='block_1_4' title="bbox 275 3827 1331 4155">
    <p class='ocr_par' dir='ltr' id='par_1_4' title="bbox 276 3827 1315 3893">
     <span class='ocr_line' id='line_1_35' title="bbox 276 3827 1315 3893; baseline 0.004 -18"><span class='ocrx_word' id='word_1_305' title='bbox 276 3827 369 3877; x_wconf 85' lang='lat' dir='ltr'>A.B.C</span> <span class='ocrx_word' id='word_1_306' title='bbox 453 3827 668 3893; x_wconf 82' lang='lat' dir='ltr'>¹quae]quod,.C</span> <span class='ocrx_word' id='word_1_307' title='bbox 750 3830 759 3857; x_wconf 82' lang='lat'>⁵</span> <span class='ocrx_word' id='word_1_308' title='bbox 775 3829 937 3904; x_wconf 84' lang='lat' dir='ltr'>aiqua]alia,</span> <span class='ocrx_word' id='word_1_309' title='bbox 949 3830 1043 3880; x_wconf 85' lang='lat' dir='ltr'>AB..C</span> <span class='ocrx_word' id='word_1_310' title='bbox 1089 3844 1143 3893; x_wconf 88' lang='lat' dir='ltr'>.pr.</span> <span class='ocrx_word' id='word_1_311' title='bbox 1227 3829 1315 3879; x_wconf 85' lang='lat' dir='ltr'>‘illud</span> 
     </span>
    </p>

    <p class='ocr_par' dir='ltr' id='par_1_5' title="bbox 276 3891 1329 3959">
     <span class='ocr_line' id='line_1_36' title="bbox 276 3891 1329 3959; baseline 0.001 -18"><span class='ocrx_word' id='word_1_312' title='bbox 276 3908 338 3953; x_wconf 75' lang='lat' dir='ltr'>mea,</span> <span class='ocrx_word' id='word_1_313' title='bbox 356 3891 429 3949; x_wconf 84' lang='lat' dir='ltr'>istud,</span> <span class='ocrx_word' id='word_1_314' title='bbox 448 3893 480 3942; x_wconf 93' lang='lat' dir='ltr'>D.</span> <span class='ocrx_word' id='word_1_315' title='bbox 617 3893 737 3958; x_wconf 85' lang='lat' dir='ltr'>¹Deum]</span> <span class='ocrx_word' id='word_1_316' title='bbox 756 3895 855 3951; x_wconf 89' lang='lat' dir='ltr'>omittit,</span> <span class='ocrx_word' id='word_1_317' title='bbox 872 3895 910 3943; x_wconf 88' lang='lat' dir='ltr'>ed.</span> <span class='ocrx_word' id='word_1_318' title='bbox 928 3910 965 3959; x_wconf 89' lang='lat' dir='ltr'>pr.</span> <span class='ocrx_word' id='word_1_319' title='bbox 1080 3893 1177 3958; x_wconf 84' lang='lat' dir='ltr'>¹tunc]</span> <span class='ocrx_word' id='word_1_320' title='bbox 1196 3909 1247 3945; x_wconf 91' lang='lat' dir='ltr'>om.</span> <span class='ocrx_word' id='word_1_321' title='bbox 1265 3894 1329 3944; x_wconf 85' lang='grc' dir='ltr'>ΑΒ.</span> 
     </span>
    </p>

    <p class='ocr_par' dir='ltr' id='par_1_6' title="bbox 275 3957 1330 4022">
     <span class='ocr_line' id='line_1_37' title="bbox 275 3957 1330 4022; baseline 0.003 -16.076"><span class='ocrx_word' id='word_1_322' title='bbox 275 3957 424 4007; x_wconf 79' lang='lat' dir='ltr'>&#39;infinitum</span> <span class='ocrx_word' id='word_1_323' title='bbox 447 3958 558 4015; x_wconf 88' lang='lat' dir='ltr'>dicimus,</span> <span class='ocrx_word' id='word_1_324' title='bbox 581 3964 618 4007; x_wconf 79' lang='lat' dir='ltr'>est</span> <span class='ocrx_word' id='word_1_325' title='bbox 642 3958 791 4022; x_wconf 89' lang='lat' dir='ltr'>resolubilis]</span> <span class='ocrx_word' id='word_1_326' title='bbox 812 3974 887 4008; x_wconf 85' lang='lat' dir='ltr'>vocas</span> <span class='ocrx_word' id='word_1_327' title='bbox 909 3959 1038 4015; x_wconf 84' lang='lat' dir='ltr'>inlinitum,</span> <span class='ocrx_word' id='word_1_328' title='bbox 1061 3959 1165 4008; x_wconf 89' lang='lat' dir='ltr'>dicimus</span> <span class='ocrx_word' id='word_1_329' title='bbox 1188 3975 1242 4008; x_wconf 81' lang='lat' dir='ltr'>esse</span> <span class='ocrx_word' id='word_1_330' title='bbox 1265 3975 1330 4017; x_wconf 85' lang='lat' dir='ltr'>reso-</span> 
     </span>
    </p>

    <p class='ocr_par' dir='ltr' id='par_1_7' title="bbox 275 3995 1331 4140">
     <span class='ocr_line' id='line_1_38' title="bbox 275 3995 1331 4138; baseline 0.004 -67"><span class='ocrx_word' id='word_1_331' title='bbox 275 4021 384 4080; x_wconf 88' lang='lat' dir='ltr'>lubilem,</span> <span class='ocrx_word' id='word_1_332' title='bbox 402 4024 511 4080; x_wconf 80' lang='lat' dir='ltr'>A...;BC</span> <span class='ocrx_word' id='word_1_333' title='bbox 536 3995 658 4072; x_wconf 82' lang='lat' dir='ltr'>irlfrnitum</span> <span class='ocrx_word' id='word_1_334' title='bbox 676 4024 779 4072; x_wconf 89' lang='lat' dir='ltr'>dicimus</span> <span class='ocrx_word' id='word_1_335' title='bbox 795 4039 848 4073; x_wconf 87' lang='lat' dir='ltr'>esse</span> <span class='ocrx_word' id='word_1_336' title='bbox 865 4025 1030 4080; x_wconf 88' lang='lat' dir='ltr'>resolubilem,</span> <span class='ocrx_word' id='word_1_337' title='bbox 1047 4024 1128 4073; x_wconf 90' lang='lat' dir='ltr'>ed.r</span> <span class='ocrx_word' id='word_1_338' title='bbox 1080 4040 1135 4138; x_wconf 43' lang='grc' dir='ltr'>,ἐξ</span> <span class='ocrx_word' id='word_1_339' title='bbox 1213 4025 1233 4053; x_wconf 80' lang='lat'>¹⁰</span> <span class='ocrx_word' id='word_1_340' title='bbox 1249 4023 1331 4100; x_wconf 82' lang='lat' dir='ltr'>et]et</span> 
     </span>
     <span class='ocr_line' id='line_1_39' title="bbox 1133 4087 1239 4155; baseline -0.009 -15"><span class='ocrx_word' id='word_1_341' title='bbox 1133 4087 1198 4155; x_wconf 86' lang='lat' dir='ltr'>tum]</span> <span class='ocrx_word' id='word_1_342' title='bbox 1186 4087 1239 4155; x_wconf 90' lang='lat' dir='ltr'>]in</span> 
     </span>
    </p>
   </div>
   <div class='ocr_carea' id='block_1_5' title="bbox 275 4023 1332 4218">
    <p class='ocr_par' dir='ltr' id='par_1_8' title="bbox 275 4023 1332 4218">
     <span class='ocr_line' id='line_1_40' title="bbox 275 4023 1332 4202; baseline 0.004 -65"><span class='ocrx_word' id='word_1_343' title='bbox 275 4088 318 4202; x_wconf 63' lang='lat' dir='ltr'>{idq</span> <span class='ocrx_word' id='word_1_344' title='bbox 331 4088 363 4139; x_wconf 89' lang='lat' dir='ltr'>D.</span> <span class='ocrx_word' id='word_1_345' title='bbox 455 4089 472 4119; x_wconf 93' lang='lat'>¹¹</span> <span class='ocrx_word' id='word_1_346' title='bbox 490 4060 609 4154; x_wconf 76' lang='lat' dir='ltr'>plimum]</span> <span class='ocrx_word' id='word_1_347' title='bbox 622 4088 726 4145; x_wconf 81' lang='lat' dir='ltr'>finitum,</span> <span class='ocrx_word' id='word_1_348' title='bbox 738 4089 830 4139; x_wconf 81' lang='grc' dir='ltr'>Α...Βο</span> <span class='ocrx_word' id='word_1_349' title='bbox 842 4089 880 4139; x_wconf 84' lang='lat' dir='ltr'>ed</span> <span class='ocrx_word' id='word_1_350' title='bbox 893 4105 929 4156; x_wconf 90' lang='lat' dir='ltr'>pr.</span> <span class='ocrx_word' id='word_1_351' title='bbox 1028 4089 1069 4119; x_wconf 88' lang='lat'>¹¹</span> <span class='ocrx_word' id='word_1_352' title='bbox 1063 4105 1089 4139; x_wconf 88' lang='lat' dir='ltr'>m</span> <span class='ocrx_word' id='word_1_353' title='bbox 1240 4023 1332 4151; x_wconf 64' lang='lat' dir='ltr'>finitas,</span> 
     </span>
     <span class='ocr_line' id='line_1_41' title="bbox 326 4169 362 4218; baseline 0 -16"><span class='ocrx_word' id='word_1_354' title='bbox 326 4169 362 4218; x_wconf 92' lang='lat' dir='ltr'>pr.</span> 
     </span>
    </p>
   </div>
   <div class='ocr_carea' id='block_1_6' title="bbox 0 0 1458 4836">
    <p class='ocr_par' dir='ltr' id='par_1_9' title="bbox 0 0 1458 4836">
     <span class='ocr_line' id='line_1_42' title="bbox 0 0 1458 4836; baseline 0 0"><span class='ocrx_word' id='word_1_355' title='bbox 0 0 1458 4836; x_wconf 95' lang='lat' dir='ltr'> </span> 
     </span>
    </p>
   </div>
  </div>
 </body>
</html>
