2864 4836
139 455 226 495 cene
503 437 845 502 TRIALOGUS.

143 598 237 660 fioe¹i
264 618 333 660 cum
347 619 439 678 penes
453 601 669 662 distinctionem
688 621 785 662 rerum
805 602 1036 663 sacramentalis¹
1050 601 1195 661 distinctio

140 707 244 774 potest
266 699 341 774 capi,
364 700 425 758 imo
449 700 582 777 ejusdem
607 701 780 761 sacramenti
804 702 835 760 in
859 702 956 778 specie
981 711 1025 760 est
1049 700 1195 759 distinctio

139 795 306 873 specifica⁸,
329 807 449 874 propter
472 799 706 857 convenientiam
730 801 839 876 signati
862 809 891 858 et
916 799 1195 858 disconvenientiam

140 894 228 970 signi.
271 893 405 955 Similiter
422 895 600 972 praedicatio
619 897 697 955 verbi
716 898 870 974 apostolici
887 898 998 957 videtur
1016 915 1081 956 esse
1100 915 1195 956 sacra-

141 1000 277 1051 mentum
296 994 459 1052 secundum
478 994 704 1070 descriptionem
719 996 906 1071 praedictam,
926 1013 963 1054 eo
982 995 1064 1072 quod
1077 1004 1122 1053 est
1136 994 1195 1070 sig·

141 1107 218 1149 num
239 1092 398 1150 sanctitatis
422 1092 572 1163 auditorii;
605 1102 634 1151 et
658 1088 881 1168 itasignanter⁴
904 1093 1013 1153 infide
1038 1093 1196 1169 scripturae

139 1189 303 1266 injungitur
328 1191 402 1249 sicut
422 1192 592 1250 exercitium
612 1192 729 1250 alterius
749 1193 931 1261 sacramenti,
953 1209 1030 1261 curn,
1050 1189 1195 1267 Johannis

140 1287 257 1358 ultimo,
271 1288 326 1346 sub
339 1289 463 1347 obtentu
478 1288 595 1366 triplicis
609 1291 717 1348 amoris
729 1288 836 1348 Christi
850 1301 950 1365 pastus
965 1289 1064 1347 ovium
1078 1304 1196 1345 suarum

139 1386 297 1446 tenerrime
311 1395 357 1445 est
369 1387 548 1464 injunctus⁸3
568 1405 658 1464 quare
668 1405 741 1463 ergo
755 1404 817 1445 non
832 1396 876 1446 est
889 1387 944 1444 ista
954 1385 1075 1443 verbalis
1086 1384 1196 1460 pastio·

141 1486 380 1544 sacramentum?
408 1487 551 1562 numquid
565 1487 602 1544 sit
615 1505 704 1545 causa
717 1486 873 1555 sufficiens,
887 1485 969 1561 quod
988 1483 1073 1542 infert
1088 1483 1194 1542 sollici-

139 1581 275 1640 tudinem
286 1584 444 1659 praepositi
459 1594 488 1643 et
501 1602 562 1643 non
576 1584 708 1644 lucrum?
738 1583 820 1643 Mille
835 1595 931 1643 autem
946 1593 1013 1641 sunt
1023 1582 1091 1641 talia
1105 1582 1196 1640 sensi-

141 1679 214 1738 bilia
226 1681 312 1756 signa
325 1683 356 1739 in
370 1681 520 1757 scriptura,
531 1700 608 1758 quae
622 1682 731 1741 habent
744 1692 855 1740 tantam
869 1681 1011 1739 rationem
1027 1678 1197 1739 sacramenti

140 1778 219 1839 n'cut
238 1777 348 1838 habent
370 1782 563 1840 communiter
583 1783 639 1842 ista
663 1792 785 1857 septem.
828 1779 963 1838 Similiter
983 1789 1197 1838 sacramentum

140 1876 343 1948 eucharistiae,
358 1878 439 1954 quod
453 1889 498 1938 est
511 1881 631 1956 majoris
652 1879 773 1938 honoris
794 1880 869 1937 inter
889 1888 986 1937 cetera
1007 1886 1197 1943 sacramenta,

140 1974 258 2034 videtur
271 1974 359 2034 dividi
373 1976 403 2033 in
418 1975 491 2035 duas
505 1979 627 2053 species,
643 1977 750 2036 scilicet
767 1978 798 2035 in
816 1986 1031 2036 sacramentum
1050 1975 1134 2050 panis
1154 1973 1199 2031 et⁷

140 2084 360 2133 sacramentum
380 2075 446 2133 vini
489 2074 609 2134 Certum
634 2076 754 2153 quidem
776 2085 830 2145 est,
852 2074 934 2151 quod
947 2075 1011 2150 ipsa
1035 2073 1066 2131 in
1088 2072 1198 2131 naturis

141 2170 205 2230 suis
217 2170 367 2248 specifioe'
380 2182 449 2231 sunt
462 2172 604 2244 distincta,
616 2184 645 2232 et
659 2183 801 2251 quantum
815 2173 853 2232 ad
868 2173 1009 2231 rationem
1024 2171 1198 2230 sacramenti

142 2268 192 2328 vel
212 2270 297 2346 signi,
317 2288 385 2328 cunr
406 2272 532 2346 primum
555 2272 661 2331 directe
683 2272 827 2348 significat
847 2287 955 2347 corpus
977 2267 1084 2328 Christi
1104 2279 1133 2327 et
1154 2286 1199 2327 se·

142 2368 276 2428 cundum
300 2369 364 2445 ejus
386 2371 567 2446 sanguinem.
609 2370 741 2441 Videtur,
764 2365 848 2428 cum⁹
868 2369 1016 2428 distinctio
1038 2366 1200 2444 specifica¹⁰

142 2467 308 2544 signorum,
330 2467 504 2543 inquantum
525 2467 703 2545 hujusmodi,
725 2469 837 2544 capitur
858 2486 876 2525 a
897 2467 1083 2525 distinctione
1105 2465 1200 2540 speci·

142 2562 228 2624 lim¹⁰
241 2565 429 2640 signatorum,
444 2565 525 2641 quod
539 2565 612 2624 haec
627 2566 686 2624 duo
702 2576 769 2623 sunt
780 2565 916 2623 distincta
930 2563 1065 2638 specifice
1072 2561 1093 2594 ¹¹
1105 2580 1200 2622 sacra-

143 2674 263 2734 menta;
284 2680 347 2721 non
361 2664 440 2721 enim
455 2662 615 2739 subterfugi
626 2674 723 2740 potest
736 2665 807 2740 quin
819 2672 974 2738 utrumque
985 2661 1109 2720 istorum
1120 2678 1200 2719 seor·

143 2777 213 2822 eum
227 2761 356 2838 positum
371 2761 408 2818 sit
422 2760 534 2819 realiter
549 2772 772 2820 sacramentum.

186 2857 353 2917 Phrorusis.
400 2856 551 2929 Quantum
580 2858 618 2917 ad
645 2860 730 2917 istam
759 2859 911 2917 materiam
940 2858 977 2917 de
1006 2859 1107 2935 signis,
1136 2875 1201 2916 sum

144 2972 260 3034 pauper
273 2957 373 3014 animo
380 2955 410 3027 ¹¹,
426 2973 493 3014 cum
508 2974 660 3032 cognosco
679 2957 761 3033 quod
774 2957 865 3016 multa
879 2957 956 3014 dicta
970 2957 1000 3013 in
1015 2957 1070 3014 ista
1084 2957 1204 3014 materia

144 3052 256 3112 habent
269 3053 357 3112 nimis
371 3053 465 3112 debile
484 3053 716 3126 fundamentum,
730 3065 759 3113 et
773 3065 892 3131 propter
912 3055 1152 3131 aggregationem
1167 3071 1202 3112 ac

143 3152 356 3211 institutionem
378 3153 409 3210 in
432 3153 563 3210 terminis
587 3153 702 3212 difficile
722 3165 767 3212 est
787 3154 972 3230 loquentibus
997 3152 1103 3211 habere
1125 3154 1201 3211 viam

143 3249 375 3327 impugnabilem
390 3251 524 3309 veritatis.
571 3250 645 3311 Ideo
659 3251 755 3310 dicam
775 3252 825 3309 tibi
845 3251 998 3326 inprimis,
1013 3249 1084 3326 quid
1106 3252 1201 3309 sentio

143 3347 183 3408 de
196 3347 355 3425 quidditate
368 3358 398 3406 et
409 3349 612 3407 convenientia
625 3350 806 3408 sacramenti
850 3348 923 3405 Non
937 3348 1016 3405 enim
1027 3347 1113 3405 video
1128 3347 1200 3421 quin

143 3445 290 3523 quaelibet
311 3456 442 3504 creatura
462 3446 605 3506 sensibilis
627 3448 663 3505 sit
677 3446 789 3504 realiter
811 3454 1036 3514 sacramentnm,
1051 3445 1120 3519 quia
1140 3445 1200 3519 sigz

143 3560 218 3607 nnm
242 3561 261 3600 a
282 3542 348 3601 Deo
373 3544 533 3604 institutum
553 3555 584 3603 ut
606 3562 667 3601 rem
689 3560 803 3600 sacram
824 3541 1022 3600 insensibilem
1044 3542 1199 3618 significet,

142 3639 310 3718 cujusmodi
324 3641 552 3712 sunt‚creator¹³,
567 3641 676 3700 creatio
690 3651 719 3698 et
732 3641 826 3717 gratia
839 3640 985 3702 creatoris.
1029 3639 1093 3699 Nec
1110 3640 1200 3699 didici

179 3828 331 3906 ¹specitice]
343 3830 480 3896 speeivoce,
492 3829 531 3879 ed
543 3845 580 3895 pr.
694 3829 704 3858 1
719 3829 903 3882 distinctionem
914 3845 995 3880 rerum
1004 3827 1200 3892 samamentalis]

145 3893 318 3946 distinctiones
331 3912 411 3946 rerum
422 3894 645 3951 sacramentalium,
657 3894 751 3945 Amne.
762 3895 802 3944 ed.
813 3910 850 3960 pr.
959 3896 997 3943 ’s
1045 3893 1110 3971 'hca]
1123 3893 1200 3957 speci·

143 3960 316 4026 vomedpr.
382 3961 392 3989 1
408 3959 578 4026 srgrmntersr
615 3959 851 4035 '.iicantered.pr'
900 3959 910 3987 1
926 3959 1001 4024 ci
1021 3960 1200 4021 .xxi.r5-17.

145 4024 533 4102 'ieta-pestio]iste-pestus‚
545 3976 638 4076 ΑΒΝ.
731 4025 795 4088 let]
808 4024 878 4079 etin,
891 4023 919 4072 B.
931 3959 984 4073 ed.J
983 4040 1019 4088 pr
1097 4023 1200 4100 'speci-

147 4087 206 4153 fice]
219 4091 356 4155 specivooe,
367 4090 406 4140 ed.
418 4107 456 4156 pr.
521 4091 617 4155 'cum]
606 4091 720 4155 ]tamen,
732 4087 772 4140 ed.
785 4105 823 4159 pr
889 4090 908 4120 ¹⁰
924 4087 1050 4153 specifice]
1063 4089 1199 4153 specivoca,

147 4155 186 4205 ed
199 4170 236 4219 pr.
332 4155 492 4221 ¹¹specifioe]
505 4156 641 4222 specivooe,
651 4156 690 4205 ed
703 4171 740 4225 pr.
840 4155 858 4185 ¹¹
874 4155 970 4218 animo]
982 4155 1093 4211 omnino,
1105 4155 1137 4203 Α.
1140 4155 1199 4205 B..C

146 4219 164 4249 ¹⁸
180 4220 289 4285 creator]
301 4229 398 4271 creator
408 4229 442 4277 et,
452 4221 491 4270 ed.
503 4237 539 4285 pr

1277 451 1341 520 245

1230 616 1357 652 &muneri

1229 704 1269 732 tent
1229 663 1368 772 mumm-

1229 779 1346 822 nudarunt.
