2864 4836
135 469 234 511 caan
501 447 841 508 TRIALOGUS.

136 606 180 669 de
204 608 362 667 amissione
388 608 489 683 sponsi
513 608 668 667 ecclesiae¹
691 609 777 685 plene
803 610 890 669 dolet
936 609 1000 668 Nec
1023 618 1068 668 est
1089 608 1198 667 doloris

138 705 288 783 quantitas
307 693 484 765 att'endenda
503 723 594 781 penes
614 707 811 766 intensionem
830 706 1027 778 solummodo,
1043 707 1087 765 vel
1103 708 1199 765 solum

140 819 239 880 penes
253 805 457 860 extensionem
470 803 620 878 temporis,
635 801 688 861 sed
702 813 819 880 oportet
832 802 871 860 ad
884 803 940 862 ista
956 803 1017 861 duo
1032 812 1060 862 et
1075 802 1200 860 modurn’

140 899 253 958 dolendi
273 899 359 958 simul
383 900 541 958 attendere.
584 898 630 958 Ex
655 901 761 976 quibus
781 901 901 970 videtin,
922 899 1020 976 qu0d⁸
1040 917 1129 976 quam
1150 899 1200 958 diu

140 1013 245 1056 sumus
258 997 289 1055 iu
304 997 357 1067 via,
371 1005 488 1071 oportet
501 996 609 1055 habere
622 997 755 1056 dolorem
774 997 886 1074 peccati
900 998 931 1055 in
950 1007 1017 1056 actu
1031 998 1075 1056 vel
1091 996 1200 1067 habitu,

142 1112 215 1156 cum
228 1094 361 1154 dolorem
376 1112 430 1170 pro
444 1095 654 1170 temporalibus
674 1095 894 1154 continuamus⁴
912 1113 965 1171 per
979 1105 1095 1171 tempus
1113 1104 1198 1152 nota-

141 1190 211 1251 bile.
253 1191 299 1250 Ex
320 1192 382 1250 istis
403 1193 490 1250 etiam
512 1191 624 1250 videtur
642 1193 768 1263 ulterius,
783 1192 863 1268 quod
883 1209 950 1250 vere
972 1193 1111 1250 contritus
1132 1209 1201 1267 pec·

142 1298 243 1349 catum
264 1290 451 1365 praeteritum
472 1289 576 1347 iterum
598 1306 660 1347 non
681 1290 843 1360 committit,
863 1290 940 1364 quia,
955 1290 979 1347 si
999 1289 1200 1358 committeret,

142 1387 334 1463 quantitatem
355 1386 466 1444 doloris
487 1385 575 1444 debiti
590 1387 634 1444 vel
655 1388 802 1445 extensive
822 1385 865 1443 vel
887 1386 1028 1444 intensive
1050 1386 1201 1443 amitteret.

141 1483 184 1542 Et
198 1484 239 1542 sic
252 1501 318 1541 vere
333 1482 432 1541 dicunt
447 1481 592 1554 doctores,
604 1482 685 1560 quod
698 1484 849 1560 poenitere
863 1493 907 1541 est
917 1492 1039 1558 peccata
1049 1483 1201 1558 praeterita

143 1580 285 1658 plangere
312 1590 342 1638 et
366 1580 548 1657 plangenda¹
573 1582 675 1638 iterum
698 1598 759 1639 non
782 1581 972 1638 committere.
1013 1579 1052 1637 Et
1078 1597 1115 1638 ex
1140 1578 1200 1638 istis

142 1677 257 1735 videtur
280 1675 408 1747 ulten'us,
429 1677 510 1752 quod
536 1677 631 1734 solum
654 1677 887 1753 praedestinatus
911 1677 947 1734 de
968 1677 1096 1751 peccatis
1117 1694 1199 1751 prae-

142 1775 235 1833 teritis
259 1783 302 1832 est
325 1775 481 1844 contritus;
514 1775 672 1849 praescitus
697 1775 775 1832 enim
800 1773 1039 1848 interrumpendo
1067 1773 1199 1831 dolorem

144 1872 234 1932 docet
258 1889 319 1929 non
343 1871 446 1930 adesse
472 1873 684 1931 contritionem.
727 1872 764 1929 Et
789 1890 825 1930 ex
851 1873 911 1929 istis
936 1872 1047 1929 videtur
1071 1872 1198 1941 ulterius,

145 1968 229 2047 quod
243 1970 316 2027 sicut
336 1986 414 2046 papa
434 1980 463 2027 et
484 1969 658 2028 confitentes
679 1970 765 2028 ceteri
785 1970 919 2044 ignorant
934 1969 1100 2044 qualitatem
1115 1987 1199 2045 prae·

145 2067 212 2126 sciti
232 2067 276 2124 vel
297 2067 511 2142 praedestinati,
533 2067 574 2126 sic
595 2069 740 2142 ignorant,
762 2068 811 2143 qui
833 2066 968 2125 homines
988 2077 1055 2125 sunt
1076 2068 1198 2127 contriti.

145 2163 185 2223 Et
194 2182 230 2221 ex
241 2164 303 2222 istis
311 2173 390 2239 patet
400 2163 526 2232 ulterius,
536 2163 616 2240 quod
626 2162 792 2222 Luciferina
802 2163 876 2222 soret
887 2165 1093 2240 praesumptio,
1105 2164 1199 2223 homi·

145 2278 201 2320 nes
215 2260 381 2319 adinvenire
397 2261 507 2318 noviter
522 2263 584 2319 sine
599 2260 778 2331 fundatione,
793 2262 875 2337 quod
894 2261 972 2321 hunc
987 2263 1030 2321 vel
1049 2262 1129 2321 illum
1148 2281 1201 2339 per

145 2355 364 2435 impositionem
385 2376 525 2420 manuum
547 2360 635 2434 capiti
657 2358 824 2417 absolvunt⁸
844 2360 1010 2435 simpliciter
1031 2379 1049 2418 a
1069 2370 1199 2436 peccato.

146 2457 239 2529 Quid,
261 2474 343 2533 rog0‚
356 2456 423 2516 sacit
443 2457 500 2515 hoc
523 2457 638 2533 signum
661 2457 804 2521 sensibile,
824 2456 901 2515 bulla
922 2475 989 2514 curn
1010 2457 1141 2534 plumbo,
1156 2457 1200 2516 vel

146 2555 228 2614 datio
242 2556 392 2630 pecuniae,
408 2556 446 2613 ad
461 2555 666 2613 contritionem
682 2555 770 2612 animi
790 2555 971 2629 peccatoris?
1007 2555 1120 2612 Revera
1139 2573 1200 2613 non

146 2652 215 2731 plus
242 2652 309 2710 facit
337 2654 375 2711 ad
403 2652 580 2711 deletionem
608 2652 729 2727 peccati,
758 2670 847 2727 quarn
875 2651 913 2710 ad
942 2651 1200 2710 sanctificationem

146 2748 333 2828 peccatoris⁷.
376 2748 449 2807 Ideo
469 2748 540 2807 tales
560 2747 745 2807 confessores
763 2749 956 2806 communiter
975 2749 1155 2807 mendaciter
1169 2766 1200 2806 se

146 2849 230 2924 ipsos
254 2847 403 2922 decipiunt
427 2857 456 2904 et
480 2845 641 2904 confessos.
684 2846 722 2903 Et
747 2857 825 2921 patet
846 2846 927 2922 quod
949 2847 980 2904 in
1000 2845 1069 2922 spe¹
1090 2847 1199 2904 miseri-

147 2945 267 3004 cordiae
281 2942 351 3020 Jesu
365 2942 471 3001 Christi
492 2955 521 3001 et
543 2943 652 3002 doloris
673 2943 749 3001 finni
770 2961 804 3001 ac
826 2945 917 3002 sancti
939 2945 1089 3020 propositi,
1105 2953 1200 3019 potest

146 3044 240 3100 viator
254 3043 350 3117 topice
365 3059 469 3117 capere
483 3041 513 3098 in
528 3059 560 3099 se
574 3041 646 3116 ipsu,
663 3038 744 3116 quod
758 3051 911 3116 peccatum
930 3059 1015 3099 suurn
1030 3041 1140 3100 deletur
1156 3041 1199 3098 vel

147 3139 231 3216 quod
244 3140 274 3197 in
288 3138 387 3197 animo
402 3139 438 3196 sit
453 3138 602 3196 contritus.

191 3235 317 3295 Ulterius
331 3246 472 3320 quantum
491 3235 529 3293 ad
549 3234 751 3311 quaestiones⁹
765 3234 914 3293 ulteriores
933 3235 1051 3293 firmiter
1065 3234 1158 3294 tene¹⁰
1171 3245 1200 3293 et
1232 3250 1389 3325 {impigrae

148 3331 313 3391 nullatenus
334 3331 458 3402 dubites,
480 3332 550 3407 quin
572 3333 643 3390 istae
665 3341 761 3390 sectae
783 3330 912 3389 novellae
933 3343 1056 3407 peccant
1076 3333 1200 3408 graviter
1232 3331 1390 3413 {mamm

149 3439 253 3489 contra
263 3426 411 3487 Christum
422 3429 453 3487 in
463 3427 521 3487 hoc
533 3429 614 3504 quod
626 3428 838 3487 ordinationem
850 3429 912 3504 ejus
926 3439 1116 3488 contemnunt
1131 3440 1159 3487 et
1169 3429 1199 3487 in
1232 3412 1352 3524 ἓῖὦῗὲῗή

148 3527 334 3587 ordinatione
348 3544 401 3585 sua
415 3526 515 3585 frivola
529 3527 595 3602 plus
605 3525 818 3585 delectantur¹¹.
855 3524 941 3584 Unde
956 3526 1075 3602 provide
1088 3527 1201 3584 videtur
1233 3491 1381 3604 ffffissfssw

148 3643 184 3685 ac
206 3626 231 3684 si
244 3626 508 3702 praevaricarentur
522 3625 553 3682 in
575 3624 672 3700 aliquo
693 3624 832 3683 mandato
854 3623 994 3700 decalogi,
1009 3636 1038 3682 et
1058 3625 1200 3701 praevari-
1234 3581 1290 3614 mm
1303 3581 1348 3614 rere

1234 3617 1317 3654 pectunt

184 3811 192 3840 ¹
210 3808 241 3859 ci.
259 3809 350 3859 Matib.
363 3809 395 3859 ix.
410 3822 447 3874 15.
513 3809 523 3838 ¹
539 3818 564 3860 et
575 3810 689 3941 moduml]
702 3811 728 3860 in
740 3811 823 3867 modo,
836 3811 928 3860 A.B.C.
941 3811 979 3860 ed.
991 3827 1027 3876 pr.
1096 3811 1106 3839 ¹
1122 3811 1200 3875 quod]

150 3890 202 3924 om.
212 3873 306 3924 A.B.C.
317 3875 356 3925 ed.
366 3890 403 3939 pr.
471 3873 480 3904 ¹
497 3875 669 3925 continuamus
694 3877 857 3932 continemus,
869 3876 961 3926 A.B.C.
974 3875 1096 3925 semmdae
1107 3892 1201 3924 manus.

148 3939 159 3968 ¹
177 3939 330 4004 plangmda]
342 3939 451 4004 plancta,
464 3940 526 3989 AB.
538 3941 640 4005 primae,
652 3942 682 3990 C.
694 3957 788 3990 manus.
857 3941 868 3970 ⁸
884 3941 1027 4004 absolvunt]
1039 3940 1202 3994 absolverent,

150 4004 246 4054 ΑΒΕ.
257 4005 297 4053 ed.
308 4020 346 4069 pr.
491 4003 502 4032 ¹
518 4006 773 4070 quam-peccatoris]
786 4022 836 4056 orn.
849 4006 942 4055 A.B.C.
954 4006 992 4055 ed.
1024 4022 1056 4062 r.;
1074 4005 1156 4060 babet.
1169 4006 1202 4053 l).
1219 4010 1221 4056 l

149 4069 277 4119 secundae
287 4085 383 4119 manus.
482 4070 564 4134 'spe]
577 4085 654 4134 spem,
666 4071 705 4120 ed.
717 4087 754 4135 pr.
820 4072 1001 4134 ¹quaestiones
1025 4071 1203 4124 conclusiones,

151 4134 248 4183 ΑΒΕ.
259 4134 298 4183 ed.
310 4149 347 4198 pr.
447 4136 466 4165 ¹⁰
484 4137 549 4198 leue]
561 4136 641 4189 crede.
653 4135 715 4184 AB.
728 4135 849 4186 secundae
860 4151 954 4190 manus,
967 4137 996 4185 C.
1090 4137 1108 4167 ¹¹
1125 4135 1202 4186 delec-

151 4198 249 4262 tantur]
260 4199 391 4257 delectant,
404 4200 436 4249 D.
448 4199 486 4250 ed.
498 4215 535 4264 pr.
