2864 4836
96 461 187 504 casm
456 441 797 503 TRIALOGUS.
1228 472 1291 542 395

97 599 181 675 qnod
195 617 320 677 corpora
338 601 424 660 beata
437 620 469 662 se
488 602 657 662 lacerabunt
675 604 714 662 ad
728 603 851 662 invicem
865 602 909 660 vel
929 601 1148 679 corrumpent¹;

97 706 129 754 et
142 714 210 756 cum
222 717 283 757 non
297 699 355 758 sint
368 700 567 760 dimensiones
580 701 747 761 immobiles
762 699 815 760 sed
829 702 1020 777 proprietates
1034 701 1151 758 innatae

96 793 154 854 illis
181 798 354 873 corporibus
380 799 566 872 naturalibus,
592 808 672 875 patet
699 817 736 857 ex
764 797 833 857 hinc
862 816 924 856 non
951 798 1042 875 sequi,
1067 797 1149 874 quod

98 893 298 955 dimensiones
317 899 511 973 penetrabunt
525 916 565 967 se,
580 898 626 957 vel
640 898 721 973 quod
735 908 820 955 erunt
839 915 964 973 corpora
983 907 1150 955 coextensa.

99 990 234 1069 Corpora
247 996 327 1053 enim
340 995 468 1071 gloriosa
481 995 660 1055 secundum¹
673 993 868 1054 indivisibilia⁸
882 1012 946 1053 sese
960 995 1149 1070 penetrantia,

88 1088 207 1149 vbabent
227 1109 295 1151 suas
316 1093 515 1154 dimensiones
535 1103 564 1153 et
585 1094 651 1152 loca
671 1093 798 1170 propria,
821 1091 873 1152 sed
888 1092 1048 1150 commixta
1055 1109 1064 1163 ;
1098 1092 1151 1151 sed

98 1186 237 1248 diffusum
256 1199 408 1250 tractatum
428 1192 510 1250 istius
528 1191 661 1268 relinquo
679 1189 869 1267 philosophis.
911 1190 985 1249 Ideo
1004 1207 1067 1248 non
1084 1207 1150 1266 per-

97 1283 233 1358 mirerIs⁴,
258 1287 340 1363 quod
364 1288 446 1348 Deus
473 1289 594 1365 impedit
622 1290 653 1347 in
677 1289 847 1365 corporibus
872 1289 963 1347 beatis
988 1288 1082 1346 visum
1105 1288 1152 1347 vel

96 1384 243 1444 actionem
264 1386 391 1462 aliquam
412 1397 584 1463 perpetuam
603 1386 773 1456 naturalem,
795 1386 848 1444 sed
869 1395 949 1461 aptat
971 1386 1001 1443 in
1022 1386 1064 1444 eis
1085 1403 1150 1460 per-

96 1491 217 1559 petuam
235 1494 264 1542 et
283 1495 511 1543 consentaneam
529 1484 722 1543 harmoniam.
764 1483 829 1542 Nec
847 1484 991 1542 sententia
1003 1482 1154 1541 Ansbelmi

96 1581 235 1656 ponentis
248 1592 361 1657 septem
381 1581 465 1640 dotes
483 1583 615 1658 corporis
635 1565 772 1641 ilibeatis
786 1591 931 1658 repugnat
947 1579 1014 1640 huic
1035 1591 1151 1640 senten·
1180 1589 1183 1595 '

96 1679 154 1738 tiae
168 1675 222 1737 sed
236 1678 412 1750 concordat3
436 1690 548 1755 septem
563 1679 677 1739 autem¹
691 1679 775 1739 dotes
789 1679 930 1755 corporis,
941 1696 1015 1754 quas
1030 1678 1151 1737 duchel-

96 1790 159 1833 nuts
177 1775 284 1851 ponit⁸,
301 1776 394 1835 taliter
413 1777 606 1836 nominavit⁷:
628 1777 824 1853 pulchritudo,
839 1776 986 1846 velocitas,
1002 1776 1149 1836 fortitudo

95 1871 221 1944 libertas,
235 1874 351 1944 sanitas,
372 1874 515 1950 voluptas,
530 1886 560 1933 et
579 1875 766 1946 diuturnitas,
792 1885 822 1934 et
841 1875 941 1933 omnia
959 1875 1014 1934 ista
1032 1884 1157 1990 septem

95 1970 245 2029 declarat
236 1980 290 2030 rste
305 1972 408 2031 doctor
421 1974 518 2048 topice
533 1991 570 2031 ex
583 1973 641 2032 fide
655 1974 822 2050 scripturae.

136 2066 273 2127 Pstusn's.
314 2068 408 2146 Miror
430 2070 543 2145 qnod
535 2088 565 2128 m
588 2081 670 2130 tanta
690 2071 810 2129 materia
835 2071 903 2129 fidei
924 2070 1060 2129 doctores
1081 2080 1147 2128 sunt
1180 2084 1330 2162 933ἕὲοὲῗῶ

95 2166 152 2225 sibi
172 2167 242 2242 ipsis
262 2168 397 2226 contrarii
418 2167 463 2226 vel
483 2168 564 2226 aliter
586 2169 727 2227 diminuti
771 2167 863 2227 Miror
883 2169 971 2228 etiam
995 2167 1147 2244 quomodo

95 2264 174 2323 beati
196 2274 282 2323 erunt
303 2276 364 2323 tam
386 2266 476 2341 agiles
500 2266 539 2324 ad
563 2268 750 2337 movendum,
777 2286 845 2325 cum
869 2285 931 2325 non
955 2267 1008 2325 erit
1032 2278 1148 2342 tempus

95 2362 230 2439 amplius,
241 2373 272 2421 ut
287 2363 390 2422 dicitur
400 2363 524 2440 Apocal.
537 2383 564 2424 x.
599 2365 636 2424 Et
649 2367 740 2423 miror
750 2365 844 2435 tertio,
855 2365 1008 2441 quomodo
1023 2381 1148 2440 corpora

95 2461 181 2520 beata
194 2462 310 2537 possint
323 2464 433 2520 moveri
447 2463 552 2533 subit0,
568 2481 636 2521 cum
649 2461 707 2521 boc
720 2463 850 2538 implicat
868 2463 946 2520 idem
967 2480 1074 2537 corpus
1093 2479 1147 2538 pro

96 2559 203 2617 eodem
217 2560 334 2618 instanti
348 2577 412 2618 esse
431 2579 484 2636 per
498 2561 611 2619 diversa
629 2561 704 2618 loca
745 2559 811 2618 Imo
832 2568 956 2618 nonest
976 2559 1147 2636 fingendum

95 2657 146 2715 ubi
170 2657 230 2716 duo
253 2675 387 2734 corpora,
408 2676 484 2734 quae
505 2659 665 2734 inciperent
686 2658 797 2743 moveri
823 2658 921 2716 subito
947 2676 998 2734 per
1023 2656 1147 2715 eandem

95 2751 218 2813 lineam¹
241 2773 260 2813 a
282 2755 366 2814 coelo
388 2756 427 2814 ad
451 2766 556 2816 terram
577 2767 606 2814 et
627 2775 645 2815 a
666 2767 741 2814 terra
765 2756 802 2814 ad
824 2756 947 2826 coelum,
970 2757 1024 2815 sibi
1044 2765 1147 2815 mutuo

95 2851 264 2910 obviabunt.
307 2852 424 2911 Instans
448 2854 528 2911 enim
555 2855 696 2930 objective
722 2872 783 2912 non
812 2855 866 2912 erit
890 2855 1056 2913 immediate
1081 2866 1148 2930 post

95 2949 292 3025 inceptionem
313 2962 421 3021 motus,
441 2952 510 3026 quia
531 2963 601 3010 tunc
622 2970 683 3010 non
704 2953 784 3028 prius
806 2951 880 3010 foret
902 2970 1008 3028 corpus
1029 2953 1059 3010 in
1080 2952 1147 3011 loco
1219 2938 1221 2942 Α

95 3048 295 3123 propinquiori
309 3066 400 3124 quam
414 3050 444 3107 in
459 3049 516 3107 alio
531 3050 596 3125 plus
612 3050 737 3108 distanti.

136 3143 299 3203 Phrenesis.
342 3145 438 3205 Video
452 3148 532 3222 qnod
547 3149 598 3205 tibi
613 3147 750 3206 deficiunt
765 3147 925 3205 evidentiae
945 3157 1047 3205 contra
1063 3165 1147 3222 prae·
1180 3175 1228 3199 acu
1243 3175 1267 3199 un
1277 3176 1305 3202 ur.

95 3242 181 3314 dicta,
195 3245 248 3303 sed
269 3261 370 3303 moves
393 3262 469 3303 nova
490 3245 586 3313 dubia,
608 3263 682 3320 quae
703 3262 739 3302 ex
761 3244 935 3318 quibusdam
957 3244 1050 3302 verbis
1069 3243 1146 3301 Ans·

94 3341 182 3398 helnn'
199 3342 298 3418 potes⁹
320 3343 439 3414 elicere;
472 3343 524 3401 sed
545 3361 638 3401 unum
658 3342 743 3411 scias,
765 3341 844 3417 quod
867 3359 922 3400 nec
944 3341 1052 3399 dictum
1069 3342 1146 3399 Ans-

94 3438 182 3496 lulnn'
202 3458 258 3498 nec
281 3440 402 3516 alicujus
431 3441 547 3498 alterius
575 3440 705 3498 doctoris
733 3440 805 3497 citra
829 3450 962 3498 auctores
989 3441 1146 3515 scripturae

95 3535 279 3595 defendimus
293 3537 337 3595 vel
356 3549 489 3597 tenemus
496 3538 525 3608 ¹⁰,
542 3538 596 3596 nisi
612 3538 648 3596 de
663 3548 773 3613 quanto
789 3538 959 3595 consonat¹¹
974 3539 1096 3610 rationi;
1117 3549 1146 3597 et

94 3633 167 3694 haec
189 3644 233 3694 est
252 3637 298 3694 via
319 3636 416 3714 patula
441 3645 506 3695 tuas
529 3637 654 3712 argutias
675 3634 810 3693 evitandi.
850 3634 899 3693 Ad
917 3637 1044 3710 primam
1065 3645 1145 3694 tuam

1355 857 1359 1036 l

1354 1110 1358 1212 ¹

123 3824 327 3937 ¹corrumpend]
342 3833 510 3890 corrumpunt,
521 3824 560 3874 ed.
554 3840 608 3918 ...pr
806 3824 978 3901 ¹secundnm]
991 3840 1041 3874 om.
1057 3824 1096 3874 ed.
1108 3840 1145 3888 pr.

94 3887 104 3917 ⁸
121 3888 290 3953 indivisibilia]
321 3890 483 3945 ivisibiliaB.
591 3889 761 3954 permireris]
755 3889 902 3974 imagineris,
914 3889 948 3938 D
960 3889 999 3938 ed.
1011 3905 1064 3953 pr.;
1081 3889 1145 3938 Cod.

96 3953 124 4002 B
136 3955 212 4002 verbo
224 3955 414 4019 superscriptam
425 3955 499 4004 habet
511 3954 629 4018 glossam,
641 3955 729 4004 valde
740 3957 850 4004 marens
1023 3953 1145 4018 ¹nntem]

94 4025 180 4067 autem
192 4027 257 4074 sunt,
270 4020 298 4067 Β.
311 4021 432 4069 secundae
443 4035 538 4069 manns.
714 4020 824 4084 ‘ponit]
837 4035 939 4083 ponens,
951 4019 1046 4069 Amne
1058 4019 1096 4068 ed.
1109 4035 1156 4083 pr..

94 4083 103 4111 ⁷
121 4083 270 4148 nominavit]
283 4085 428 4141 nominavit,
440 4093 505 4141 sunt,
517 4085 555 4134 ed.
568 4101 604 4149 pr
753 4084 880 4148 ¹lineam]
893 4085 997 4142 literam,
1011 4085 1038 4133 Β
1052 4084 1147 4160 primae

93 4164 191 4204 manus,
204 4149 243 4199 ed
255 4166 293 4214 pr
404 4151 414 4179 ¹
431 4149 514 4214 potes]
562 4151 627 4206 teris,
639 4150 676 4199 ed
689 4166 725 4214 pr.
828 4149 847 4178 ¹⁰
864 4149 986 4213 tenemus]
999 4150 1146 4200 tenemusin

95 4213 152 4270 tide,
165 4214 203 4263 ed
215 4231 252 4279 pr.
365 4215 381 4246 ¹
365 4217 519 4266 consonat
545 4224 689 4271 consonant.
703 4214 795 4264 Aac.
809 4215 847 4264 ed.
859 4231 896 4278 pr.
