2864 4836
575 411 831 492 JOANNIS
872 411 1082 473 WICLIF
1278 434 1360 472 usn.

748 807 844 868 CAP.
868 808 921 868 XI.

597 979 643 1040 Dc
654 983 816 1060 angelorum
829 985 887 1042 niu
899 990 980 1059 atque
992 989 1073 1041 motu.

349 1135 483 1195 Pserutr's.
526 1136 563 1196 ln
590 1139 645 1198 ista
672 1141 794 1199 materia
818 1139 904 1199 video
932 1149 961 1198 te
989 1138 1156 1199 notabiliter
1181 1138 1309 1198 deficere
1335 1147 1363 1195 et

309 1234 458 1306 balbutire,
469 1253 504 1295 ac
515 1237 538 1294 si
553 1238 650 1296 ebrius
661 1237 811 1297 dormiens
825 1239 991 1298 somniaret.
1033 1237 1113 1296 Nihil
1126 1237 1207 1296 enim
1221 1237 1304 1313 quod
1318 1235 1362 1296 hic

309 1332 405 1392 dixisti
426 1335 542 1410 probas,
557 1335 610 1393 sed
627 1337 717 1410 gratis
736 1336 793 1394 labi
812 1335 926 1412 posset¹
940 1354 994 1412 per
1010 1335 1089 1395 idem
1109 1336 1140 1394 in
1158 1334 1363 1395 conclusiones

310 1430 424 1490 inutiles
440 1432 503 1490 sine
518 1431 586 1511 lipe.
938 1455 941 1461 ·
1289 1461 1292 1466 ·

350 1527 513 1587 Phronen's.
556 1529 625 1588 Dixi
646 1530 771 1606 publice,
792 1531 874 1607 quod
895 1532 925 1589 in
947 1532 1000 1590 ista
1021 1530 1141 1591 materia
1158 1547 1264 1606 parum
1278 1526 1363 1599 scio¹,

311 1636 340 1684 et
363 1625 471 1702 plurior
494 1644 563 1702 pars
586 1626 660 1685 illius
684 1628 831 1700 materiae,
853 1645 943 1704 quam
963 1628 1011 1687 hic
1032 1628 1109 1698 dieo
1130 1637 1175 1686 est
1194 1636 1364 1686 sanctorum

312 1724 454 1782 sententia
468 1723 561 1782 elicita
575 1725 761 1800 probabiliter
775 1744 811 1784 ex
826 1727 974 1802 scriptura
1016 1725 1055 1784 Et
1069 1735 1213 1802 quantum
1226 1724 1266 1784 ad
1279 1725 1363 1784 istam

312 1821 443 1880 ultimam
458 1822 687 1893 conclusionem,
703 1834 813 1882 certum
827 1832 879 1893 est,
894 1823 976 1901 quod
992 1840 1080 1882 nemo
1095 1831 1194 1899 potest
1212 1821 1365 1898 supposita

314 1919 516 1996 probabilitate
537 1938 655 1979 suarum
677 1921 912 1998 suppositionum
933 1919 1214 1997 ipsam‘iniringere.
1257 1918 1297 1978 Et
1318 1918 1364 1978 bic

314 2017 424 2087 dicitur,
446 2017 527 2094 quod
551 2018 646 2094 angeli
671 2029 795 2096 possunt
820 2018 872 2077 ex³
892 2036 946 2077 sua
970 2017 1115 2078 celeritate
1139 2034 1218 2077 nunc
1243 2034 1310 2077 esse
1334 2017 1364 2075 in

314 2115 425 2174 oriente
446 2124 475 2173 et
498 2134 576 2174 nunc
597 2117 628 2173 in
648 2116 808 2186 occidente,
827 2116 970 2174 servando
990 2116 1167 2191 pauonem
1187 2115 1232 2174 sui
1253 2114 1364 2174 limitati

315 2212 385 2270 situs
399 2214 532 2288 corporei
541 2232 553 2284 ;
563 2213 668 2290 figura
678 2214 752 2273 illius
765 2215 836 2273 situs
850 2223 992 2290 quantum
1005 2211 1124 2289 expedit
1133 2213 1263 2271 variant
1306 2209 1365 2270 Sed

315 2310 346 2368 in
365 2310 420 2369 ista
439 2312 560 2369 materia
580 2321 697 2388 oportet
716 2330 817 2371 cavere
834 2311 872 2370 de
890 2311 1146 2386 imaginationibus
1164 2309 1363 2380 calculatoris,

316 2417 423 2466 utnon
441 2407 573 2466 credatur
592 2409 775 2484 superficiem
793 2408 838 2467 vel
857 2425 965 2484 corpus
984 2406 1022 2465 ad
1040 2417 1154 2467 tantmn
1172 2408 1270 2480 dividi,
1284 2407 1365 2486 quod

316 2515 417 2581 posset
428 2522 571 2582 occupare
584 2505 669 2565 simul
679 2507 837 2581 quemlibet
848 2506 933 2565 situm
944 2504 1055 2564 mundi.
1096 2503 1221 2582 Oportet
1234 2504 1365 2565 secundo

318 2621 417 2661 cavere
432 2621 470 2662 ne
484 2603 658 2673 admittatur,
672 2603 753 2679 quod
771 2603 951 2680 superficiale
971 2600 1096 2662 lineare⁸
1109 2603 1154 2662 vel
1168 2603 1365 2680 quodeunque

318 2718 492 2776 corporeum
511 2700 713 2777 multiplicetur
732 2701 816 2759 simul
830 2720 883 2778 per
899 2702 971 2760 situs
989 2702 1128 2778 dispares,
1142 2719 1211 2761 cum
1229 2700 1365 2778 multipli-

320 2798 395 2855 catio
407 2797 469 2855 talis
484 2798 520 2855 sit
531 2798 625 2857 solum
638 2800 783 2875 spiritibus
793 2799 837 2857 vel
848 2800 934 2858 rebus
945 2799 1138 2876 spiritualibus
1149 2795 1365 2876 appropriata⁶;

319 2905 347 2952 et
372 2903 440 2953 tunc
465 2905 561 2971 potest
586 2897 728 2954 sententia
751 2896 826 2955 illius
851 2897 1046 2956 conclusionis
1068 2897 1106 2956 ad
1128 2897 1219 2956 multa
1243 2896 1367 2956 dicenda

319 2992 467 3067 proficere,
482 3001 513 3050 ut
527 2993 648 3069 angelus
662 3004 722 3052 tam
737 2996 832 3053 bonus
847 3012 936 3070 quam
955 2995 1048 3053 malus
1067 3005 1164 3072 potest
1181 2996 1256 3054 mira
1269 2995 1367 3054 ocleri·

320 3098 377 3147 tate
405 3089 479 3147 infra
506 3089 625 3149 horam⁷
652 3109 704 3168 per
731 3110 821 3169 poros
854 3093 1065 3168 quantumlibet
1092 3093 1229 3151 situaliter
1257 3094 1366 3151 variari.

319 3185 435 3263 Corpus
448 3188 535 3246 etiam
546 3189 738 3264 glorificatum
748 3200 843 3267 potest
858 3209 910 3267 per
924 3191 1009 3249 dotes
1020 3191 1181 3249 subtilitatis
1194 3201 1224 3250 et
1234 3191 1369 3267 agilitatis

319 3287 425 3344 intrare
443 3286 541 3361 januis
556 3287 668 3357 clausis,
683 3289 746 3346 sine
765 3289 822 3347 hoc
841 3287 922 3364 quod
940 3288 1047 3346 laceret
1065 3288 1109 3347 vel
1130 3288 1244 3364 frangat
1265 3307 1367 3365 quam·

319 3401 434 3460 cunque
449 3394 561 3459 partem
575 3403 684 3457 earum,
700 3403 767 3444 cum
782 3403 844 3444 non
861 3385 987 3444 habeant
1005 3396 1102 3461 partes
1122 3386 1164 3444 sic
1178 3387 1367 3463 propinquas,

318 3481 388 3557 quin
403 3481 477 3539 inter
490 3483 595 3540 multas
609 3500 709 3541 earum
724 3485 761 3541 sit
775 3490 824 3541 aer
838 3483 974 3542 notabilis
988 3483 1173 3560 interceptus.

359 3577 480 3636 Alitltia.
523 3579 598 3638 Satis
612 3590 663 3650 est,
679 3579 780 3639 irater⁸
794 3580 959 3651 Phronesis,
974 3581 1011 3639 de
1032 3581 1092 3639 istis
1112 3580 1369 3657 imaginationibus

319 3684 347 3732 et
362 3673 599 3734 calculationibus
618 3676 803 3737 declaratum.
850 3677 909 3737 Sed
923 3677 1021 3754 rogo⁸,
1037 3679 1084 3739 dic
1097 3678 1170 3737 mihi
1188 3679 1369 3739 difficultates

318 3771 488 3847 theologicas,
503 3791 576 3849 quas
590 3774 620 3831 in
635 3774 683 3833 illa
697 3777 818 3834 materia
832 3776 973 3835 dimisisti.
1015 3775 1111 3836 Grave
1122 3776 1244 3854 quidem
1257 3777 1370 3836 videtu

355 3944 363 3974 ¹
380 3943 457 4008 gratis
473 3943 523 3995 labi
537 3945 635 4040 posset]
653 3947 760 4012 graviter
775 3948 830 4012 quis
846 3947 897 3997 labi
913 3953 1005 4013 posset.
1016 3948 1055 3997 ed.
1072 3963 1124 4012 pr.;
1149 3946 1193 3997 sed
1208 3947 1260 3997 labi
1277 3952 1370 4012 ponet,

319 4009 373 4059 ΑΒ
381 4010 418 4085 .C.
564 4012 641 4125 scio]B
1044 4013 1130 4126 {Ab
1142 4013 1265 4063 mundae
1274 4028 1369 4062 manus

318 4074 327 4103 ⁴
344 4078 448 4143 vanata]
461 4076 574 4132 variatur,
586 4077 618 4125 Α.
642 4079 679 4127 .C.
768 4079 778 4107 ⁶
794 4077 897 4142 lineare]
909 4077 1000 4134 liniale.
1012 4079 1042 4127 Α.
1067 4079 1104 4128 .C.
1170 4077 1181 4107 ⁸
1196 4077 1370 4142 appropriata]

318 4141 452 4232 propriata,
465 4141 498 4188 D.
510 4142 548 4191 ed.
562 4157 598 4206 pr.
663 4142 673 4171 ⁷
690 4143 788 4208 horam]
801 4142 934 4199 hominem,
947 4144 980 4193 D.
1053 4144 1063 4174 ⁸
1079 4142 1165 4207 irater]
1178 4158 1228 4192 om.
1241 4142 1270 4192 B.
1282 4142 1321 4192 ed.
1332 4158 1370 4207 pr.

344 4208 418 4272 rogo]
432 4216 538 4272 rogote,
551 4206 580 4256 C.
592 4208 631 4258 ed.
642 4223 679 4273 pr.
1158 4245 1166 4258 ·

640 4028 725 4068 nosco.
737 4013 767 4063 C.
779 4014 818 4063 ed.
830 4029 866 4077 pr.
987 4013 997 4042 ⁸
1013 4029 1043 4063 ex

1218 4309 1329 4353 wicun
