2864 4836
513 408 773 489 Joxums
807 408 1028 470 uscarl*
1238 432 1306 475 c...

246 575 402 651 religiones
425 573 498 634 tales
522 572 627 633 vanas¹
651 572 801 632 dimittere.
844 571 1150 651 Quomodocunque,
1174 573 1307 650 inqirinnt,

248 673 311 732 talis
325 673 452 749 loquitur
465 672 495 730 in
515 671 569 730 ista
587 671 715 742 materia,
730 688 799 729 cum
817 681 878 728 tam
897 669 1027 730 honesta
1048 681 1081 730 et
1101 682 1165 730 tarn
1185 672 1260 731 utilis
1277 672 1307 730 sit

248 782 348 830 nostra
371 770 564 840 observantia,
589 768 731 828 debemus
756 770 851 844 ipsam
880 768 1023 828 omnino¹
1050 770 1254 841 conservare¹,
1275 778 1307 839 et,

249 870 336 929 sicut¹
351 879 447 944 patres
461 868 642 928 instituerunt
647 866 666 938 ¹,
681 884 736 944 pro
750 865 920 925 defensione
934 866 1008 943 legis
1024 866 1157 927 Domini
1170 887 1262 945 usque
1275 868 1307 926 ad

248 979 374 1025 mortem
403 967 559 1042 praecipue
583 966 678 1041 ipsam
703 964 867 1024 defendere.
914 963 1109 1036 Recolerent,
1136 967 1221 1043 quod
1241 967 1306 1027 sicut

249 1064 437 1140 Augustinus,
453 1062 638 1133 Benedictus,
653 1062 827 1121 Dominicus
841 1058 886 1120 et⁶
900 1061 1079 1122 Franciscus
1094 1082 1128 1122 se
1147 1064 1258 1124 habent
1272 1064 1306 1122 ad

249 1161 406 1231 Christum,
418 1162 459 1221 sic
474 1161 573 1237 regula
587 1163 646 1220 sive
658 1161 759 1238 religio
774 1159 905 1219 sehabet
918 1160 957 1218 ad
972 1161 1110 1236 regulam
1121 1162 1168 1221 vel
1179 1163 1305 1221 ordinem

250 1258 455 1329 Christianum,
469 1277 538 1318 cum
549 1259 622 1318 tales
633 1260 805 1319 adinventae
815 1256 932 1333 regulae
946 1257 1046 1316 multis
1061 1271 1177 1319 nocent
1185 1280 1194 1331 ;
1215 1271 1305 1319 tanen

249 1357 397 1417 luciferine
411 1368 604 1433 praesumunt
617 1356 732 1432 regulas
749 1355 925 1414 universales
944 1355 1060 1415 tradere
1075 1359 1305 1434 quibuscunque,

250 1474 325 1533 quos
352 1455 470 1514 ordines
497 1455 535 1513 illi
562 1455 704 1514 voluerint
731 1452 905 1530 decipiendo
932 1453 1083 1525 inducere,
1114 1474 1186 1514 cum
1213 1468 1305 1517 tamen

250 1553 357 1612 debent
376 1554 458 1624 scire,
473 1553 554 1628 quod
574 1552 744 1611 universalis
759 1551 905 1611 Dominus
925 1569 1011 1628 super
1029 1552 1098 1612 illos
1117 1556 1212 1614 variat
1231 1573 1305 1614 conr·

249 1652 401 1728 plexiones
428 1661 537 1710 aetates
571 1661 600 1709 et
627 1660 769 1726 tempora,
797 1649 960 1708 secundum
994 1667 1086 1727 quam
1119 1654 1305 1712 variationem

250 1749 398 1825 expediret
412 1768 491 1809 nunc
506 1750 547 1808 sic
562 1759 590 1808 et
605 1767 684 1807 nunc
699 1748 778 1807 aliter
795 1747 936 1820 militare;
963 1749 1067 1823 regula
1086 1761 1189 1809 autem
1206 1751 1306 1811 Christi

250 1865 311 1906 non
334 1848 376 1905 sic
400 1847 511 1923 obligat
535 1865 728 1923 quoscunque
753 1847 791 1905 ad
812 1845 1010 1904 indifferenter
1034 1864 1092 1922 pro
1118 1847 1189 1907 loco
1218 1860 1306 1909 aetate

250 1945 473 2022 complexione¹
489 1955 518 2005 et
538 1956 672 2021 tempore
691 1944 882 2004 militandum.
924 1942 997 2003 Ideo
1017 1945 1095 2003 sicut
1114 1948 1219 2023 regula
1238 1949 1306 2026 sapit

250 2044 521 2120 praesumptionem
542 2043 754 2120 blasphemiam
773 2052 802 2101 et
821 2043 1016 2118 arrogantiam
1035 2060 1127 2119 supra
1140 2044 1251 2116 Deum,
1268 2048 1306 2105 sic

250 2141 377 2217 religiosi
398 2142 498 2200 talium
517 2142 653 2200 ordinum
673 2159 725 2218 per
744 2139 934 2218 hypocrisim¹
953 2140 1137 2201 defensionis
1155 2162 1229 2204 suae
1246 2143 1305 2203 reli·

250 2240 346 2315 gionis
361 2240 492 2299 novellae
506 2249 696 2316 praesumunt
710 2258 741 2298 se
756 2237 857 2315 supra¹
871 2237 1023 2314 apostolos
1037 2240 1177 2301 exaltare.

152 2407 200 2431 w·
296 2336 391 2396 Terlrb
404 2337 500 2398 deficit
515 2338 569 2397 ista
583 2335 697 2396 novella
711 2336 811 2412 religio
826 2337 1113 2412 possessiomtorum
1128 2339 1305 2417 implicando

251 2454 283 2494 se
308 2436 556 2505 inconvenientis,
582 2453 658 2511 quae
682 2434 720 2494 ad
744 2434 938 2494 deviationem
959 2447 1183 2512 praesumptam
1205 2439 1306 2514 alege

252 2533 373 2592 Domini
388 2532 635 2592 constituuntur¹⁰.
677 2531 723 2590 Ex
739 2532 786 2589 illa
805 2531 922 2608 quidem
941 2532 1068 2591 novitate
1083 2549 1242 2595 assumunt
1255 2538 1305 2595 sibi

252 2637 455 2711 possessiones
478 2634 682 2710 temporalium
704 2634 886 2709 ultraquam
908 2653 944 2693 ex
966 2633 1030 2709 lege
1050 2633 1108 2693 Dei
1130 2637 1166 2695 sit
1189 2636 1305 2703 licitum,

252 2733 463 2791 introducunt¹¹
480 2735 566 2791 etiam
586 2750 693 2807 pueros
713 2731 907 2791 fraudulenter
924 2733 954 2789 in
974 2750 1058 2790 suum
1077 2734 1218 2792 ordinem
1237 2734 1306 2792 ultra

253 2849 341 2906 quam
363 2833 464 2889 caritas
486 2832 609 2907 proximi
625 2849 656 2889 se
678 2829 815 2898 extendit,
831 2840 860 2887 et
881 2830 921 2888 sic
942 2829 1066 2889 furando
1087 2841 1151 2889 tarn
1173 2832 1307 2890 homines

252 2947 340 3004 quam
363 2929 534 3005 temporalia
555 2928 787 3003 praevaricantur
808 2926 1000 3003 multipliciter
1021 2937 1124 2985 contra
1147 2929 1305 2989 secundam

252 3026 395 3085 tabulam:
418 3045 479 3085 non
493 3027 571 3086 enim
586 3025 732 3083 honorant
742 3037 773 3083 ut
785 3023 853 3083 sic¹¹
864 3035 994 3083 sanctam
1005 3036 1131 3083 matrem
1143 3027 1306 3096 ecclesiam,

253 3126 303 3184 sed
331 3125 493 3184 occidunt¹¹
523 3124 629 3183 multos
663 3122 851 3198 spiritualiter,
876 3122 1093 3180 moechantur¹⁴
1124 3126 1307 3200 spiritualiter

253 3241 320 3282 curn
348 3223 514 3281 adulterinis
543 3221 656 3297 regulis,
686 3220 842 3279 furantur¹¹
871 3221 1041 3296 temporalia
1068 3220 1215 3281 ecclesiae
1241 3243 1305 3282 curn

252 3320 352 3379 fraude
377 3321 545 3396 hypocrisis,
572 3331 599 3377 et
624 3318 790 3376 testantur¹¹
814 3329 915 3377 contra
939 3318 1091 3376 ecclesiam
1121 3322 1307 3381 simulatione

253 3417 404 3477 falsissima
413 3437 464 3494 per
476 3419 560 3494 signa
571 3435 624 3475 sua
635 3416 772 3475 fallaciter
784 3416 906 3492 palliata,
917 3426 945 3474 et
956 3417 997 3474 sic
1009 3417 1176 3476 inordinate
1189 3422 1307 3497 cupiunt

253 3527 338 3592 atque
355 3515 546 3575 desiderant¹⁷
561 3517 640 3573 bona
654 3514 779 3590 proximi
794 3525 822 3572 et
837 3513 975 3571 familiam
989 3533 1074 3572 suam
1094 3518 1201 3576 vivam.
1248 3518 1308 3578 Nec

285 3671 293 3699 ¹
311 3670 397 3734 ranas]
410 3673 496 3725 bonas.
509 3673 537 3721 C.
653 3669 663 3698 ¹
679 3670 794 3734 omnino]
808 3671 956 3726 omnimode.
969 3672 1001 3719 A.
1120 3673 1130 3699 ³
1149 3676 1307 3740 conservare]

252 3734 435 3790 deconservare,
448 3738 477 3785 C.
576 3736 585 3763 ¹
602 3736 676 3799 sicut]
690 3737 732 3791 sic.
745 3736 775 3785 C.
855 3736 865 3764 ¹
881 3735 1049 3800 instituerunt]
1062 3737 1217 3796 institerunt,
1229 3743 1307 3791 ahc.

252 3800 261 3827 ¹
278 3800 315 3863 et]
328 3817 378 3849 om.
390 3801 470 3850 a.b.C.
586 3800 595 3828 ⁷
612 3808 699 3856 aetate,
712 3800 893 3865 complexione]
907 3818 955 3850 om.
968 3802 998 3851 C.
1115 3805 1124 3831 ⁸
1143 3804 1295 3869 hypocrisim

252 3865 444 3929 impositionem,
456 3868 487 3915 C.
633 3868 642 3895 ⁰
659 3866 744 3930 supra]
758 3882 839 3929 super,
851 3867 931 3915 a.b.C.
1074 3868 1094 3897 ¹⁰
1110 3872 1297 3920 constituuntur

253 3939 435 3986 construuntur,
446 3932 495 3979 ab.
663 3933 680 3960 ¹¹
699 3932 869 3996 introducunt]
882 3932 945 3995 conj.
958 3932 1104 3989 Introducit,
1116 3935 1215 3989 A.a.b.;
1235 3937 1309 3985 intro·

253 3995 329 4051 duxit,
342 3997 371 4045 C.
545 3996 562 4025 ¹¹
579 4004 606 4044 ut
618 3996 665 4060 sic]
678 4013 728 4045 om.
741 3997 769 4045 C.
936 3998 953 4026 ¹¹
970 3998 1098 4062 occidunt]
1111 4000 1214 4056 occidit,
1228 4004 1307 4051 Aah.

253 4060 270 4090 ¹¹
288 4061 458 4125 moechantur]
471 4061 622 4118 moechatur,
634 4064 696 4117 a.b.;
716 4062 877 4111 moechantur
889 4062 1053 4126 spiritualiter,
1065 4079 1116 4113 om.
1129 4066 1163 4114 A.
1241 4069 1259 4097 ¹⁵
1277 4068 1310 4116 iu·

254 4126 348 4187 rantur]
361 4127 461 4181 furatur,
473 4128 520 4175 ab.
665 4127 683 4157 ¹¹
700 4128 831 4190 testantur]
844 4135 954 4182 testatur,
967 4129 1048 4177 A.a.b.
1174 4131 1192 4161 ¹⁷
1209 4134 1308 4196 cupiunt

252 4198 325 4253 atque
336 4190 486 4254 desiderant]
500 4192 566 4255 cupit
579 4198 652 4256 atque
664 4192 793 4246 desiderat.
806 4194 841 4241 sic
852 4210 927 4242 onnus
938 4193 994 4241 libri
1008 4193 1077 4243 MSS.
