2864 4836
133 411 198 478 320
548 397 802 477 JOANNIS
843 399 1074 462 WICLIF
1268 427 1374 475 mm,

277 562 417 632 Christus,
430 561 497 637 ‘qui
509 560 657 620 dimissam
669 560 782 620 duxerit
793 558 994 632 adulteratur‚’
1010 581 1091 624 cum
1103 566 1147 626 de
1159 567 1229 644 lege
1239 565 1339 627 Dou'ut'
1372 590 1374 595 ·

277 659 379 718 mulier
390 659 431 718 sic
446 668 579 735 separata
594 658 680 717 debet
694 660 731 716 ab
745 669 811 717 actu
825 659 932 717 carnali
946 663 1096 740 conjugii
1112 667 1279 738 abstinere;
1296 680 1337 722 net

277 758 362 828 dicat,
377 755 457 833 quod
472 757 525 816 sibi
540 757 601 816 sine
616 774 704 816 causa
722 757 758 815 sit
772 757 883 832 injuria,
898 758 969 833 quia
990 760 1132 835 privatio
1148 784 1169 823 a
1188 766 1270 824 bono
1280 780 1337 822 coe

274 855 356 931 jugii,
382 853 434 912 e0¹
463 853 543 930 quod
571 854 641 912 illis²
666 854 855 912 existentibus
880 871 940 912 una
968 873 1115 930 persona
1145 862 1239 920 alter³
1264 860 1336 920 utu

277 970 434 1028 personam
455 952 657 1028 compositam,
679 963 708 1010 et
729 953 770 1011 sic
790 970 827 1010 ex
848 952 1021 1013 infidelitate
1043 957 1233 1020 maculavit⁴
1251 959 1336 1035 cotth-

277 1051 357 1126 gium
371 1067 431 1126 quo
442 1050 480 1107 ad
490 1050 614 1108 thorum.
650 1048 741 1121 Quod
756 1050 779 1108 si
793 1050 895 1108 mulier
909 1050 1077 1112 delectatur
1089 1056 1127 1114 in
1142 1059 1332 1133 procreatione

277 1148 375 1223 prolis,
390 1166 452 1206 non
466 1147 550 1207 video
572 1148 643 1223 quin
664 1148 688 1205 si
709 1147 838 1218 voluerit,
853 1147 919 1206 licet
940 1149 996 1208 sibi
1020 1161 1105 1211 stare
1130 1173 1207 1214 cum
1223 1157 1335 1232 nonime

277 1246 369 1305 taliter
390 1243 583 1321 delinquente,
598 1256 627 1304 et
647 1245 713 1305 licet
734 1246 796 1315 sibi,
811 1245 834 1304 si
855 1245 1007 1304 continere
1023 1249 1169 1324 voluerit,
1185 1273 1206 1312 a
1224 1253 1333 1330 conjuge

278 1343 411 1418 separari.
455 1341 513 1402 Sed
527 1342 709 1401 difficultatur
722 1342 847 1412 ulterius,
861 1352 959 1401 utrum
972 1355 1104 1422 propter
1119 1367 1249 1410 causam
1262 1350 1334 1409 aliam

278 1459 367 1516 quam
381 1441 578 1499 infidelitatem
592 1439 722 1499 adulterii
741 1440 805 1499 licet
820 1440 974 1499 divortium
988 1442 1150 1505 celebrare
1158 1467 1169 1519 3
1195 1460 1227 1509 et
1240 1449 1334 1508 dmm

278 1539 358 1615 quod
374 1539 422 1609 sic,
442 1539 511 1614 quia
529 1556 590 1596 non
606 1539 701 1598 solum
715 1538 856 1597 servanda
874 1548 918 1597 est
936 1537 1011 1598 fides
1031 1544 1213 1620 conjugum
1232 1547 1262 1605 in
1278 1560 1333 1622 pro

278 1636 404 1694 creando
415 1636 536 1712 prolem,
548 1637 601 1694 sed
612 1637 641 1694 in
653 1637 795 1695 servando
806 1654 842 1694 ex
853 1637 967 1713 integro
981 1636 1084 1714 legem
1096 1640 1170 1714 Dei,
1182 1646 1255 1720 quia
1266 1643 1332 1702 aliter

278 1734 375 1792 liceret
396 1734 475 1792 alteri
500 1734 659 1810 conjugum
684 1751 748 1793 esse
771 1734 809 1792 ad
830 1731 987 1810 reliquum⁶
1011 1739 1164 1798 omnino‘
1188 1741 1332 1801 infidelem

280 1831 337 1890 Hic
352 1832 463 1890 videtur
476 1831 555 1902 mihi,
570 1832 651 1907 quod
666 1832 731 1890 lioet
748 1832 865 1908 conjugi
879 1832 910 1889 in
929 1849 999 1890 casu
1017 1832 1080 1892 alio
1095 1854 1115 1894 a
1134 1839 1255 1915 reliquo
1273 1855 1331 1897 oon·

276 1932 345 2007 juge
359 1931 494 2005 separari,
506 1939 537 1987 ut
551 1930 649 2005 posito
664 1928 744 2006 quod
758 1930 827 1987 alter
841 1931 1002 2006 conjugum
1015 1933 1185 2009 percipiat¹
1199 1938 1331 2014 reliquum

278 2046 342 2086 esse
357 2027 521 2085 incrimine
536 2026 632 2103 aliquo
648 2026 813 2085 induratum
827 2028 868 2086 sic
882 2027 963 2103 quod
983 2026 1124 2104 desperet
1144 2033 1187 2092 de
1202 2052 1259 2094 sua
1271 2048 1332 2094 oot-

278 2126 419 2194 versione,
440 2135 470 2182 et
493 2125 593 2183 timeat
617 2124 655 2183 de
679 2143 731 2184 sua
755 2126 930 2201 contagione
954 2144 990 2184 ex
1014 2123 1253 2203 cohabitatione,
1273 2143 1331 2190 tunc

278 2222 389 2280 videtur
410 2222 488 2290 mihi,
504 2223 584 2298 quod
598 2222 663 2281 licet
677 2221 756 2281 illos¹
771 2224 809 2282 ab
825 2223 949 2282 invicem
968 2226 1117 2300 separari3
1147 2229 1206 2287 sed
1226 2231 1252 2288 si
1270 2229 1332 2287 ulter

279 2320 439 2395 conjugum
454 2330 551 2395 speret
565 2321 785 2379 conversionem
801 2321 845 2379 sui
864 2321 998 2398 conjugis
1018 2339 1072 2398 per
1092 2341 1182 2384 suam
1200 2327 1331 2386 exhom-

278 2420 399 2489 tionem,
412 2429 481 2476 tunc
495 2418 581 2477 debet
596 2418 762 2477 cohabitare
776 2437 844 2478 eum
857 2419 907 2477 illo
928 2419 1055 2495 conjuge
1073 2421 1115 2478 ad
1134 2421 1219 2482 hunc
1239 2424 1330 2482 finem

278 2515 316 2573 Et
335 2517 387 2575 iste
403 2516 514 2574 videtur
532 2516 602 2574 mihi
617 2534 682 2575 esse
697 2534 800 2575 sensus
818 2515 942 2592 apostoli
960 2535 972 2573 1
991 2514 1125 2576 Corinth.
1141 2520 1199 2590 vii„
1215 2520 1330 2596 quando

279 2615 355 2685 dicit,
379 2615 440 2672 ‘his
464 2625 561 2673 autem
582 2615 631 2689 qui
654 2616 684 2672 in
705 2615 891 2673 matrimonio
913 2615 1062 2691 conjuncti
1083 2626 1162 2687 sunt,
1184 2619 1331 2695 praecipio

278 2730 339 2769 non
353 2731 410 2788 ego
432 2714 484 2771 sed
498 2712 653 2782 Dominus
669 2731 792 2771 uxorem
811 2731 829 2769 a
843 2714 903 2770 viro
924 2729 984 2769 non
999 2711 1151 2771 discedere
1160 2734 1169 2786 ;
1197 2716 1283 2791 quod
1296 2710 1332 2773 si’

278 2810 449 2880 discesserit,
469 2829 586 2868 manere
608 2811 761 2885 innuptam
783 2820 832 2867 aut
852 2810 913 2868 viro
934 2827 988 2868 suo
1009 2810 1210 2884 reconciliari;
1244 2824 1274 2872 et
1294 2813 1332 2870 vir

278 2925 338 2963 non
354 2909 476 2966 dimittat
490 2908 629 2966 uxorem!
672 2908 710 2965 Et
725 2908 869 2983 sequitur:
892 2912 978 2966 ‘nam
993 2907 1095 2966 ceteris
1105 2925 1165 2983 ego
1181 2910 1262 2981 dico,
1274 2928 1331 2969 nou

277 3005 431 3075 Dominus,
454 3008 477 3064 si
499 3007 563 3081 quis
585 3006 671 3063 irater
691 3024 813 3063 uxorem
834 3005 922 3064 habet
943 3005 1090 3063 infidelem
1110 3015 1140 3063 et
1163 3005 1240 3065 haec
1262 3026 1331 3067 con·

278 3105 363 3161 sentit
384 3104 512 3161 habitare
535 3122 602 3161 cum
623 3104 757 3173 i110‚n0n
780 3103 901 3161 dimittat
915 3103 1002 3161 illam.
1044 3102 1082 3160 Et
1104 3104 1127 3162 si
1148 3121 1210 3180 qua
1230 3107 1331 3164 mulier

277 3202 364 3259 habet
384 3203 474 3258 n'rum
497 3201 650 3271 infidelem,
666 3211 694 3259 et
715 3201 761 3258 hic
783 3201 928 3258 consentit
949 3219 1016 3259 cum
1038 3200 1085 3258 illa
1105 3199 1247 3273 habitare,
1271 3221 1329 3261 non

277 3299 399 3357 dimittat
418 3301 518 3369 virum,
534 3299 727 3357 sanctificatus
748 3311 791 3356 est
810 3299 888 3355 enim
903 3301 944 3356 vir
963 3297 1085 3357 infidelis
1105 3317 1159 3375 per
1179 3300 1330 3360 mulierem

277 3397 392 3455 fidelem
413 3407 442 3455 et
463 3416 479 3454 e
501 3397 618 3454 contra!
662 3396 707 3453 Ex
733 3397 788 3454 isto
813 3396 920 3454 textu¹⁰
942 3396 1066 3471 apostoli
1087 3397 1228 3456 videtur¹¹
1250 3399 1329 3466 mihi,

276 3495 356 3570 quod
377 3496 471 3570 primo
494 3494 592 3552 alludit
607 3495 701 3551 verbis
715 3493 836 3551 Domini
857 3494 1011 3569 praedictis
1032 3494 1062 3550 in
1083 3496 1238 3570 evangelio
1252 3495 1328 3554 Mat·

277 3593 352 3650 thaei
368 3592 444 3649 ubi¹²
457 3610 545 3668 supra
562 3592 694 3668 exposui.
737 3591 801 3649 Nec
821 3602 935 3667 oportet
954 3593 1053 3650 timere
1069 3591 1199 3652 Pseustis
1219 3596 1328 3652 instan-

310 3777 454 3842 ¹eoquod]
467 3786 491 3827 et
504 3778 578 3842 quod,
591 3778 618 3825 Β.
631 3778 668 3826 ed.
681 3794 718 3842 pr.
848 3777 934 3842 'illis]
948 3778 991 3832 illi,
1003 3777 1040 3827 ed.
1071 3794 1090 3826 r.
1227 3779 1325 3843 ’alred

260 3842 354 3898 ¹aliter,
378 3842 405 3891 B.
429 3844 522 3907 primae
544 3859 639 3899 manus,
662 3843 700 3891 ed.
723 3857 760 3906 pr.
899 3794 1070 3907 ‘maculavitl
1092 3843 1209 3901 maculat.
1234 3845 1324 3894 ΑΒΕ.

276 3909 284 3934 ³
302 3908 432 3971 reliquum]
445 3908 569 3963 maritum,
582 3910 610 3957 C.
623 3909 718 3970 primae
729 3922 823 3955 manus.
912 3908 1052 3977 homino]
1065 3909 1177 3958 omnium
1188 3910 1325 3965 homiuum,

276 3973 314 4021 ed.
327 3990 363 4036 pr.
461 3973 469 4000 ⁷
488 3973 618 4037 percipiat]
631 3972 772 4037 praecipiat,
784 3972 821 4020 ed.
834 3989 871 4036 pr.
937 3974 947 4001 ⁸
964 3973 1032 4036 illos]
1045 3973 1100 4028 illis.
1113 3975 1157 4031 B.;
1176 3991 1227 4024 om.
1240 3976 1277 4025 ed.
1289 3990 1324 4039 pr.

276 4038 285 4066 ⁹
302 4039 368 4100 quod
381 4036 413 4100 si]
426 4038 454 4093 si,
466 4039 559 4087 A.B.C.
692 4040 710 4067 ¹⁰
727 4037 806 4100 textu]
819 4047 906 4087 sancto
918 4046 993 4095 textu,
1006 4039 1038 4087 l).
1183 4040 1200 4069 ¹¹
1218 4037 1323 4102 ridetur]

276 4103 403 4214 viderettg.
415 4104 454 4152 ed.
466 4120 502 4167 pr.
664 4103 684 4134 ¹¹
699 4102 820 4152 Matthaei
831 4104 886 4168 ubi]
900 4104 1021 4154 Matthaei
1033 4120 1064 4160 ν..
1075 4102 1114 4153 ed.
1126 4120 1177 4168 pr.;
1196 4105 1287 4155 Matth.
1298 4113 1323 4153 ut

276 4182 356 4229 supra,
395 4204 401 4215 .

1173 4270 1284 4314 wtcur
