2864 4836
95 472 175 518 cara.
216 448 704 510 SUPPLEMENTUM
732 448 1028 510 TRIALOGI.

98 613 308 690 eterogenitas¹
326 632 414 690 super
432 614 495 691 ejus
512 613 688 673 discordiam
707 623 864 673 attestatur.
906 613 944 671 Et
959 612 1026 672 ideo
1045 614 1149 673 carius

98 711 261 788 apostolica
274 711 369 782 docet,
384 711 535 788 quomodo
554 711 603 770 tilii
617 711 757 771 ecelesiae
772 711 879 771 debent
893 711 1030 771 omnibus
1049 711 1149 770 omnia

97 826 163 870 esse
184 809 260 869 facti.
302 809 393 882 Quod
414 810 439 870 si
459 809 560 870 fratres
581 810 688 882 dicunt,
702 812 783 887 quod
804 812 835 868 in
848 811 986 869 omnibus
1007 828 1069 869 non
1084 821 1151 870 sunt

98 907 179 979 tales,
200 908 352 968 manifeste
375 908 541 978 ostendunt,
563 908 644 985 quod
668 919 735 968 sunt
759 909 808 968 filii
832 907 974 968 Luciferi’
998 908 1151 969 ecclesiam

97 1018 292 1078 venenantes;
321 1008 398 1066 circa
418 1005 476 1066 hoc
497 1007 576 1065 enirn
596 1015 641 1066 est
661 1006 787 1066 studium
808 1007 980 1078 invidorum,
999 1008 1150 1084 quomodo

97 1116 219 1181 possent
240 1104 373 1164 ordinem
394 1122 480 1164 suum
500 1104 636 1164 extollere
662 1106 693 1163 in
717 1105 884 1181 antiquitate
906 1117 935 1164 et
956 1107 1059 1165 ceteris
1079 1123 1150 1165 con-

98 1201 257 1263 ditionibus
272 1205 431 1280 probitatis,
447 1214 476 1263 et
492 1204 562 1263 alias
577 1213 671 1263 sectas
686 1205 856 1281 deprimere.

143 1298 252 1372 Quarta
266 1302 395 1361 conditio
410 1303 534 1362 caritatis
551 1312 603 1374 est,
618 1303 699 1379 quod
717 1322 771 1360 non
789 1305 853 1378 agat
862 1312 1017 1378 perperam.
1060 1301 1151 1374 Quod

98 1398 139 1459 si’
152 1399 253 1459 fratres
266 1398 437 1460 habundant
447 1401 595 1477 praedicta
605 1401 720 1471 invidia,
732 1402 796 1477 quis
811 1401 922 1459 dubitat
932 1401 1004 1477 quin
1018 1418 1151 1476 prorum-

99 1499 187 1574 punt⁴
211 1499 242 1557 in
265 1515 356 1575 opera
378 1500 482 1558 nociva
509 1500 657 1568 ecclesiae,
682 1499 865 1558 aedificando
889 1508 918 1557 et
943 1499 1151 1575 congregando

98 1597 155 1657 sibi
168 1598 239 1673 ipsis
252 1597 431 1673 temporalia,
446 1616 521 1674 quae
540 1597 665 1674 spoliant
679 1597 716 1656 de
735 1596 836 1674 egenis
855 1597 935 1656 aliter
954 1615 1043 1673 quam
1061 1597 1150 1654 dictat

98 1694 199 1772 regtrla
225 1695 359 1754 caritatis.
408 1695 446 1753 Et
474 1695 511 1754 de
539 1693 678 1754 fructibus
706 1695 844 1754 actionis*
872 1712 1024 1772 perperam
1051 1694 1151 1753 talium

97 1792 263 1855 invidorum
277 1793 391 1852 difficile
406 1804 450 1852 est
464 1794 494 1851 in
508 1793 609 1870 paucis
622 1791 717 1851 verbis
736 1793 907 1868 exprimere,
923 1792 991 1868 quia
1011 1791 1152 1868 quidquid

98 1886 244 1968 egenmt⁶‚
273 1902 317 1950 est
344 1890 446 1950 dolose
474 1891 512 1950 ad
540 1901 750 1950 nocumentum
778 1890 918 1950 ecelesiae
945 1900 1150 1966 perpetratum.

98 1987 179 2048 Nam
202 1999 341 2066 tanquam
365 1988 460 2048 faeces
486 2000 621 2066 quattuor
646 1988 802 2047 humorum
826 1989 857 2047 in
885 2006 1007 2065 corpore
1034 1997 1151 2046 sanctae

98 2088 199 2148 matris
226 2087 366 2147 ecclesiae
391 2088 522 2146 videntur
550 2088 581 2145 in
608 2087 865 2164 spongiositatibus
893 2087 956 2164 ejus
982 2084 1151 2163 generando

97 2194 251 2261 apostema
274 2195 302 2244 et
326 2185 446 2244 morbos
471 2185 543 2243 alios
568 2185 701 2244 residere.
752 2184 884 2243 Christus
909 2185 988 2243 enim
1010 2183 1152 2243 ordinavit

98 2301 206 2360 corpus
226 2301 296 2342 suae
317 2282 455 2342 ecclesiae
476 2283 507 2341 in
528 2293 609 2341 tanta
629 2281 794 2341 armonica²
807 2284 932 2353 caritate,
947 2283 1029 2359 quod
1049 2283 1073 2343 si
1093 2299 1153 2339 una

99 2383 163 2461 ejus
186 2382 326 2460 particula
350 2382 465 2458 corpori
490 2381 529 2440 illi
558 2380 687 2451 defuerit,
713 2391 806 2440 totum
833 2381 890 2440 hoc
915 2399 1021 2458 corpus
1048 2383 1153 2458 patitur

99 2480 292 2558 dyscrasiam;
325 2481 416 2540 etsie
438 2480 549 2539 videtur
571 2479 652 2555 quod
676 2479 748 2537 istae
773 2491 869 2539 sectae
894 2480 924 2537 in
945 2479 1099 2538 nutriendo
1121 2498 1152 2539 se

100 2579 182 2656 ipsos
196 2589 286 2656 agunt
300 2596 460 2655 perperam.

144 2675 248 2748 Omitto
270 2676 399 2736 conditio
421 2686 473 2746 est,
496 2676 576 2753 quod
597 2676 701 2735 caritas
722 2675 908 2736 consentiens
927 2676 1079 2736 humilitati
1100 2695 1153 2735 non

100 2770 227 2852 enflatur.
268 2773 360 2847 Quod
384 2774 409 2833 si
433 2772 534 2833 fratres
557 2792 618 2832 non
640 2777 775 2833 obstante
797 2774 879 2850 quod
899 2776 957 2835 sint
978 2775 1104 2834 mendici
1125 2785 1154 2833 et

100 2883 255 2952 propterea
275 2873 467 2950 multipliciter
488 2874 653 2950 spoliantes,
672 2872 814 2933 habeant⁸
835 2892 887 2932 cor
907 2875 1001 2950 magis
1022 2873 1154 2933 inflatum

99 2972 236 3049 superbia
259 2981 320 3030 tam
343 2988 433 3047 opere
461 2989 550 3047 quarn
574 2989 718 3042 sermone,
744 2990 870 3047 quorum
898 2972 1033 3048 superbia
1060 2972 1154 3048 magis

100 3069 191 3130 foetet
217 3087 317 3129 coram
340 3069 415 3140 Deo,
441 3070 490 3145 qui
515 3070 657 3145 superbos
682 3069 804 3146 despicit
829 3079 858 3128 et
879 3071 1101 3146 repugnantiam
1122 3071 1152 3126 in

100 3167 223 3246 adjecto,
245 3185 307 3226 non
327 3168 406 3225 enim
428 3167 523 3226 solum
545 3167 662 3226 ‘dicunt
682 3174 712 3226 et
732 3185 793 3225 non
815 3164 956 3239 faciunt⁹,'
971 3166 1024 3226 sed
1044 3167 1153 3226 veritati

100 3267 211 3344 primae
216 3266 239 3299 ¹⁰
252 3267 365 3324 notorie
380 3264 589 3324 contradicunt.

141 3363 234 3424 Sexto
249 3364 378 3424 conditio
394 3363 517 3421 caritatis
534 3372 586 3432 est,
601 3361 682 3438 quod
701 3381 755 3420 non
773 3369 815 3420 est
829 3362 982 3421 ambitioso.
1023 3361 1114 3434 Quod
1128 3365 1152 3422 si

100 3461 201 3522 fratres
226 3461 355 3521 honores
379 3459 546 3519 mundanos
570 3460 699 3536 cupiunt,
720 3458 801 3536 quod
825 3460 881 3519 sint
903 3460 1038 3519 ductores
1058 3459 1152 3519 domi·

101 3579 207 3620 norum
221 3578 255 3619 ac
270 3559 456 3619 dominarum
471 3556 663 3628 confessores,
678 3558 920 3616 communitatum
934 3568 964 3617 et
980 3557 1152 3616 familiarum

100 3669 237 3729 rectores,
262 3676 299 3717 ex
323 3675 376 3716 sua
401 3655 554 3734 prudentia
577 3672 729 3714 causarum
758 3666 968 3732 procuratores,
993 3666 1022 3715 et
1050 3657 1091 3715 sic
1116 3657 1153 3716 de

100 3756 189 3816 atiis¹¹
214 3755 399 3825 excellentiis,
421 3772 496 3830 quae
520 3755 551 3812 in
576 3752 694 3812 fratrum
717 3755 837 3813 statibus
857 3764 1013 3830 potuerunt
1034 3754 1153 3832 palliari,

134 3888 143 3917 ¹
160 3884 325 3950 eterogcnitas
339 3884 394 3949 (ie.
410 3882 630 3948 heterogeneitas)]
648 3883 880 3948 ethromogeneitas‚
898 3883 993 3939 A.a.b.;
1017 3889 1154 3947 etromoge·

100 3952 187 4008 neitas
199 3952 230 4002 C.
393 3948 403 3978 ²
419 3949 537 4014 Luciferi]
549 3948 642 4006 lucifer,
653 3948 702 3998 ab.
849 3950 858 3977 ³
875 3948 986 4013 quodsi]
998 3955 1023 3998 et
1034 3949 1063 4004 si.
1073 3948 1153 3999 a.b.C.

100 4018 110 4048 ⁴
126 4015 302 4083 prorumpunt]
314 4021 484 4080 prorumpant,
495 4014 525 4064 C.
622 4013 633 4043 ⁸
648 4013 765 4090 actionis]
777 4013 952 4071 accidentibus,
964 4015 993 4064 C.
1070 4014 1080 4042 ⁸
1096 4029 1153 4078 ege·

101 4083 169 4148 runt]
179 4083 281 4146 egerint.
295 4083 326 4133 C.
490 4079 499 4108 ¹
516 4078 653 4143 armonica]
667 4080 799 4136 Aaronrea,
811 4080 841 4129 C.
1008 4079 1017 4108 ¹
1034 4078 1153 4143 habeant]

101 4149 234 4204 habenta.
342 4144 400 4195 ’cf
419 4144 509 4195 Matth.
521 4158 586 4194 xxm
597 4157 622 4206 3.
732 4145 751 4175 ¹⁰
767 4143 872 4210 primae]
885 4144 976 4195 omC.
1085 4144 1103 4176 ¹¹
1120 4145 1156 4195 sic

101 4215 133 4264 de
144 4213 211 4278 aliis]
224 4211 319 4269 ceteris,
331 4213 361 4262 C.

1230 465 1292 527 441
