2864 4836
135 338 154 400 6
478 337 935 401 PRO‘LEGOMENA.

176 501 256 559 Libri
284 501 378 577 quarti
402 502 524 560 materia
548 499 776 577 frequentiorem
804 498 923 576 quidem
948 498 1135 557 occasionem
1163 495 1287 573 praebet

135 626 266 666 errorum
290 607 547 691 vituperandorum
571 618 658 684 atque
683 605 827 665 malorum
855 603 994 701 ecclgsiae
1023 603 1285 678 corrigendorum;

134 725 235 774 tamen
262 724 364 773 auctor
390 715 423 772 in
451 723 513 772 toto
538 730 628 790 opere
655 711 743 771 talem
771 730 802 771 se
827 710 953 782 exhibet,
978 710 1029 786 qui
1053 709 1192 769 ecelesiae
1218 727 1287 785 pur·

133 821 249 896 gandae
271 830 358 897 atque
378 820 410 878 in
429 819 580 878 meliorem
601 828 708 878 statum
729 816 935 878 restaurandae
958 828 1073 876 strenue
1098 815 1219 875 studeat.

690 1079 732 1149 0.

142 1276 145 1281 -
178 1240 314 1300 Formam
333 1259 369 1300 ac
383 1241 527 1301 rationem
539 1242 637 1318 operis
656 1239 832 1316 dialogicam
851 1256 924 1310 esse,
938 1237 1036 1296 titulus
1055 1235 1111 1313 ipsi
1129 1232 1288 1309 inscriptus

137 1348 239 1407 innuit.
282 1347 419 1424 Namque
434 1349 464 1405 in
478 1348 606 1407 editione
620 1348 752 1426 principe
765 1364 841 1423 opus
855 1355 1054 1421 nuncupatur:
1078 1341 1287 1417 ‘Dralagarum

137 1454 212 1511 libri
230 1454 365 1529 quatuor!
410 1453 469 1513 Sed
488 1454 567 1531 apud
584 1454 740 1531 scriptores
762 1453 850 1513 seculi
869 1451 936 1510 XV.
950 1462 979 1510 et
1000 1451 1031 1508 in
1051 1449 1188 1509 omnibus
1207 1446 1288 1505 libris

141 1577 231 1618 manu
254 1561 379 1620 exaratis
403 1578 478 1637 opus
503 1560 667 1638 ‘Trrblogr''
693 1561 814 1620 nomine
839 1568 962 1617 notatur.
1005 1557 1121 1630 Quibus
1145 1555 1288 1632 prologus

140 1684 159 1725 a
183 1666 298 1727 Wiclifo
326 1669 392 1743 ipso
420 1669 601 1745 compositus
626 1668 704 1728 hisee
729 1668 824 1726 verbis
849 1666 1037 1743 suffragatur:
1071 1665 1181 1722 ‘ardere'
1198 1671 1290 1738 parret

139 1776 236 1834 multet
249 1776 329 1834 utz'lis
340 1777 454 1851 quadam
469 1775 668 1835 Tmauouus!

140 1910 145 1917 ·
181 1881 270 1941 Unde
294 1892 424 1960 apparet,
450 1892 600 1942 auctorem
624 1883 721 1959 ipsum
749 1881 827 1942 hunc
851 1880 964 1940 titulum
989 1881 1072 1956 operi
1096 1878 1288 1955 inscripsisse,

141 1990 250 2066 quippe
273 1988 355 2067 quod
376 1989 462 2049 trium
484 2007 676 2066 personarum
698 1988 846 2065 colloquio
869 1989 1057 2046 contineatur.
1099 1983 1289 2043 Vocabulum

140 2096 239 2172 ipsum
259 2113 355 2172 neque
377 2094 498 2154 Graecis
519 2113 615 2172 neque
638 2094 781 2154 Romanis
805 2095 950 2165 usitatum,
973 2093 1064 2152 seda
1085 2090 1211 2159 Wicliio,
1233 2088 1291 2148 nisi

142 2202 275 2272 fallimur,
300 2201 459 2273 inventum,
485 2203 574 2261 errori
601 2202 796 2278 etymologica
828 2202 973 2277 originem
998 2200 1094 2271 debet,
1119 2217 1188 2258 cum
1215 2199 1291 2255 trra·

141 2308 228 2384 logus
252 2326 313 2366 non
337 2308 456 2383 dialogo
481 2307 533 2367 sed
554 2306 678 2385 dialogo
703 2309 815 2385 opponi
838 2309 975 2368 videatur.
1018 2305 1110 2383 Cujus
1132 2305 1173 2363 rei
1200 2313 1292 2363 testes

143 2424 211 2473 sunt
232 2414 364 2473 nonnulli
385 2414 448 2473 libri
469 2431 559 2472 manu
579 2415 685 2492 scripti,
700 2416 750 2492 qui
772 2433 838 2474 cunr
855 2414 979 2490 trialogo
997 2410 1191 2490 ‘dyalogrrm,'
1206 2409 1291 2487 quasi

143 2530 303 2596 cognatum
324 2531 353 2579 et
374 2520 499 2579 similem
519 2530 680 2591 tractatum,
702 2539 882 2598 componere
904 2520 1014 2593 solent;
1043 2519 1074 2578 in
1094 2536 1155 2577 uno
1177 2534 1291 2586 eorum,

142 2639 176 2686 ut
189 2625 264 2685 inira
278 2627 397 2698 dicetur,
411 2627 550 2704 scriptum
565 2638 624 2686 est:
647 2627 875 2705 ‘tria—dyaque
888 2627 991 2703 logus.'

185 2731 317 2811 Joannes
331 2732 462 2793 Wiclifus
477 2733 571 2793 forma
589 2733 732 2810 dialogice
751 2751 813 2793 non
833 2735 880 2793 hic
899 2734 1026 2809 primum
1045 2750 1115 2792 usus
1129 2741 1189 2804 est3
1212 2742 1293 2790 extat

144 2842 224 2900 enim
238 2841 313 2899 inter
327 2860 417 2918 opera
431 2841 493 2918 ejus
512 2841 620 2900 inedita
639 2841 759 2918 quidam
774 2840 933 2919 ‘Dialogus
945 2843 1003 2899 sive
1015 2842 1152 2916 speculam
1165 2840 1293 2900 ecclesiae

145 2948 311 3017 mr'lr'lanlti,'
327 2946 362 3005 de
378 2947 446 3006 cleri
460 2947 572 3019 ordine,
585 2947 651 3019 vita,
663 2947 759 3008 officio
774 2966 826 3024 per
841 2963 879 3022 35
895 2948 990 3023 capita
1003 2964 1103 3023 agens.
1144 2943 1207 3004 Cur
1217 2956 1293 3004 trac·

146 3062 237 3111 tatum
251 3054 338 3111 istum
356 3054 387 3111 in
401 3026 538 3130 colloquii
552 3052 676 3114 formam
691 3055 896 3130 composuerit,
912 3063 1012 3112 auctor
1030 3071 1124 3129 pauca
1144 3051 1293 3129 praelatus

145 3150 185 3218 ita
207 3159 343 3236 exponit:
376 3159 431 3218 ‘Et
453 3160 522 3236 quia
543 3160 625 3219 multi
646 3160 824 3219 delectantur
845 3161 875 3219 in
896 3159 1012 3236 loquela
1032 3159 1149 3235 dialogi,
1169 3176 1294 3218 moveor

146 3266 222 3326 adeo
244 3267 316 3326 duas
336 3284 478 3343 personas
499 3266 653 3339 adducere,
668 3268 776 3326 scilicet
802 3266 947 3325 Veritatem
967 3277 997 3325 et
1009 3265 1201 3337 Mendacium,
1216 3283 1294 3342 quae

146 3391 198 3449 per
225 3373 347 3432 modum
377 3373 581 3450 disputationis
612 3374 800 3451 loquerentur
826 3375 856 3432 in
888 3374 943 3434 ista
974 3375 1094 3433 materia
1121 3375 1294 3435 alternatim.

146 3479 185 3537 Et
205 3481 274 3555 quia
293 3481 397 3540 veritas
418 3490 462 3540 est
483 3479 623 3553 Christus,
637 3491 669 3539 ut
683 3491 762 3558 patet
774 3480 842 3559 Joh.
858 3501 886 3555 4,
901 3482 1016 3560 (recitas
1033 3479 1091 3559 14),
1112 3492 1141 3540 et
1159 3480 1295 3541 diabolus

148 3587 245 3663 ipsum
263 3587 458 3657 mendacium,
479 3598 511 3646 ut
531 3599 611 3664 patet
630 3587 698 3666 Joh.
714 3592 741 3661 8,
763 3608 834 3666 ergo
854 3591 992 3650 rationale
1014 3590 1125 3649 videtur
1144 3592 1295 3651 veritatem

149 3710 339 3768 praeponere,
364 3703 392 3751 et
417 3711 584 3754 sermonem
610 3695 697 3755 istum
724 3697 871 3756 mediante
899 3697 1006 3756 Christi
1032 3698 1125 3773 gratia
1149 3698 1294 3761 stabilire!

148 3798 228 3878 (MS.
242 3797 413 3858 Vindobon.
430 3797 482 3856 Nr.
499 3817 587 3875 3933,
602 3800 621 3858 s.
639 3813 719 3875 150⁰,
741 3800 793 3861 Nr.
811 3805 899 3878 1338,
914 3803 933 3861 s.
949 3801 1010 3880 55.)

189 3905 248 3966 Iste
277 3905 410 3982 dialogus
437 3906 500 3965 sine
529 3907 619 3967 dubio
648 3906 757 3986 aliquot
788 3911 871 3970 annis
901 3911 981 3987 prius
1007 3910 1102 3970 editus
1132 3921 1177 3970 est
1204 3928 1296 3988 quam

149 4013 313 4088 Trialogus.
355 4011 492 4090 Namque
517 4015 571 4073 etsi
594 4013 676 4074 locus
703 4017 822 4093 quidam
851 4036 915 4094 cap.
944 4036 977 4076 ra
1007 4018 1142 4088 ostendit,
1167 4019 1298 4080 schisma

150 4120 328 4179 occidentale
359 4122 420 4197 jam
453 4132 515 4180 tum
549 4123 687 4193 extitisse,
720 4142 787 4183 cum
820 4124 953 4201 dialogus
984 4126 1162 4196 scriberetur,
1195 4137 1297 4187 tamen

149 4226 259 4287 nullum
288 4228 411 4287 vidimus
440 4230 591 4306 vestigium
619 4233 758 4307 temporis
786 4250 866 4291 anno
894 4235 970 4306 1380
998 4233 1174 4309 posterioris.
1226 4233 1297 4308 Qua
