2864 4836
147 463 240 511 ...,
516 430 855 494 rrrrnrocus
1287 459 1345 523 ¹¹9

147 585 293 659 paulanve
318 589 485 667 incipiendo
510 593 596 652 nimis
620 592 669 652 diu
694 594 841 652 immorari
869 595 899 653 in
927 597 1030 655 notitia
1053 615 1148 656 rerum
1172 602 1203 657 in

147 685 268 760 proprio
279 703 395 762 genere.
439 688 526 748 Unde
541 691 605 748 talis
619 708 702 750 mora
715 703 759 751 est
772 691 935 768 periculosa
948 695 978 751 in
993 695 1087 766 nobis,
1099 706 1128 754 et
1142 715 1203 756 non

146 779 233 839 infuit
250 784 362 859 angelis
381 787 567 847 confirmatis.
612 788 672 847 Sed
685 807 747 848 non
761 790 855 860 vide0,
870 791 941 867 quin
962 791 1001 849 illi
1023 792 1118 869 angeli
1140 806 1200 852 tarn

146 887 218 937 tunc
229 897 319 956 quam
333 883 424 943 modo
438 895 564 960 possunt
578 903 757 962 cognoscere
771 906 817 946 res
831 889 862 946 ln
875 906 983 963 genere
998 890 1142 966 proprio¹,
1156 892 1198 950 sic

145 983 255 1048 tamen,
270 979 351 1055 quod
365 983 497 1041 notitiam
512 985 684 1042 matutInam
703 984 831 1044 debitam
851 1004 912 1045 non
926 987 1084 1047 omittant².
1127 988 1201 1047 Ideo
1217 982 1220 1027 ¹

143 1084 189 1133 est
203 1076 354 1136 verisimile
356 1080 456 1157 ,quod
470 1081 508 1139 illi
519 1081 614 1157 angeli
629 1082 792 1141 confirmati
806 1083 896 1142 resin
905 1086 995 1143 verbo
1005 1085 1201 1145 basilicaliter³

144 1186 336 1248 cognoscant,
350 1187 379 1235 et
393 1196 462 1236 cum
475 1178 532 1238 hoc
547 1179 638 1238 modo
657 1181 774 1239 visionis
792 1180 931 1240 refractae
951 1193 1136 1257 cognoscunt
1154 1202 1200 1242 res

143 1269 176 1326 ln
198 1273 319 1348 proprio
339 1293 455 1351 genere.
496 1276 613 1336 Diaboli
634 1288 732 1336 autem
753 1278 915 1337 confirmati
937 1278 1104 1350 fuissent,
1082 1298 1109 1339 ιι
1127 1291 1200 1339 tern-

142 1369 254 1443 pestive
278 1383 308 1430 et
335 1372 431 1432 debite
455 1374 493 1433 ad
517 1374 573 1433 Dei
600 1374 716 1434 laudem
740 1384 827 1452 atque
852 1377 985 1435 notitiam
1010 1376 1200 1436 divertissent.

143 1463 298 1536 Quantum
320 1470 359 1528 ad
380 1474 492 1530 tornioni
516 1484 730 1548 argumentum,
752 1474 885 1532 concedo
909 1484 1099 1550 assumptum,
1120 1474 1198 1532 unde

142 1565 328 1627 confirmatio
343 1571 474 1629 consistit
487 1571 648 1629 radicaliter
661 1571 691 1629 in
706 1570 968 1647 praedestinatione
982 1573 1080 1630 divina
1093 1582 1121 1630 et
1136 1573 1198 1648 ejus

142 1662 308 1724 assistentia
334 1669 469 1743 gratiosa.
519 1667 650 1745 Lapsus⁴
677 1678 773 1727 autem
802 1669 933 1727 consistit
961 1668 1175 1745 culpabiliter
1167 1688 1198 1728 tn

143 1773 292 1822 creaturae
315 1765 500 1841 negligentia,
523 1777 555 1826 ut
579 1767 690 1844 primus
714 1765 836 1842 angelus
861 1765 1042 1841 negligenter
1068 1777 1197 1826 moratus

140 1868 187 1918 est
210 1861 242 1918 in
265 1863 368 1922 notitia
389 1875 536 1924 creaturae
556 1865 587 1922 in
612 1881 666 1923 suo
687 1881 805 1940 genere,
830 1874 859 1922 et
884 1865 926 1921 sic
950 1881 1048 1938 neque
1068 1864 1194 1924 volentis

140 1959 239 2034 angeli
260 1978 356 2037 neque
377 1964 517 2023 currentis
537 1962 665 2022 hominIs
683 1971 725 2020 est
739 1980 791 2037 per
810 1979 842 2020 se
861 1960 1052 2032 confirmatio,
1068 1963 1120 2020 sed
1139 1961 1195 2022 Dei

141 2056 329 2117 miserentist

571 2212 666 2320 CIP.
689 2261 775 2318 XIII.

250 2423 256 2433 «
358 2389 493 2462 Quomodo
505 2392 602 2469 angeli
611 2392 676 2450 boni
686 2410 748 2448 cum
762 2392 845 2449 malis
853 2401 984 2467 pugnent.

183 2529 305 2589 Aleria.
348 2530 439 2603 Lioet,
453 2532 539 2591 irater
558 2532 723 2602 Phronesis,
744 2532 888 2590 sententia
907 2531 960 2588 ista
980 2532 1108 2589 videatur
1127 2550 1195 2608 pro-

142 2628 254 2698 babilis,
268 2639 366 2688 tamen
381 2641 512 2706 superest
530 2629 677 2707 difficaltm
695 2631 778 2688 terim
797 2628 980 2698 declaranda,
995 2629 1102 2687 scilicet
1121 2647 1195 2706 quo-

142 2726 234 2785 modo
255 2727 321 2784 boni
336 2730 435 2805 angeli
443 2736 578 2806 pugnant
595 2746 656 2785 cum
678 2728 769 2799 malti,
791 2738 820 2785 et
840 2726 974 2802 quando⁶
996 2728 1143 2803 inceperat
1166 2739 1194 2786 et

141 2825 262 2900 quando
276 2827 495 2937 terminabitur'
488 2836 542 2885 ista
555 2844 665 2902 pugna.

141 3018 241 3096 phetia
261 3020 392 3081 DanieIIs
416 3023 543 3081 edocent
563 3021 641 3079 illam
663 3039 802 3097 pugnarn.
846 3020 916 3079 Non
936 3031 1035 3079 tamen
1056 3022 1269 3097 intelligam,

139 3118 221 3195 quod
235 3119 353 3195 angeli'
346 3121 392 3178 rsti
406 3112 539 3196 pugnant
553 3119 697 3179 laedendo
712 3137 743 3178 se
757 3120 914 3195 reciproce,
930 3119 974 3176 vel
987 3119 1068 3195 quod
1079 3121 1193 3178 verber-

139 3217 220 3275 ando
241 3224 339 3276 aerem
360 3218 519 3277 trucidant⁷
540 3228 589 3276 aut
609 3217 728 3276 laedunt
748 3235 812 3276 sese
833 3219 864 3275 in
887 3235 1018 3293 corpore,
1041 3235 1108 3275 cum
1131 3235 1192 3275 non

139 3314 232 3373 taliter
252 3326 376 3391 possunt
396 3316 464 3392 pati,
480 3317 531 3374 sed
553 3317 709 3391 assumptis
730 3316 900 3391 corporibus
922 3314 1029 3372 docent
1048 3306 1210 3386 hommes!

139 3412 292 3490 quomodo
311 3414 365 3488 Ipsi
384 3413 532 3471 resistant⁸
552 3414 671 3489 spintui,
691 3414 779 3470 etiarn
798 3412 934 3470 violentia
952 3411 1103 3487 corporali.
1147 3411 1193 3470 Si⁹

137 3510 219 3570 enim
244 3510 379 3569 homiues
403 3511 505 3587 perfidi
526 3512 662 3569 resistunt
684 3510 771 3568 etlam
797 3520 898 3568 sancto
924 3509 1044 3585 spintui,
1066 3519 1097 3567 ut
1123 3510 1210 3604 dicit¹

139 3605 314 3684 Stephanus,
333 3609 399 3666 Act.
423 3609 488 3677 viii,
510 3608 601 3666 multo
625 3609 720 3682 magIs
745 3608 833 3666 creati
858 3607 973 3684 spiritus
999 3619 1125 3683 possunt
1146 3626 1191 3666 as·

138 3707 263 3783 sumptis
287 3706 459 3782 corporibus
485 3708 615 3765 resistere
639 3705 693 3763 sibi
717 3706 796 3781 ipsis.
848 3704 906 3764 Sed
928 3705 1076 3764 diversitas
1097 3715 1142 3765 est
1162 3691 1209 3764 inl

137 3804 299 3864 resistentia
312 3805 458 3862 bonorum
478 3805 628 3880 spirituum
648 3804 847 3862 etmalorum.
890 3802 969 3861 Nam
989 3803 1057 3861 mali
1076 3805 1192 3879 spiritus

171 3966 312 4032 ¹propri0]
330 3981 384 4023 suo,
402 3967 496 4017 A.B..C
513 3967 551 4016 ed.
569 3983 606 4033 pr.
785 3967 940 4032 ’omittant]
958 3966 1080 4022 amittant,
1099 3965 1192 4016 ΑΒΕ.

137 4031 507 4098 ἰιαεὶιιωιιιιι]ιβιισιλικόι.
518 4033 573 4094 cl]
560 4035 612 4094 Jac
624 4032 649 4081 ii.
662 4032 693 4087 ὃς
713 4033 836 4088 basaliter,
848 4033 912 4082 C..D
923 4033 961 4082 ed.
973 4047 1010 4096 pr.
1100 4030 1209 4135 ‘Lep-I

136 4097 191 4162 sus]
204 4098 287 4163 lapsis,
299 4099 337 4147 ιιι.
350 4113 386 4163 pr.
485 4097 542 4148 ἐι.
555 4097 644 4146 Rom'
637 4114 669 4146 ur.
685 4069 721 4148 ib.
811 4097 947 4161 “quando]
959 4048 1092 4162 quomodo
1104 4097 1142 4145 ed.
1154 4112 1208 4182 pr.

136 4164 146 4192 ⁷
135 4163 308 4292 213}de
311 4164 442 4279 guccident,
454 4164 561 4218 laedant
574 4163 664 4214 ΑΒΕ.
760 4161 912 4226 'resistant]
925 4163 1047 4218 resistunt,
1059 4162 1091 4210 D.
1103 4162 1142 4211 ιιι.
1154 4178 1191 4226 pr.
1206 4196 1209 4287 1

182 4245 188 4277 ι
232 4244 256 4278 rc
463 4240 466 4245 ·
