2864 4836
397 452 749 515 TRIALOGUS.

502 755 596 816 CnP.
620 756 671 814 IV.

167 902 248 976 Quod
258 905 338 964 Deus
350 911 390 965 sit
401 909 539 983 qur'dqm'd
548 907 646 964 melles
658 915 698 964 ts!
709 926 764 964 esse
777 927 859 982 quam
874 927 927 965 non
941 927 1004 966 esse.

97 1048 218 1108 Alrlhio.
262 1051 339 1112 Cum
353 1055 527 1132 principium
547 1055 583 1113 sit
602 1055 681 1131 apud
700 1055 863 1130 theologos
878 1055 959 1131 quod
973 1054 1055 1113 Deus
1073 1054 1109 1112 sit

56 1147 199 1223 quidquid
221 1151 323 1210 melius
345 1164 389 1211 est
411 1171 475 1211 esse
498 1170 587 1228 quam
613 1170 674 1210 non
697 1170 769 1222 esse,
792 1163 820 1210 et
841 1170 894 1228 per
914 1152 970 1210 hoc
993 1151 1109 1228 probari

56 1257 154 1325 potest
175 1250 271 1308 omnis
292 1252 453 1327 proprietas
477 1269 552 1326 quae
577 1251 777 1309 essentialiter¹
804 1251 879 1309 inest
903 1250 977 1309 Deo.
1000 1250 1110 1308 videtur

57 1344 184 1421 priorem
199 1349 349 1406 materiam
364 1367 427 1408 esse
441 1349 668 1430 relinquendam!
675 1349 778 1424 logicis
791 1360 820 1407 et
839 1349 1021 1407 tractandum
1038 1367 1109 1425 qua-

57 1446 121 1503 liter
142 1457 186 1504 est
205 1446 241 1505 de
263 1447 327 1506 isto.
370 1447 512 1507 Probatur
526 1460 623 1507 autem
642 1449 689 1507 illa
707 1449 864 1518 conclusi0,
885 1467 952 1507 cum
972 1447 1053 1506 Deus
1074 1447 1110 1505 sit

56 1561 146 1601 omne
161 1545 241 1620 quod
256 1559 299 1605 est
313 1546 410 1617 Deua,
433 1548 486 1606 sed
500 1547 602 1606 melius
617 1559 660 1606 est
674 1566 738 1606 esse
752 1547 859 1617 Deum,
874 1565 963 1623 quam
975 1564 1036 1603 non
1046 1563 1110 1604 esse

56 1640 171 1712 Deum;
200 1661 271 1719 ergo
289 1644 370 1703 Deus
388 1658 432 1704 est
451 1663 548 1715 omne,
568 1647 648 1722 quod
666 1647 767 1705 melius
786 1657 830 1704 est
854 1664 917 1704 esse
941 1664 1030 1722 quam
1050 1662 1111 1701 non

55 1757 137 1810 esse;
170 1759 238 1799 nam
263 1743 366 1801 melius
386 1755 430 1802 est
452 1742 564 1802 Deum²
585 1761 647 1800 non
668 1761 732 1800 esse
757 1742 908 1812 mundum,
933 1760 1022 1818 quam
1047 1759 1111 1799 esse

56 1836 209 1909 mundum,
232 1857 299 1897 cum
316 1840 398 1899 Deus
418 1843 568 1918 approbat,
589 1859 619 1899 se
640 1858 701 1897 non
719 1858 783 1899 esse
800 1839 951 1909 mundum,
971 1851 1111 1914 tanquam

54 1938 257 2013 consequens¹
277 1939 314 1997 ad
335 1939 432 1998 Deum
453 1958 526 1998 esse.
565 1939 647 1999 Istud
668 1957 739 2013 ergo
761 1938 841 2015 quod
861 1949 905 1997 est
927 1938 1111 1996 convertibile

55 2053 124 2092 curn
145 2037 239 2111 prima
259 2039 384 2096 essentia
405 2049 433 2096 et
448 2037 528 2097 Deus
550 2040 591 2097 sic
612 2037 712 2113 eligit⁴‚
728 2050 772 2096 est
793 2037 880 2113 longe
901 2037 1004 2095 melius
1023 2053 1111 2111 quam

54 2150 120 2191 esse
144 2134 286 2192 mundum
307 2136 351 2193 vel
371 2135 472 2194 aliam⁶
492 2147 668 2205 creaturam;
695 2136 754 2192 imo
769 2135 826 2193 hoc
840 2133 950 2192 videtur
971 2135 1053 2209 sequi
1074 2152 1111 2192 ex

57 2231 124 2297 isto,
148 2230 225 2289 Deus
248 2239 288 2290 est
310 2235 410 2308 optima
432 2253 527 2290 rerum
550 2234 668 2301 mundr',·
698 2235 766 2309 quia
787 2232 855 2290 dato
877 2233 942 2302 isto,
964 2249 1111 2308 quaecun-

53 2346 114 2405 que
133 2348 187 2399 res,
206 2330 296 2406 quae⁶
310 2348 371 2389 non
392 2341 435 2390 est
450 2331 539 2400 Deus,
554 2331 656 2389 melius
676 2342 719 2389 est
740 2331 846 2406 aliquid
859 2332 928 2388 'non
949 2349 1013 2390 esse
1035 2331 1112 2389 illam

55 2446 128 2498 rem,
140 2447 229 2505 quam
243 2440 287 2488 est
301 2429 408 2506 aliquid
422 2448 485 2489 esse
500 2429 577 2487 illam
592 2448 662 2498 rem,
674 2447 740 2487 cum
753 2447 844 2506 aeque
858 2431 970 2487 bonurn
985 2430 1019 2488 sit
1034 2429 1111 2487 illam

55 2545 119 2585 rem
141 2544 204 2586 esse
226 2527 312 2597 illam,
328 2528 400 2586 sicut
421 2539 464 2586 est
486 2526 593 2602 aliquid
614 2544 678 2584 esse
699 2526 786 2597 illam,
801 2545 869 2585 curn
891 2527 985 2586 solum
1006 2527 1053 2584 illa
1078 2528 1113 2585 sit

54 2623 112 2683 illa.
156 2624 193 2684 Et
208 2627 249 2685 sic
263 2628 428 2702 quicunque
440 2627 586 2702 negaverit
597 2624 815 2684 conclusionem
826 2626 1016 2701 propositam,
1027 2624 1113 2683 debet

56 2742 165 2800 negare
180 2735 400 2802 consequenter,
416 2725 497 2800 quod
511 2724 592 2783 Deus
606 2734 649 2782 est
663 2724 774 2799 optima
788 2742 883 2783 rerum
901 2724 1011 2782 mundi.
1055 2722 1113 2782 Sed

55 2823 122 2898 quis
137 2822 258 2881 infidelis
272 2823 316 2881 vel
330 2823 463 2881 ethnicus
477 2822 534 2881 hoc
554 2822 693 2897 negabit?
733 2820 771 2880 Et
791 2823 829 2879 ita
843 2822 999 2881 formaliter
1018 2823 1113 2899 sequi·

57 2932 114 2991 tur,
136 2922 189 2979 ista
209 2932 254 2980 est
275 2940 329 2992 res,
353 2940 427 2997 quae
450 2939 511 2979 non
535 2930 579 2978 est
600 2919 690 3001 Deus
710 2938 781 2995 ergo
803 2919 905 2980 melius
924 2931 967 2978 est
986 2920 1113 2996 aliquam

55 3037 120 3076 rem
143 3037 204 3076 non
224 3037 288 3079 csse
312 3019 411 3090 istud²‚
434 3036 521 3095 quam
546 3029 589 3077 est
613 3037 675 3076 rem
696 3019 822 3094 aliquam
844 3036 908 3077 esse
931 3018 1029 3077 istudl.
1076 3018 1114 3077 Et

56 3119 161 3176 iterum
186 3117 342 3176 formaliter
362 3119 497 3194 sequitur,
520 3118 573 3174 ista
598 3135 643 3175 res
667 3127 711 3175 est
732 3116 832 3187 deitas,
853 3133 925 3191 ergo
946 3117 1048 3176 melius
1070 3130 1114 3175 est

56 3215 167 3292 aliquid
181 3234 244 3275 esse
260 3218 343 3275 istam
358 3235 428 3286 rem,
444 3234 532 3292 quam
547 3226 599 3284 est,
614 3214 721 3290 aliquid
736 3232 796 3273 non
810 3234 874 3273 esse
889 3216 973 3275 istam
988 3234 1058 3273 rem.

1144 1061 1241 1110 Sententia

1144 1112 1157 1144 p
1205 1108 1254 1136 nitur

1144 1142 1299 1185 arquepmonrur.

1144 1183 1278 1274 &labbe

1144 1267 1301 1348 infime.

100 3312 238 3374 Pseustr‘s.
274 3313 434 3374 Delectaris
448 3313 570 3371 multum
585 3313 614 3370 in
629 3312 705 3371 istis⁹
719 3314 812 3372 verbis
829 3313 975 3388 globosis;
1004 3311 1114 3369 videtur
1157 3377 1180 3402 m

60 3421 169 3480 tamen,
179 3412 260 3486 quod
274 3413 448 3487 principium
462 3422 543 3468 tuum
558 3411 669 3468 nonsit
684 3411 814 3468 absolute
830 3410 1033 3478 necessarium,
1046 3426 1113 3466 cum

57 3510 197 3586 possibile
211 3512 247 3568 sit
261 3511 356 3587 solum
370 3510 468 3569 Deum
482 3528 555 3579 esse,
567 3519 596 3566 et
610 3508 634 3566 si
648 3509 698 3578 sic,
714 3519 782 3567 tuuc
793 3507 874 3566 Deus
889 3525 950 3564 non
965 3518 1007 3565 est
1030 3507 1113 3583 quid-

58 3609 158 3686 quid¹⁰
172 3609 274 3669 melius
287 3621 331 3668 est
345 3627 409 3668 esse
424 3627 512 3685 quam
534 3626 595 3666 non
617 3625 698 3677 esse;
729 3606 872 3682 quiahoc
894 3605 962 3663 dato
984 3623 1046 3663 non
1070 3617 1114 3665 est

57 3710 181 3778 bonum,
207 3707 313 3784 aliquid
341 3725 403 3765 non
429 3725 494 3765 esse
519 3706 635 3779 Deum;
664 3724 732 3765 cum
761 3705 896 3781 sequitur,
922 3705 1033 3763 bonum
1061 3714 1114 3775 est,

57 3804 168 3882 aliquid
183 3823 244 3864 non
259 3823 323 3864 esse
337 3804 443 3875 Deum,
458 3824 529 3881 ergo
544 3824 643 3864 verum
658 3816 710 3874 est,
725 3804 832 3880 aliquid
850 3821 910 3861 non
928 3822 992 3862 esse
1007 3803 1113 3873 Deum,

57 3917 86 3963 et
107 3922 161 3980 per
181 3921 365 3979 consequens
382 3896 464 3963 Dius
485 3922 546 3962 non
564 3898 611 3963 'est
632 3922 720 3961 omne
741 3902 823 3979 quod
844 3911 903 3972 est;
927 3918 1113 3977 consequens

94 4052 101 4080 ¹
120 4048 292 4112 essentialiter]
305 4049 431 4113 quomodo
443 4049 511 4103 libet.
524 4048 557 4097 D.
629 4049 638 4077 ²
655 4048 749 4114 Deum]
761 4064 811 4098 om.
826 4047 858 4096 D.
925 4047 934 4076 ³
951 4048 1113 4112 consequens]

57 4125 97 4166 est
109 4130 269 4178 consequeus,
280 4115 318 4163 ed.
331 4130 367 4178 pr.
477 4114 486 4142 ⁴
503 4123 527 4163 et
540 4114 609 4163 Deus
617 4115 653 4164 sic
664 4114 744 4180 eligit]
755 4113 800 4162 erit
814 4113 882 4162 Deus
893 4113 929 4161 sic
940 4112 1014 4167 elicit,
1025 4113 1064 4161 ed.
1076 4130 1113 4178 pr.

56 4180 171 4244 ’alianss
184 4180 299 4243 aliquam,
314 4179 346 4228 D.
437 4179 592 4242 ‘quaelom
605 4179 637 4228 D.
747 4179 849 4240 ⁷istudl
864 4179 943 4233 istum,
956 4178 1015 4227 B.C.
1027 4179 1066 4227 ed.
1079 4197 1114 4244 pr.

57 4250 67 4275 ⁸
85 4247 151 4296 istud
154 4277 162 4308 J
179 4245 222 4301 B.;
244 4246 324 4299 istam,
337 4246 408 4294 ΑΒ..
467 4246 476 4274 ⁹
493 4245 558 4308 istis]
572 4245 617 4299 his,
630 4245 661 4292 D.
729 4247 747 4274 ¹⁰
764 4245 893 4308 quidquid]
905 4245 955 4308 qui.
967 4244 1004 4292 ed.
1017 4260 1053 4309 pr.

100 4346 280 4387 TRIALOGUS.
581 4347 600 4387 E
