2864 4836
497 437 756 519 Joarurvrs
796 437 1013 503 ulem
1203 459 1278 499 usn
1326 426 1328 435 '

230 603 303 664 haee
318 602 400 663 radix
415 601 492 663 mala
505 603 581 662 intra
594 603 755 674 ecclesiam,
769 600 821 662 fuit
834 600 898 661 talis
912 601 1066 678 cupiditas
1086 604 1121 664 in
1136 603 1281 663 diaboloet

231 703 327 778 primo
340 701 469 773 homine,
484 713 513 761 et
527 702 569 761 sic
583 700 817 779 impugnabiliter
836 701 924 759 etiarn
944 718 964 758 a
977 699 1111 762 Pseuste
1126 703 1198 763 dicit
1209 718 1282 778 aput·

231 799 315 864 tolus,
330 799 411 876 quod
426 799 506 858 radix
521 801 654 859 omnium
674 798 817 858 malorum
838 798 869 857 in
882 799 937 857 ista
957 798 1092 859 ecclesia
1113 810 1164 861 est
1183 798 1283 861 infamis

230 897 381 973 cupiditas.
424 897 489 957 Nec
504 909 601 956 movet
615 896 722 974 duplex
736 897 876 974 objectus,
891 896 996 972 quem¹
1013 899 1140 975 objicis,
1151 917 1221 959 curn
1231 896 1284 956 talis

232 995 373 1071 cupiditas
397 995 442 1054 vel
467 996 641 1055 convertitur
665 1012 733 1054 cum
758 995 893 1072 superbia
916 994 962 1053 vel
987 996 1091 1072 ipsam
1118 997 1240 1057 includit
1258 1004 1285 1054 ut

230 1112 332 1170 genus.
374 1092 439 1152 Nee
452 1095 537 1153 obest
552 1103 704 1169 peccatum
718 1094 865 1170 signatum
878 1092 909 1151 in
922 1104 1025 1152 nostra
1040 1094 1176 1154 ecclesia
1189 1095 1284 1153 habere

231 1192 356 1252 radicem
382 1193 536 1269 duplicem,
561 1191 801 1269 propinquiorem
825 1190 898 1252 sicut
921 1192 1104 1268 superbiam,
1129 1203 1163 1254 et
1187 1193 1285 1253 disten·

230 1290 333 1349 tiorem
348 1291 421 1350 sicut
435 1291 626 1349 omissionem
640 1291 670 1348 in
685 1306 802 1365 genere.

271 1389 330 1447 Sed
345 1398 487 1464 quantum
507 1389 544 1447 ad
564 1389 721 1459 at’aritiam,
737 1397 832 1464 potest
851 1386 908 1445 dici
926 1385 1008 1461 quod
1028 1386 1098 1463 ipsa
1117 1388 1285 1467 descriptire

229 1486 266 1544 ad
282 1497 411 1546 nostram
430 1487 620 1545 intentionem
640 1495 684 1546 est
702 1485 884 1544 inordinatus
900 1500 983 1542 amor
1002 1488 1233 1562 temporalium
1259 1498 1285 1547 et

229 1584 358 1660 intelligo
373 1584 551 1660 temporalia,
562 1595 594 1643 ut
606 1596 672 1643 sunt
686 1583 839 1660 vulgariter
852 1582 1004 1653 intellecta,
1016 1583 1130 1645 seilicet
1140 1604 1198 1663 pro
1208 1585 1283 1645 omni

229 1692 342 1740 terrena
356 1683 524 1753 substantia,
536 1700 610 1758 quac
625 1692 721 1758 potest
731 1699 795 1741 esse
806 1681 843 1740 de
857 1680 1045 1757 possessione
1059 1680 1204 1744 hominis.
1239 1684 1284 1743 In·

229 1779 328 1855 telligo
342 1780 429 1838 etiam
444 1799 496 1856 per
510 1781 681 1856 temporalia
694 1779 878 1838 habitudines
891 1779 1064 1854 respectivas
1079 1780 1112 1838 in
1128 1783 1217 1842 rebus
1233 1794 1284 1842 ter·

229 1878 305 1936 renis
320 1877 463 1948 fundatas,
480 1897 552 1954 quas
567 1879 658 1936 homo
673 1878 902 1936 irrationabiliter
915 1876 1049 1953 appetit',
1064 1878 1142 1939 sicut
1157 1880 1283 1939 dominia

230 1987 258 2033 ct
272 1975 399 2035 honores
413 1976 587 2047 mundanos,
599 1976 691 2052 quae⁸
704 1995 740 2034 ex
755 1976 940 2052 possessione
955 1975 1056 2034 talium
1070 1978 1216 2037 oriuntur.
1248 1976 1284 2036 Et

229 2084 297 2133 tunc
319 2084 397 2150 patet
418 2077 490 2133 ratio
511 2074 714 2151 descriptionis
734 2084 763 2132 et
784 2074 937 2133 detestatio
956 2073 1044 2150 hujus
1065 2075 1200 2137 criminis
1218 2095 1283 2138 cum

229 2171 423 2232 declaratione
444 2175 474 2232 in
495 2173 554 2232 suis
573 2174 701 2249 partibus
720 2173 891 2248 subjectivis.
935 2171 1014 2231 Inter
1032 2175 1137 2232 omnia
1158 2193 1283 2252 namque

229 2279 350 2344 peecata
360 2271 476 2329 avaritia
487 2270 574 2330 habet
585 2270 650 2347 plus
660 2270 912 2330 irrationabilitatis
922 2281 950 2330 et
960 2270 1283 2346 elongationis⁴aDea

212 2379 258 2426 tet
274 2367 343 2426 hinc
363 2387 430 2428 cum
450 2387 591 2429 succensa
610 2369 701 2440 fuerit,
717 2369 799 2428 ardet
818 2369 925 2428 diutius
942 2386 979 2427 ex
999 2369 1120 2447 proprio
1140 2370 1281 2431 fomento.

230 2465 323 2524 Terra
336 2466 455 2543 quidem
474 2478 502 2526 et
520 2477 634 2527 terrena
653 2477 720 2527 sunt
739 2484 863 2545 corpora
881 2466 1008 2526 maxime
1022 2484 1127 2543 opaca,
1146 2470 1181 2528 α’
1199 2469 1281 2529 coelo

230 2566 365 2624 situaliter
386 2566 479 2640 magis
501 2567 644 2636 distantia,
659 2577 688 2624 et
709 2567 803 2641 magis
824 2575 961 2625 extranea
982 2576 1012 2624 ut
1033 2566 1138 2626 satient
1156 2567 1282 2628 hominis

213 2706 215 2711 -
231 2666 399 2739 appetitum.
434 2663 472 2722 Et
486 2666 528 2722 sic
542 2664 674 2740 discipuli
685 2663 791 2723 Christi
805 2663 964 2723 vendentes
977 2682 1028 2723 sua
1042 2666 1218 2740 temporalia
1231 2683 1281 2743 po

230 2773 348 2820 suerunt
363 2780 465 2820 eorum
480 2763 571 2837 pretia
582 2773 648 2820 ante
663 2762 753 2838 pedes
764 2761 973 2838 apostolorum,
985 2771 1017 2820 ut
1030 2759 1152 2837 legitur⁶
1162 2765 1229 2823 Act.
1240 2766 1282 2831 iv,

213 2886 215 2929 t
230 2877 264 2916 ac
279 2861 302 2916 si
317 2858 438 2918 infacto
453 2860 589 2931 dicerent,
604 2861 719 2919 affectio
734 2860 936 2936 temporalium
950 2859 1036 2919 debct
1050 2861 1175 2936 pedibus
1196 2863 1284 2921 animi

230 2956 288 3014 he.
304 2959 478 3033 appetitibus
499 2958 671 3017 conculcari.
718 2957 754 3015 Et
770 2959 837 3017 hinc
852 2958 955 3035 legitur
969 2958 1120 3035 apostolos
1142 2963 1283 3036 sparsisse

230 3055 377 3130 pulverem
392 3074 509 3114 suorum
521 3056 638 3133 pedum,
650 3056 770 3131 quando
784 3067 976 3133 perceperunt
990 3056 1097 3116 taliter'
1109 3057 1284 3119 obstinatos.

230 3153 315 3211 Multi
339 3154 457 3230 quidem
483 3154 657 3230 reliquerunt
681 3153 777 3229 legem
803 3154 924 3213 Domini
951 3165 1071 3231 propter
1094 3156 1283 3217 affectionem

230 3253 396 3322 indebitam,
416 3270 504 3328 quam
525 3252 633 3310 habent
654 3253 684 3309 in
705 3252 912 3328 temporalibus
934 3254 1106 3329 prosperari.
1151 3253 1226 3315 Ideo
1247 3255 1284 3316 ad

231 3350 439 3421 denotandum,
455 3350 535 3426 quod
555 3350 680 3426 apostoli
699 3368 760 3409 non
779 3352 930 3427 cupierunt
950 3351 1122 3428 temporalia
1141 3355 1186 3412 sui
1202 3356 1285 3414 audi·

212 3376 293 3591 {terii
309 3449 374 3508 sed⁸
389 3469 420 3509 se
439 3452 529 3526 ipsoS,
551 3450 581 3507 in
603 3467 655 3506 sua
677 3450 860 3525 separatione
881 3450 919 3508 ab
940 3451 990 3521 eis,
1005 3450 1114 3526 pedum
1134 3452 1284 3528 pulverem

212 3547 449 3635 'resperserunti
492 3547 530 3606 Et
550 3548 662 3606 utinam
686 3547 902 3623 pseudofratres
923 3549 965 3607 sic
990 3548 1117 3607 facerent
1141 3549 1232 3611 hodie
1255 3553 1284 3611 in

212 3650 215 3745 ἔ
230 3644 333 3702 effectu
348 3647 353 3701 !
389 3644 465 3704 Cum
480 3663 551 3722 ergo
566 3645 738 3721 temporalia
752 3664 769 3704 a
784 3645 850 3705 Deo
866 3648 992 3705 maxime
1006 3646 1190 3724 elongantur,
1205 3660 1235 3709 et
1254 3651 1284 3709 in

230 3761 266 3800 eo
292 3743 385 3800 solum
411 3754 454 3802 est
479 3743 724 3802 naturalissimum
749 3754 878 3803 ruentem
903 3745 1024 3804 finaliter
1048 3746 1178 3822 quietari,
1205 3759 1283 3825 patet

262 3966 270 3995 ¹
287 3963 372 4029 quern]
385 3965 517 4028 quomodo.
530 3965 573 4020 C.;
592 3965 699 4028 quando,
710 3964 739 4014 B.
751 3965 789 4014 ed.
801 3981 838 4030 pr.
986 3965 997 3995 ¹
1012 3967 1120 4033 appetit]
1132 3969 1240 4034 respicit,
1252 3971 1281 4019 B.

211 4048 214 4081 ι
229 4031 349 4080 secundae
361 4046 454 4079 manus.
521 4030 530 4058 ³
547 4030 621 4094 quae]
634 4030 698 4094 quia,
711 4030 744 4079 Ι).
810 4031 819 4059 ⁴
836 4031 1056 4082 irrationabilitatis
1066 4041 1092 4083 et
1103 4034 1281 4100 elongationis]

229 4096 426 4144 irrationabiliter
438 4095 620 4160 relongationis
630 4096 668 4145 ed.
680 4112 717 4160 pr.
783 4095 793 4124 ⁵
808 4096 835 4160 a]
847 4105 880 4151 et,
888 4097 926 4146 ed.
935 4114 971 4163 pr.
1037 4098 1047 4127 ⁸
1063 4098 1165 4164 legitur]
1174 4101 1282 4166 loquitur

229 4168 328 4209 sanctus
341 4161 427 4210 Lucas.
440 4161 532 4211 alte.
658 4161 668 4189 ⁷
685 4161 778 4226 taliter]
791 4162 927 4218 causaliter.
940 4163 968 4211 Β.
980 4164 1074 4228 primae
1084 4181 1180 4221 manus,
1191 4167 1230 4214 ed.
1243 4184 1280 4231 pr.

210 4234 214 4308 Ι
229 4226 238 4252 ⁸
254 4225 376 4281 auditorii,
389 4225 444 4290 seul]
456 4227 582 4276 autlitione
593 4226 675 4284 habet,
687 4227 725 4276 ccl.
737 4243 773 4291 pr.
844 4229 853 4256 ⁹
871 4229 1048 4293 resperserunt]
1060 4230 1235 4295 disperserunt,
1247 4234 1279 4281 A.
