2864 4836
448 339 798 347 -—-—-—-—————-—-—-

141 466 236 512 can„
509 445 850 508 JRJALOGUS.

143 604 228 682 ipsos
246 606 362 666 inficere
377 617 405 666 et
420 625 436 665 e
451 617 560 666 contra
603 605 668 666 Nec
681 618 725 667 est
742 618 956 684 argumentum,
971 611 995 668 si
1015 611 1078 687 ipse
1097 611 1196 671 statuit

143 703 191 778 eis
203 702 299 779 legem
320 704 393 764 dans
410 705 480 782 ipsis
499 705 688 782 privilegium,
702 706 783 782 quod
804 707 840 765 sit
854 707 990 778 bonum¹,
1005 727 1073 769 cum
1093 711 1195 769 beatus

143 799 285 861 Clemens
299 803 445 879 prohibuit
460 803 602 880 populum
616 821 701 862 suurn
716 803 808 864 taliter
822 805 996 865 mendicare.

541 1261 636 1323 CAP.
658 1262 800 1322 XXXIV.

279 1420 384 1494 Quibus
398 1424 428 1480 in
443 1423 644 1501 rebussraires
657 1423 714 1501 legi
727 1421 842 1482 Christi
853 1423 995 1481 conirmii
1003 1423 1068 1482 sciri.

186 1576 307 1637 Airihrir.
349 1576 447 1654 Major
466 1596 534 1654 pars
555 1578 632 1654 vulgi
654 1578 768 1648 credit¹,
786 1596 853 1637 cum
876 1577 977 1637 iratres
998 1578 1039 1637 sic
1059 1576 1196 1637 celebrant

134 1676 306 1752 praediun!
316 1685 402 1752 atque
416 1683 506 1747 orani,
522 1677 602 1752 quod
617 1685 685 1734 sunt
699 1676 854 1735 necessarii
870 1686 988 1735 sanctae
1002 1678 1086 1735 matri
1100 1677 1195 1736 eccle-

142 1773 213 1832 siae.
255 1772 329 1832 Ideo
353 1774 409 1844 dic,
430 1791 512 1851 rogo,
534 1775 565 1832 in
589 1792 641 1849 quo
664 1780 732 1833 runi
749 1775 888 1832 contrarii
906 1775 965 1850 legi
984 1774 1104 1844 Christi,
1125 1776 1194 1853 quia

141 1881 214 1932 tunc
228 1872 346 1931 indubie
361 1883 429 1932 sunt
442 1872 579 1932 haeretici
594 1883 623 1932 et
636 1891 654 1931 a
668 1873 778 1933 clericis
793 1871 990 1949 spiritualiter⁸
1003 1871 1158 1949 lapidandi

184 1967 347 2032 Phrenesis.
390 1965 512 2029 Constat
526 1970 607 2047 quod
621 1971 771 2049 superficie
783 1980 867 2030 tenus
881 1969 991 2029 iaciunt
1004 1969 1078 2030 haec
1092 1988 1192 2046 opera,

141 2075 173 2125 et
205 2077 325 2143 propter
352 2067 498 2127 occultam
530 2068 642 2127 cordis⁴
672 2068 811 2127 malitiam
838 2079 900 2126 tam
928 2068 981 2127 sibi
1009 2085 1098 2146 quam
1131 2068 1193 2128 aliis

141 2166 267 2226 multum
290 2176 417 2240 nocent;
449 2185 511 2226 non
535 2177 635 2227 tamen
662 2185 741 2244 nego
765 2168 818 2226 sed
846 2185 991 2245 suppono,
1017 2167 1098 2244 quod
1122 2169 1193 2226 boni

140 2262 230 2340 aliqui
245 2265 357 2322 suntin
374 2265 424 2323 eis.
466 2262 617 2335 Quantum
637 2264 675 2323 ad
693 2264 901 2335 celebran'onem,
916 2275 1027 2325 certum
1047 2274 1091 2325 est
1111 2266 1191 2342 quod

141 2360 213 2420 siin
226 2361 324 2420 radice
338 2370 406 2419 sunt
424 2360 559 2420 haeretici
579 2373 722 2438 negantes
740 2381 850 2438 panem
871 2381 935 2423 esse
955 2380 1061 2440 corpus
1076 2361 1190 2432 Christi,
1241 2377 1349 2446 '²325ss
1364 2372 1376 2406 ἱ·

140 2458 195 2518 sed
208 2457 289 2535 quod
303 2458 438 2518 accidens
451 2460 493 2518 eis
507 2459 690 2535 incognitum
704 2461 743 2518 ab
761 2460 831 2537 ipsis
844 2460 980 2519 idolatre⁶
994 2472 1189 2530 consecratur,
1223 2460 1263 2524 {120²
1309 2464 1345 2528 2⁰0

140 2566 212 2616 tunc
236 2556 422 2617 manifestum
446 2567 491 2616 est
514 2557 595 2634 quod
619 2557 650 2617 fit
674 2576 776 2618 eorum
800 2558 956 2618 celebratio
979 2559 1010 2617 in
1034 2568 1188 2634 peccatum
1223 2541 1243 2566 ⁵⁸
1271 2624 1302 2648 0,
1339 2592 1346 2600 -

140 2653 231 2730 longe
252 2654 412 2714 evidentius
431 2673 520 2731 quam
541 2655 735 2715 sacerdotium
754 2655 825 2715 Baal
846 2656 890 2715 vel
911 2655 1097 2715 idolatrarum
1117 2674 1189 2732 gen·

140 2748 249 2812 tilium⁸
266 2753 469 2828 pessimorum.
511 2752 549 2812 Et
568 2765 711 2831 quantum
725 2755 763 2813 ad
775 2755 1008 2830 praedicationem
1022 2772 1134 2824 eorum,
1149 2754 1190 2812 rei

141 2860 262 2908 eventus
280 2849 406 2908 ostendit
425 2851 577 2926 quomodo
591 2851 709 2911 resultat
722 2853 752 2910 in
770 2852 1024 2912 deteriorationem
1038 2851 1188 2922 ecclesiae,

140 2958 174 3007 ut
197 2948 221 3008 si
248 2947 416 3007 curvantes*
445 2947 534 3006 fidem
560 2950 716 3025 scripturae
741 2950 895 3008 intendunt
922 2948 1189 3026 rythmisationibus

140 3044 355 3104 adulationibus
383 3045 608 3105 detractionibus
636 3058 723 3122 atque
751 3046 919 3116 mendaciis,
944 3046 1002 3104 fide
1030 3048 1188 3122 scripturae

141 3143 271 3213 dimissa,
287 3152 317 3201 et
330 3153 452 3219 peccato
466 3143 536 3203 dure
551 3143 736 3220 reprobando
752 3143 890 3215 dimisso;
912 3144 977 3219 quis
991 3143 1103 3202 dubitat
1116 3145 1188 3219 quin

139 3258 242 3301 eorum
268 3239 369 3299 frivola
391 3242 596 3300 sermocinatio
621 3251 709 3300 nocet
729 3240 888 3301 ecclesiae?
928 3239 966 3298 Et
988 3252 1129 3317 quantum
1150 3241 1188 3300 ad

139 3340 275 3396 mannus
288 3355 389 3397 eorum
403 3333 620 3414 hypocriticas⁸,
631 3338 735 3396 eadem
749 3348 793 3396 est
807 3337 1010 3409 consideratio,
1026 3339 1187 3397 secundum

141 3432 320 3511 Gregoriiem,
346 3453 414 3494 cum
438 3435 535 3511 isqui
560 3434 598 3492 ad
622 3435 860 3494 intercedendum
884 3437 1080 3507 necessitatur,
1105 3436 1187 3495 Deo⁰
1220 3455 1343 3490 erumnas

1219 3503 1298 3538 peccant
1306 3505 1362 3540 utque

138 3531 280 3610 displicet,
295 3533 397 3609 procul
410 3533 500 3591 dubio
515 3532 577 3592 irati
583 3532 605 3565 ¹⁰
618 3533 733 3591 animus
746 3533 785 3591 ad
798 3533 924 3593 deterius
938 3544 1120 3610 provocatur.
1219 3537 1309 3612 3323&

179 3630 226 3690 De
240 3631 376 3688 drwdecrm
391 3640 488 3690 autem
501 3629 677 3689 maenalus
679 3630 818 3708 fratrum
831 3648 925 3708 pauca
939 3632 1066 3692 recitabo
1085 3634 1116 3691 in
1130 3632 1185 3693 isto

171 3807 303 3872 ¹bonum]
315 3822 407 3864 verum.
419 3807 449 3858 C.
460 3807 554 3873 primae
564 3824 660 3865 manus,
671 3808 709 3860 ed.
721 3825 757 3874 pr.
925 3809 1039 3876 'credit]
1052 3813 1142 3870 tremit.
1155 3813 1185 3864 C.

139 3874 261 3924 secundae
271 3888 367 3930 manus,
381 3873 413 3922 Α.
425 3873 519 3938 primae
529 3889 624 3929 mnus.
637 3874 665 3923 B.
831 3875 842 3906 ⁸
858 3876 1027 3941 spiritualiter]
1039 3878 1185 3942 specialiter,

138 3939 177 3989 ed.
189 3955 226 4004 pr.
300 3939 309 3968 ⁴
326 3938 449 3989 occultam
461 3937 553 4001 cordis]
566 3939 715 3988 occultatam
725 3939 752 3989 in
763 3941 846 3998 corde,
857 3942 896 3991 ed.
908 3958 945 4007 pr.
1042 3941 1052 3972 ⁸
1067 3942 1172 3993 idolatre

138 4003 258 4060 idolatrie.
270 4003 309 4053 ed.
321 4019 373 4068 pr.;
390 4003 495 4053 idolatre
505 4003 560 4051 adv.
573 4003 622 4052 h.e.
689 4005 837 4055 idolatriam.
1016 4006 1170 4071 ‘gentilium

187 4069 257 4124 tium,
269 4068 308 4118 ed.
320 4084 388 4144 pr..
480 4020 827 4133 'curvantesfftcrurantesed
840 4087 877 4136 pr.
1002 4071 1185 4122 'orationes-

156 4132 514 4199 ypocritioas]oratronem-h
548 4134 785 4189 ocriticam.A.B.C.
910 4135 1102 4194 'necessitatun
1115 4137 1183 4204 Deo]

138 4199 249 4256 mittitur,
261 4199 299 4248 ed.
311 4214 348 4264 pr.
446 4201 465 4229 ¹⁰
480 4199 536 4248 irati
561 4199 656 4255 irritati,
668 4199 700 4249 A.
