2864 4836
90 414 108 429 '⁴
135 446 221 485 cans
494 430 850 494 TRIALOGUS.

138 591 295 670 populum,
310 591 379 652 iacit
392 593 503 670 ipsum¹
519 596 701 656 committere
715 594 886 665 idolatriam,
899 606 987 673 negat
1001 596 1089 655 fidem
1104 599 1195 673 scrip-

138 698 278 761 tumest
294 709 347 768 per
366 709 551 768 consequens
569 711 607 751 ex
625 693 794 753 infidelitate
813 694 1006 770 multipliciter
1025 695 1063 754 ad
1082 697 1196 754 iracun-

139 785 222 851 diam
235 799 374 864 provocat
384 791 541 848 veritatem.
578 789 637 849 Hie
651 801 748 850 autem
759 792 882 851 breviter
893 792 1009 851 inculco
1020 795 1195 853 sententiam

138 902 180 945 ex
191 885 360 945 testimonio
373 886 441 945 fidei
456 888 622 964 scripturae.
656 888 694 948 Et
708 891 804 966 primo
818 890 899 966 quod
913 890 970 950 hoc
982 903 1207 964 sacramentum?
1232 913 1347 949 sicima
1358 918 1387 949 at

139 981 180 1047 dt
193 999 302 1060 corpus
316 981 423 1043 Christi
438 985 467 1043 in
482 984 577 1043 forma
590 988 684 1063 panis.
726 988 765 1045 Et
779 1006 847 1046 cum
861 988 997 1047 haeretici
1011 988 1197 1066 adversantes
1232 965 1386 1039 iihihma

139 1079 241 1141 dicant
255 1081 370 1158 singuli,
385 1082 466 1159 quod
480 1082 536 1141 hoc
551 1095 764 1143 sacramentum
784 1095 829 1144 est
847 1085 984 1145 accidens
999 1087 1058 1144 sive
1073 1087 1152 1158 nihil,
1168 1097 1197 1146 et

138 1196 205 1243 non
219 1191 316 1257 potest
330 1199 395 1240 esse
409 1199 516 1258 corpus
528 1180 643 1253 Christi,
655 1184 721 1241 licet
735 1202 842 1261 eorpus
854 1183 961 1243 Christi
972 1187 1009 1243 sit
1023 1185 1061 1245 ad
1074 1203 1196 1244 omnem

116 1278 120 1284 ’
139 1288 285 1357 punctum
299 1280 330 1337 in
349 1279 414 1355 ipso
435 1280 647 1352 absconditum,
662 1281 848 1339 manifestum
865 1292 918 1352 est,
932 1282 1014 1358 quod
1033 1283 1073 1340 illi
1092 1301 1197 1342 omnes

139 1384 212 1439 mut
231 1375 326 1434 dolosi
345 1374 499 1448 haeretici;
529 1377 624 1437 dolosi
644 1378 719 1449 dico,
739 1380 808 1455 quia
826 1390 952 1438 noscunt
972 1383 1196 1439 communitates

137 1471 296 1537 hominum
317 1474 347 1531 in
367 1474 472 1550 majori
493 1485 574 1550 parte
596 1476 638 1535 sic
660 1476 789 1548 credere,
807 1487 836 1535 et
857 1477 969 1548 nolunt,
991 1477 1125 1537 nesciunt
1147 1488 1197 1537 aut

140 1586 207 1631 non
226 1571 336 1629 audent
357 1572 446 1630 fidem
468 1590 550 1631 suam
571 1572 625 1632 illis
647 1573 790 1651 detegere.
834 1573 911 1633 Cum
932 1593 1003 1651 ergo
1027 1575 1099 1634 haee
1122 1575 1196 1634 fides

140 1667 288 1729 catholica
301 1670 338 1728 sit
352 1671 383 1727 in
397 1669 454 1728 fide
470 1670 627 1746 scripturae
642 1682 701 1729 tarn
716 1672 813 1747 patule
828 1683 1002 1747 expressata,
1017 1683 1098 1748 patet
1111 1672 1193 1749 quod

140 1767 289 1828 sententia
305 1767 360 1825 sibi
375 1768 519 1826 contraria
537 1778 582 1826 est
600 1768 753 1827 manifeste
773 1769 926 1828 haeretica.
969 1768 1060 1841 Quid,
1075 1787 1196 1845 quaeso,

141 1874 189 1924 est
213 1863 299 1923 alicui
321 1865 416 1940 magis
441 1866 617 1924 eontrarium
642 1884 731 1943 quarn
753 1867 895 1925 sententia
916 1884 992 1942 quae
1016 1867 1093 1937 dicit,
1115 1867 1196 1943 quod

140 1961 203 2023 hoc
217 1973 432 2021 sacramentum
447 1974 489 2021 est
504 1964 749 2023 sacramentaliter
764 1982 870 2040 corpus
881 1963 996 2035 Christi,
1010 1975 1039 2022 et
1054 1965 1196 2024 sententia

134 2059 201 2120 -sibi
222 2061 402 2119 contrarians
423 2078 498 2137 quae
520 2061 597 2131 dicit,
612 2061 693 2138 quod
714 2062 771 2121 hoe
794 2070 1008 2120 sacramentum
1025 2080 1087 2120 non
1100 2072 1197 2137 potest

142 2174 210 2217 esse
231 2157 389 2234 aliqualiter
409 2176 517 2234 corpus
538 2158 667 2218 Christi?
702 2170 731 2218 et
752 2178 811 2236 quo
837 2160 875 2219 ad
900 2159 1059 2218 secundam
1083 2170 1196 2236 partem

142 2251 237 2332 quae²
251 2255 328 2326 dicit,
348 2256 428 2332 quod
447 2256 505 2315 hoc
525 2268 738 2316 sacramentum
758 2269 802 2317 est
821 2258 986 2317 naturaliter
999 2276 1083 2317 verus
1102 2258 1196 2333 panis,

141 2362 172 2412 st
193 2354 336 2413 sententia
357 2353 411 2411 sibi
431 2355 616 2431 pertinaciter
638 2357 825 2426 contrarians,
846 2374 922 2433 quae
943 2356 1021 2427 dicit,
1039 2357 1120 2433 quod
1140 2356 1196 2414 hoc

143 2459 361 2510 sacramentum
376 2469 437 2509 non
451 2461 547 2528 potest
561 2471 625 2511 esse
646 2454 739 2529 panis,
755 2470 822 2511 eum
837 2455 873 2511 sit
892 2454 1028 2512 accidens
1042 2455 1100 2511 sive
1116 2452 1195 2510 nihil.

142 2548 274 2627 Expedit
295 2567 366 2626 ergo
387 2550 579 2610 universalem
600 2551 752 2609 ecclesiam
774 2552 812 2609 ad
834 2563 975 2628 punctum
996 2553 1084 2610 istum
1105 2563 1196 2610 atten-

144 2646 223 2718 dere,
235 2657 264 2706 et
274 2647 370 2706 videre
385 2647 506 2706 sollicite
520 2666 557 2706 ex
568 2648 626 2707 fide
637 2649 803 2725 scripturae,
815 2650 936 2726 qualiter
949 2661 994 2708 est
1008 2650 1196 2720 credendum,

143 2747 215 2823 quia
228 2755 339 2804 certum
354 2745 492 2822 estquod
506 2747 536 2803 in
551 2747 702 2822 evangelio
715 2746 821 2806 Christi
835 2748 957 2825 plenius,
971 2748 1197 2806 auctoritativius

143 2853 174 2903 et
194 2843 372 2902 moderatius
393 2861 482 2919 quarn
504 2844 534 2900 in
556 2843 693 2903 Romana
713 2846 792 2903 curia
813 2846 868 2905 ista
888 2847 1010 2905 materia
1026 2857 1070 2904 est
1089 2846 1195 2905 decisa.

143 2941 217 3019 Ipsa
230 2951 329 2999 tamen
344 2941 423 2999 curia
437 2951 504 2999 ante
520 2941 696 3000 solutionem
711 2942 901 3001 diabolicum
916 2945 1035 3019 antiqua
1054 2945 1197 3002 sententia

144 3038 293 3117 praedicta
306 3038 436 3115 planius⁸
452 3040 647 3111 concordavit,
662 3050 693 3098 ut
708 3049 787 3117 patet
802 3039 865 3098 ‘De
885 3039 1122 3110 consecratione,'
1138 3040 1197 3098 dis·

144 3138 225 3197 tinet
247 3137 285 3207 ii,
307 3136 443 3212 capitulo,
467 3136 549 3211 ‘Ego
572 3135 798 3213 Berengarius⁴,’
820 3148 849 3197 et
871 3138 914 3197 sic
935 3148 979 3196 est
1000 3138 1037 3196 de
1059 3138 1196 3196 omnibus

144 3235 254 3296 sanctis
278 3235 455 3304 doctoribus,
480 3235 530 3309 qui
554 3252 646 3310 usque
671 3235 710 3293 ad
738 3235 914 3293 solutionem
940 3235 1085 3293 Sathanae
1111 3235 1196 3292 istam

145 3333 297 3391 materiam
311 3341 529 3408 pertractarunt.
571 3333 599 3389 A
613 3343 746 3409 ternpore
761 3343 858 3391 autern
873 3332 1024 3391 solutionis
1043 3331 1195 3401 Sathanae,

145 3430 267 3490 dimissa
280 3429 337 3488 fide
353 3432 509 3505 scripturae
524 3428 633 3487 multae
648 3430 782 3489 haereses
797 3431 827 3487 in
841 3431 895 3489 ista
909 3431 1039 3500 materia,
1055 3440 1083 3488 et
1102 3429 1196 3506 speci·

144 3527 227 3588 aliter
240 3529 315 3587 inter
332 3527 434 3586 iratres
449 3536 479 3586 et
493 3528 620 3586 discolos
640 3528 682 3585 eis
703 3527 809 3586 similes
828 3527 999 3598 volitamnt;
1021 3537 1053 3584 ut
1066 3537 1145 3608 patet
1160 3527 1196 3585 de

124 3625 263 3709 ,duobus
286 3627 430 3685 erroribus
455 3625 634 3701 supradictis.
688 3624 803 3684 Fratres
831 3625 911 3683 enirn
936 3626 1100 3702 specialiter
1128 3626 1197 3684 istas

145 3724 282 3784 haereses
296 3725 439 3782 sustinent
452 3723 636 3799 pertinaciter
650 3734 678 3781 et
693 3723 862 3793 defendunt,
878 3741 938 3781 non
954 3723 1048 3782 solum
1063 3723 1196 3800 blasphe-

146 3821 258 3880 mando
279 3821 310 3880 in
330 3820 478 3881 Christum
499 3831 528 3879 et
546 3820 643 3897 legem
663 3823 818 3898 scripturae
839 3840 917 3892 suae,
932 3822 983 3880 sed
1003 3818 1198 3880 diffamando⁶

180 3973 189 4003 ¹
205 3969 299 4036 ipsum]
311 3985 362 4019 om.
374 3969 468 4020 A.B.C.
547 3969 557 3997 ²
573 3968 648 4032 quae]
661 3968 712 4017 sive
723 3983 793 4031 quae,
800 3968 839 4018 ed.
851 3984 903 4042 pr.;
922 3968 1068 4018 sententiam
1081 3983 1151 4031 quae,
1164 3968 1197 4017 D.

144 4036 155 4066 ⁸
173 4035 284 4102 planius]
296 4034 400 4100 plenius.
412 4035 506 4085 hiae.
676 4033 686 4062 ⁴
702 4033 732 4083 ci.
745 4034 844 4098 Corpus
853 4035 914 4096 Juris
925 4033 996 4089 Can..
1008 4034 1034 4082 in
1045 4034 1118 4082 tertia
1128 4041 1198 4097 parte

145 4101 247 4157 decreti,
258 4101 290 4150 de
301 4101 492 4156 consecratione.
508 4099 666 4150 distinctione
677 4098 710 4154 ii..
726 4099 768 4147 ubi
782 4113 836 4164 cap.
852 4098 903 4147 xlii.
915 4098 1096 4148 contessionem
1108 4099 1195 4148 Beren-

193 4168 218 4218 'o
227 4166 366 4216 Turoneusi
374 4181 440 4215 anno
450 4178 513 4230 1059
522 4167 650 4214 obtrusum
660 4164 776 4214 continet.
842 4164 852 4193 ⁵
862 4163 1024 4227 diffamando]
1034 4163 1198 4220 dcloodaudo,

171 4268 185 4289 .,
199 4232 231 4281 Α.
242 4231 372 4287 secundae.
384 4232 414 4280 C.
426 4230 520 4295 primae
531 4244 626 4281 manus.

1280 452 1342 518 249

1307 954 1375 989 Christi
