2864 4836
499 418 755 497 Jorrrrrrs
795 416 1006 480 mem
1194 436 1277 475 mn

226 582 419 653 damnaretur,
435 583 461 641 si
474 600 536 642 non
552 581 752 641 Samaritanus
766 583 820 641 iste
833 598 934 640 curam
948 580 1012 656 ejus
1024 582 1148 656 egisset,
1163 591 1194 639 nt
1207 588 1280 638 nont

225 679 410 756 evangelium
424 679 496 738 Luc.
510 699 548 751 x.,
563 680 611 738 ut¹
630 690 710 757 patet
730 697 768 738 ex
787 679 881 740 dictis.
921 677 960 737 Et
977 677 1063 737 hinc’
1076 678 1164 738 multi
1183 678 1279 756 prol»-

225 777 318 837 biliter
331 778 522 849 existimant’,
535 788 569 837 ut
584 778 695 839 dictum
713 787 758 838 est
772 777 913 855 superius,
928 775 1010 852 quod
1029 775 1108 835 foret
1127 775 1278 853 expedies

227 874 375 934 Christum
396 876 578 952 singulariter
591 877 665 935 inter
678 875 815 936 homines
835 871 974 943 adorari⁴,
989 873 1060 950 quia
1081 874 1148 950 ipse
1168 884 1212 933 est
1227 888 1279 931 me

226 972 320 1032 diator
340 973 385 1032 etl
405 975 580 1034 intercessor
599 976 737 1051 optimus,
759 973 958 1050 paratissimus
981 989 1042 1047 quo
1066 971 1106 1031 ad
1131 986 1278 1047 utrumqne

226 1081 398 1142 extremum,
423 1082 452 1130 et
476 1073 704 1149 benignissimus
726 1072 838 1131 ratione
862 1070 988 1130 caritatis
1011 1079 1040 1128 et
1065 1069 1277 1129 misericordiae

225 1167 361 1227 infinitae.
405 1167 514 1228 Stultus
527 1188 600 1245 ergo
614 1169 689 1228 soret
702 1170 752 1246 qui
765 1169 854 1227 alium
872 1169 1098 1227 intercessorem
1117 1167 1279 1245 inquireret,

225 1267 294 1342 quia
307 1268 465 1343 propositis
480 1267 595 1326 duobus
609 1267 790 1344 eligibilibus,
802 1268 852 1344 qui
865 1267 962 1325 minus
976 1265 1103 1342 eligibile
1118 1265 1185 1325 sine
1200 1279 1280 1324 causa

226 1375 427 1440 praeponeret,
448 1365 523 1424 foret
547 1365 667 1437 stultus;
701 1364 835 1424 Christus
860 1365 939 1423 enim
963 1364 1023 1422 est·
1046 1363 1280 1440 sempervivae

227 1462 305 1538 apud
319 1472 440 1539 patrem,
455 1463 494 1522 ad
508 1463 751 1540 interpellandum
765 1481 820 1540 pro
833 1461 935 1522 nobis⁷
948 1462 1153 1538 paratissimus
1168 1461 1280 1538 illapsus

227 1559 257 1616 in
281 1569 379 1618 mente
404 1560 555 1635 cujuslibet
579 1562 704 1632 viatoris,
728 1562 778 1637 qui
802 1562 898 1637 ipsum
923 1559 1061 1618 dilexerit
1114 1557 1280 1617 Undenas

226 1666 342 1733 oportet
365 1656 404 1715 ad
425 1656 603 1734 captandum
625 1660 689 1736 ejus
710 1659 888 1735 colloquium
912 1665 1029 1717 sanctos
1050 1655 1128 1716 alios
1147 1656 1280 1725 mediare,

227 1772 294 1814 cum
309 1756 344 1815 sit
357 1757 512 1832 benignior
530 1766 558 1815 et
577 1759 698 1832 pronior
712 1757 750 1816 ad
766 1756 936 1834 juvandum,
951 1772 1040 1831 quam
1053 1753 1161 1830 aliquis
1175 1769 1282 1813 eorum.

226 1852 265 1911 Et
285 1864 414 1913 moveret
434 1854 516 1931 quod
536 1873 621 1914 mens
635 1856 751 1915 viatoris
770 1874 807 1915 ex
825 1853 1008 1913 multitudine
1027 1855 1196 1923 beatorum,
1211 1868 1282 1930 quos

226 1961 298 2020 orat,
313 1950 487 2026 dispergitur
507 1950 551 2010 et·
565 1951 681 2012 affectio
702 1971 720 2010 a
738 1953 854 2013 Christo
875 1952 995 2022 laxatur,
1009 1968 1047 2009 eo
1068 1951 1153 2028 quod
1172 1961 1284 2010 tantm

227 2056 271 2106 est
291 2047 380 2118 finita,
395 2058 424 2106 et
444 2067 497 2125 per
512 2067 698 2127 consequens
711 2053 869 2121 remittitur,
885 2066 953 2109 cum
975 2049 1062 2108 sicin
1082 2047 1230 2124 plurimos
1249 2048 1283 2107 sit

228 2146 366 2223 dispersa.
408 2145 447 2204 Et
467 2148 640 2224 superhaec
662 2158 818 2225 postquam
840 2149 928 2209 crevit
949 2147 1092 2224 cupiditas
1113 2157 1144 2206 et
1165 2145 1283 2206 affectio

227 2243 388 2318 personalis
412 2245 561 2316 ecclesiae,
584 2265 672 2324 saepe
695 2249 809 2306 evenire
831 2249 938 2325 poterit
962 2246 1043 2324 quod
1068 2245 1218 2322 cupiditas
1239 2243 1285 2303 vel

228 2341 389 2415 personalis
416 2340 532 2401 affectio
560 2343 748 2404 devotionem
775 2346 912 2417 inficeret,
937 2347 998 2404 imo
1022 2345 1104 2422 quod
1131 2343 1283 2404 diabolum

229 2439 430 2497 canonisatum
445 2439 625 2502 stultificatus
638 2443 773 2502 adoraret
783 2455 812 2502 et
826 2444 935 2502 coleret
945 2454 977 2501 ut
989 2443 1117 2501 beatum.
1151 2441 1285 2501 Adorato

229 2555 301 2612 ergo
316 2537 432 2597 Christo
447 2549 475 2597 et
489 2539 604 2615 placato
618 2541 657 2599 ad
671 2542 735 2618 ejus
754 2542 907 2618 imperium
922 2542 998 2600 beati
1013 2541 1117 2600 caeteri
1129 2541 1234 2616 juvant
1248 2539 1285 2598 de

229 2635 367 2710 suffragio
381 2637 528 2712 spirituali,
544 2649 572 2695 et
590 2639 860 2716 quomodocunque
875 2640 930 2716 ipsi
944 2640 1086 2708 colantur,
1101 2638 1285 2716 singulariter

230 2751 291 2791 non
303 2733 404 2808 juvant
418 2734 543 2810 aliquem
557 2737 613 2794 nisi
629 2736 665 2794 de
679 2747 790 2812 quanto
808 2738 846 2795 ab
865 2739 920 2796 isto
935 2736 1066 2795 Domino
1081 2734 1285 2813 imperantur’.

231 2830 352 2888 Stultitia
366 2831 485 2906 quidem
499 2834 611 2893 videtur
624 2833 734 2893 sontem
754 2835 877 2893 omnino
895 2834 1099 2912 paratiorem¹⁰
1119 2834 1284 2911 relinquere

229 2939 258 2985 et
271 2928 309 2986 ad
323 2928 416 2987 rivum
435 2931 581 2990 turbidum
601 2942 629 2990 et
648 2944 793 2992 remotum
813 2933 988 3003 accedere¹¹,
1004 2943 1033 2991 et
1052 2932 1215 3009 specialiter
1233 2931 1287 2991 ubi

230 3025 301 3085 fides
316 3044 376 3085 non
391 3028 511 3100 docet¹⁹,
526 3031 608 3106 quod
621 3032 698 3089 rivus
719 3032 782 3090 talis
802 3050 820 3090 a
839 3031 1001 3091 fontevivo
1020 3030 1190 3107 hujusmpdi
1203 3048 1286 3090 ema·

231 3129 316 3186 navit.
359 3127 390 3187 Si
403 3147 475 3205 ergo
489 3131 527 3189 ad
539 3131 703 3190 acuendum
716 3132 901 3190 devotionern
912 3142 1043 3191 nostram
1053 3133 1156 3191 beatos
1170 3131 1286 3208 aliquos

230 3226 393 3297 adoramus,
418 3228 528 3287 videtur
552 3230 632 3305 quod
657 3230 848 3305 relinquendo
872 3231 1044 3306 ambiguum
1067 3229 1132 3289 illos
1159 3230 1284 3289 adorare

231 3325 380 3395 debemus,
410 3344 485 3402 quos
518 3327 590 3386 fides
624 3329 782 3404 scripturae
816 3339 845 3386 et
878 3330 919 3386 sic
946 3327 1093 3387 Dominus
1121 3330 1286 3386 canonisat.

231 3422 344 3493 Penset,
365 3425 474 3500 rogo¹⁸‚
498 3425 590 3484 fidelis
614 3427 645 3484 in
669 3426 800 3486 Domino
825 3443 952 3497 causam,
974 3443 1062 3502 quare
1085 3426 1215 3501 privatae
1238 3443 1286 3484 ec-

231 3521 334 3579 clesiae
356 3533 415 3580 tam
435 3524 581 3583 laboriose
603 3535 712 3583 ettam
733 3535 903 3600 sumptuose
924 3533 1026 3600 petunt
1043 3522 1214 3582 Romanam
1235 3541 1285 3582 cu·

231 3619 302 3675 riam
318 3638 372 3694 pro
392 3623 597 3681 canonisandis
616 3624 674 3681 suis
694 3622 835 3693 iratribus,
850 3634 879 3681 et
894 3622 1001 3680 videbit
1018 3621 1099 3699 quod
1118 3622 1286 3681 inordinata

266 3815 330 3879 ¹ut]
343 3824 374 3871 et,
388 3819 518 3868 Amanus
529 3820 657 3868 secundae.
740 3818 1107 3883 ²hinc]exhinc‚13.pnmae,
1120 3821 1285 3871 esecundoe

232 3897 326 3935 manus,
340 3883 378 3930 ed.
389 3899 426 3947 pr.
604 3885 613 3912 ³
630 3885 781 3948 existimant]
793 3886 932 3941 aestimant,
945 3885 972 3932 B.
984 3885 1077 3948 primae
1089 3900 1185 3941 manus,
1196 3887 1236 3935 ed.
1248 3903 1285 3951 pr.

232 3945 240 3972 ⁴
257 3947 365 4010 adorari]
378 3949 489 4003 adorare.
501 3949 539 3997 od.
552 3964 589 4012 pr.
654 3951 663 3977 ⁵
679 3949 717 4012 et]
730 3965 780 3998 om.
793 3950 821 3998 B.
833 3951 928 4013 primae
938 3965 1033 4005 manus,
1044 3949 1084 3998 ed.
1096 3966 1133 4014 pr.
1206 3951 1217 3980 ⁶
1234 3951 1284 4017 est]

233 4013 387 4086 om.A.B.C.
520 4014 629 4078 'nobis]
642 4015 715 4064 nobis
725 4023 769 4070 est,
784 4015 927 4090 A.B.C.ed.
939 4031 976 4078 pr.
1069 4081 1074 4091 .
1102 4016 1284 4080 'et]cum,B.

232 4078 752 4209 ,nnffiffinmqnffiigffl
800 4079 1102 4194 fimgssmpemnqrgfm
1119 4083 1284 4196 illicia

233 4157 352 4272 15ἰξεὲιιξὶοεῒ]
362 4180 468 4263 docerel.
480 4210 518 4258 ed.
531 4226 567 4273 pr.
593 4161 625 4209 pa
668 4210 684 4239 ¹³
702 4161 855 4274 rogolmergo.
869 4183 1009 4260 assuat
1021 4226 1057 4274 pr.
1080 4184 1085 4196 ι
1187 4183 1193 4196 ⁸
1224 4183 1231 4197 ο
1261 4162 1284 4212 ³·
