2864 4836
78 426 141 472 110
494 403 756 488 JOANNIS
798 408 1009 472 WICLIF
1192 432 1273 470 nau.

223 574 282 634 Sed
296 573 457 634 dubitatur¹
468 575 670 644 communiter,
682 591 750 633 cum
764 573 803 633 illi
818 574 935 650 spiritus
948 584 1072 650 possunt
1087 574 1200 632 moveri
1213 587 1270 633 tam

34 698 178 774 mmm
222 672 319 732 subito
338 689 429 750 quam
448 672 621 741 successive,
639 673 767 747 quomodo
785 680 872 730 motus
891 671 1001 730 sudrim
1015 678 1106 747 potest
1121 672 1184 731 illei
1203 688 1272 729 conr·

215 773 313 841 petere.
356 765 387 824 Si
401 765 481 824 enim
494 775 648 824 moventur
658 766 753 824 subito
768 783 820 841 ρετ
829 775 941 824 tantam
955 764 1129 834 distantiam,
1145 775 1217 824 tunc
1229 773 1273 822 est

222 865 299 934 dare,
319 864 401 941 quod
420 873 488 922 sunt
507 864 603 922 subito
622 881 675 940 per
693 864 867 939 signandam
888 862 1063 922 distantiam
1109 861 1272 934 Quomodo

222 981 293 1039 ergo
317 973 471 1022 moventur
490 961 618 1021 localiter
638 980 691 1039 per
711 962 789 1021 illam
812 961 978 1022 distantiam
997 980 1052 1039 pro
1072 962 1194 1021 instanti
1214 978 1273 1038 quo

222 1059 367 1137 complete
386 1070 453 1119 suut
471 1078 524 1136 per
542 1059 621 1118 illam
639 1059 824 1120 distantiam
865 1059 944 1118 Nam
962 1059 1070 1118 mobile
1087 1077 1143 1136 ρτο
1157 1059 1273 1120 instanti

223 1158 267 1216 sui
281 1158 382 1217 mutati
396 1175 468 1229 esse,
483 1167 527 1217 est
545 1158 577 1216 in
595 1158 721 1217 termino
735 1159 779 1217 sui
797 1168 904 1229 motus,
919 1167 948 1217 et
968 1157 1074 1218 desinit
1088 1158 1201 1217 moveri
1214 1174 1273 1234 quo

223 1254 261 1314 ad
281 1255 361 1314 illum
384 1265 499 1315 motum
523 1274 576 1333 per
598 1256 792 1314 remotionem
814 1255 852 1314 de
871 1256 1025 1333 praesenti.
1076 1254 1137 1314 Sed
1160 1255 1209 1315 hic
1229 1272 1273 1314 re·

223 1354 349 1431 spondet
362 1354 525 1431 theologus,
536 1354 618 1432 quod
628 1354 684 1413 alia
697 1365 742 1414 est
757 1354 951 1415 consideratio
961 1363 1059 1414 motus
1069 1353 1165 1424 subiti,
1176 1362 1207 1412 et
1220 1352 1274 1412 vlia

223 1451 384 1518 successivi,
404 1469 471 1510 cum
490 1449 536 1510 in¹
548 1462 631 1511 motu
650 1452 745 1511 subito
764 1451 850 1510 simul
868 1453 1008 1511 instanter
1026 1461 1094 1511 sunt
1112 1450 1234 1510 mutari⁸
1246 1458 1274 1509 et

224 1556 365 1606 mutatum
379 1566 453 1618 esse,
468 1567 536 1608 cum
551 1548 654 1609 eadem
667 1567 715 1608 res
734 1550 830 1608 subito
848 1559 1010 1625 generatur,
1023 1558 1053 1608 et
1066 1559 1112 1608 est
1124 1555 1273 1625 generata.

226 1644 368 1704 Rationes
386 1655 484 1712 autem
503 1647 624 1706 istorum
643 1648 835 1706 terminorum
853 1647 1070 1724 distinguuntur
1087 1646 1127 1704 ab
1140 1646 1273 1716 invicem,

225 1759 292 1801 cum
310 1743 443 1818 generari
462 1743 498 1802 sit
516 1744 644 1803 subitum
663 1752 693 1802 et
710 1744 934 1815 instantaneum,
949 1743 1002 1803 sed
1019 1759 1085 1802 esse
1102 1752 1274 1818 generatum

225 1840 261 1898 sit
277 1840 448 1899 continuum
467 1850 496 1900 et
514 1841 623 1900 durans
641 1859 694 1918 per
713 1851 837 1918 tempus.
878 1840 936 1899 Alii
954 1849 1052 1899 autern
1069 1839 1179 1910 dicunt,
1193 1837 1274 1916 quod

225 1939 357 2013 generari
377 1938 422 1997 vel
443 1939 553 1997 moveri
579 1939 691 1997 subito⁴
712 1956 877 2015 perunum
901 1939 1022 2010 instans,
1042 1936 1191 2015 praecedit
1211 1953 1276 1996 esse

225 2047 396 2112 generatum
409 2035 454 2095 vel
468 2046 626 2108 mutatum;
648 2035 701 2096 sed
715 2036 746 2094 in
760 2036 815 2094 isto
834 2053 896 2095 non
915 2034 1073 2106 contendo,
1087 2051 1157 2095 cum
1170 2034 1275 2094 eadem

227 2133 300 2191 ratio
319 2131 448 2191 videatur
465 2150 530 2192 esse
549 2133 588 2193 de
606 2133 724 2193 instanti
744 2132 930 2210 praecedenti
952 2133 1088 2209 proximo
1107 2142 1138 2192 et
1157 2131 1276 2193 instanti

227 2230 371 2305 posterius
394 2230 551 2305 assignato.
600 2230 655 2290 Est
678 2248 749 2306 ergo
772 2231 854 2300 ratio,
879 2248 969 2307 quare
989 2229 1111 2306 angelus
1131 2247 1186 2307 pro
1208 2229 1276 2289 dato

228 2329 346 2388 instanti
367 2328 463 2387 subito
483 2337 611 2387 mutatur
630 2327 767 2399 localiter,
781 2339 810 2387 et
830 2345 892 2386 non
911 2327 993 2398 ultra,
1007 2329 1076 2403 quia
1095 2344 1165 2386 cum
1178 2337 1277 2387 motus

229 2427 415 2503 componitur
433 2444 470 2485 ex
489 2425 586 2484 multis
604 2424 843 2484 affirmationibus
860 2434 890 2484 et
911 2424 1124 2500 negationibus,
1143 2434 1190 2483 est
1207 2424 1276 2483 dare

230 2525 335 2584 multas
356 2525 561 2584 affirmationes
582 2533 611 2581 et
631 2524 802 2599 negationes
821 2540 875 2599 pro
896 2521 953 2582 hoc
971 2521 1089 2580 instanti
1108 2524 1230 2598 positas,
1248 2531 1277 2581 et

231 2641 292 2683 non
313 2622 394 2681 ultra.
437 2622 510 2680 Ideo
531 2639 598 2681 cum
619 2631 718 2680 motus
737 2638 799 2680 non
818 2620 914 2680 solum
934 2619 1051 2696 respicit
1070 2618 1277 2678 affirmationes

231 2738 285 2796 pro
299 2721 416 2780 instanti
429 2719 582 2796 praesenti,
597 2719 650 2778 sed
664 2736 732 2779 cum
747 2717 820 2777 hocl
834 2719 1005 2794 negationes
1023 2717 1061 2778 de
1079 2718 1235 2794 praeterito
1249 2726 1277 2776 et

231 2816 337 2887 futuro,
352 2833 413 2874 non
433 2826 477 2874 est
498 2815 587 2886 color,
602 2817 627 2874 si
648 2816 769 2892 angelus
789 2832 844 2892 pro
864 2816 981 2874 instanti
1001 2815 1097 2891 posito
1119 2826 1277 2884 moveatur,

231 2913 312 2990 quod
327 2931 378 2989 per
391 2913 470 2972 idem
485 2931 601 2989 semper
618 2914 648 2972 in
667 2923 818 2990 posterum
836 2914 1006 2983 movebitur,
1021 2922 1279 2989 quantummmque

231 3012 375 3089 posterius
389 3012 442 3071 erit
455 3022 561 3081 motus,
577 3011 651 3070 sicut
663 3021 744 3089 patet
757 3011 794 3070 de
809 3012 999 3087 generatione
1012 3011 1108 3069 subita
1121 3022 1278 3070 creatmae.

100 3178 110 3204 ι
145 3135 186 3202 “fa
274 3109 334 3170 Sed
358 3112 474 3169 secundo
497 3111 680 3170 difficultatur
704 3113 824 3180 acutius,
852 3111 1005 3187 quomodo
1032 3108 1155 3187 angelus
1183 3118 1279 3186 potest

233 3209 341 3268 moveri
351 3208 479 3268 localiter
493 3211 640 3267 successive
647 3230 663 3277 ,·
687 3211 756 3286 quia
770 3209 838 3268 dato
853 3209 933 3284 quod
947 3217 1097 3267 moveatur
1117 3209 1281 3267 successive

231 3326 284 3384 ρετ
310 3307 339 3366 A
366 3315 490 3383 tempus,
519 3307 697 3383 acquirendo
725 3307 851 3384 spatium
878 3307 1005 3365 anterius
1033 3316 1062 3365 et
1090 3305 1279 3383 dependendo

232 3405 358 3481 spatium
382 3407 526 3482 posterius
550 3406 603 3464 erit
622 3401 743 3476 motusl,
764 3423 832 3465 cum
856 3404 1060 3482 multiplicetur
1079 3422 1133 3481 per
1152 3405 1279 3480 spatium

233 3503 380 3574 divisibile,
403 3514 448 3562 est
472 3503 542 3562 dare
566 3514 690 3581 tempus,
714 3522 767 3581 per
790 3503 872 3580 quod
896 3503 938 3563 sic
962 3503 1133 3573 movebitur,
1154 3503 1280 3580 spatium

233 3601 376 3678 posterius
396 3601 586 3678 deperdendo
605 3611 636 3661 et
656 3602 781 3679 spatium
802 3600 929 3660 anterius
949 3600 1138 3677 acquirendo,
1157 3610 1187 3659 et
1212 3618 1280 3659 eum

232 3696 290 3756 hoc
307 3717 360 3774 per
381 3697 460 3757 idem
476 3709 593 3776 tempus
612 3700 642 3758 in
666 3701 762 3777 spatio
781 3699 879 3758 medio
902 3699 1099 3775 quiescend03
1130 3698 1184 3758 sed
1208 3700 1281 3759 istae

231 3795 365 3855 videntur
378 3813 442 3856 esse
456 3796 709 3857 denominationes
728 3797 888 3857 contrariae
906 3797 984 3856 satis.
1026 3795 1086 3856 Hic
1099 3807 1199 3856 tamen
1213 3815 1281 3873 sup·

232 3894 404 3971 ponendum
423 3904 476 3966 est,
495 3894 576 3973 quod
596 3894 788 3972 angelicum
807 3905 960 3955 movennu
978 3893 1140 3956 secundum
1154 3896 1282 3955 rationes

265 4065 711 4131 ¹dub1ntur]difficutntur.n.3.c
722 4066 761 4118 ed
772 4083 809 4132 pr.
1014 4066 1077 4133 'in]
1090 4081 1140 4118 om
1152 4066 1186 4116 D
1195 4067 1283 4132 adpr.

231 4129 241 4159 ⁸
256 4131 358 4196 mutari]
370 4132 467 4187 mutati.
479 4131 517 4181 ed
529 4149 566 4197 pr
689 4083 809 4209 ‘subitpo]
822 4132 939 4188 subitum,
951 4132 1013 4183 ΑΒ
1144 4131 1154 4160 ⁸
1170 4132 1214 4182 sed
1225 4147 1282 4182 cum

232 4193 292 4260 boe]
305 4196 347 4246 sed
359 4196 441 4253 etiam
453 4196 515 4246 ΑΗΒ
647 4197 657 4226 ⁸
673 4197 719 4248 erit
730 4197 823 4262 motus]
836 4213 886 4247 om
899 4197 931 4246 D.
