2864 4836
17 291 1288 318 ..-—--—-————-—-——-——-—--

16 324 19 397 1
76 409 145 496 45⁶

491 402 744 483 JoANNlS
785 402 1009 464 arcera.
1209 422 1288 457 aaa

228 572 387 631 ditionibus
402 569 515 639 evitari;
537 550 567 626 et
580 568 670 625 vitam
681 565 788 625 Christi
799 583 834 624 ac
845 582 969 624 suorum
979 564 1195 640 apostolorum
1209 562 1287 621 debe

228 688 301 739 mus,
322 679 464 744 quantum
484 666 649 734 sufficimus,
668 665 780 723 imitari.
823 655 1037 723 Nec'dubium
1057 663 1133 738 quin
1153 676 1287 736 papanrm

227 768 437 843 episcoporum
449 774 478 822 et
489 763 608 822 fratrum
620 762 839 821 adinventiones
850 772 878 820 et
889 761 1090 837 spoliationes
1100 760 1194 818 hodie
1205 760 1285 816 intro

228 865 331 923 ductae
357 873 423 921 sunt
445 862 527 920 valde
550 879 693 919 onerosae
714 861 853 919 ecclesiae
874 869 963 934 atque
986 859 1109 934 regnis3
1144 859 1205 915 imo
1227 857 1284 914 licet

227 964 284 1021 sint
305 960 424 1019 cautelis
446 960 553 1019 diaboli
575 958 730 1035 palliatae¹,
745 969 844 1016 tamen
865 956 990 1015 infacto
1014 968 1087 1015 sunt
1108 957 1206 1030 magis
1220 972 1285 1011 one·

227 1060 326 1119 rosae'
339 1059 478 1118 ecclesiae
493 1069 578 1134 atque
594 1057 691 1133 regnis
705 1074 795 1133 quam
809 1055 941 1131 tallagia³
954 1056 1128 1131 principum
1150 1053 1285 1111 austerius

227 1158 379 1234 postulata.
422 1155 460 1213 Et
480 1174 517 1213 ex
539 1156 593 1213 hac
616 1155 760 1214 evidentia
780 1154 890 1212 cavebo
911 1153 989 1212 istud
1011 1152 1196 1229 capitulum⁴
1216 1151 1283 1207 anti·

228 1256 397 1314 christinum
418 1264 492 1330 post,
507 1257 567 1313 imo
590 1265 691 1313 contra
711 1254 925 1313 ordinationem
947 1252 1057 1311 Christi
1080 1254 1112 1310 in
1135 1251 1284 1310 ecelesiam

229 1353 432 1423 introductum,
456 1363 486 1410 et
510 1353 741 1428 persecutionem
765 1369 800 1409 ac
825 1351 922 1421 finem,
947 1368 1038 1426 quem
1065 1349 1231 1418 intenderit,
1255 1358 1283 1405 ut

229 1469 388 1521 venenum;
421 1461 450 1508 et
474 1451 515 1508 sic
537 1467 605 1508 cum
628 1448 685 1507 fide
711 1467 763 1524 spe
788 1459 816 1506 et
837 1449 953 1506 caritate
979 1465 1014 1506 ac
1037 1465 1109 1506 cum
1130 1445 1282 1523 prudentia

230 1549 349 1607 cavendi
374 1548 450 1607 istud
475 1546 634 1624 periculum
662 1547 846 1606 salvabuntur
867 1549 904 1604 ab
927 1547 983 1604 isto
1008 1556 1118 1621 quarto
1143 1544 1279 1620 pericul0,

229 1665 304 1723 quos
318 1646 399 1705 Deus
413 1646 533 1705 voluerit
548 1645 642 1704 salvos
657 1663 721 1704 esse
735 1655 763 1703 et
779 1645 895 1702 ‘necin
914 1644 1010 1701 hieme
1030 1662 1089 1701 nee
1109 1643 1140 1701 in
1162 1644 1280 1700 sabbato

204 1824 206 1829 Α
229 1743 386 1803 militare⁵.’

271 1843 392 1901 Videtur
414 1843 552 1919 pluribus,
573 1844 659 1902 istam
682 1843 899 1901 conclusionem
923 1842 1066 1918 triplicem
1092 1862 1157 1903 esse
1183 1843 1278 1902 catho-

230 1941 333 1998 licam:
363 1941 467 2017 primo,
489 1940 570 2016 quod
591 1959 646 1999 nec
666 1951 711 1999 est
731 1959 768 1999 ex
789 1940 845 1998 fide
860 1958 914 1998 nec
934 1959 986 2016 spe
1008 1959 1075 2000 nec*
1087 1944 1217 2011 caritate,
1233 1942 1280 1998 ali·

231 2056 319 2114 quem
340 2039 479 2096 viatorem
500 2038 617 2096 credere
638 2038 780 2114 explicite,
803 2038 882 2114 quod
903 2037 973 2097 alter
993 2039 1117 2097 istorum
1139 2041 1176 2098 sit
1198 2051 1282 2114 caput

232 2147 349 2194 sanctae
371 2137 470 2194 matris
491 2135 630 2194 eeclesiae
650 2136 695 2194 vel
715 2135 899 2194 immediatus
920 2134 1026 2194 Christi
1040 2138 1167 2196 vicarius
1186 2137 1234 2194 hic
1252 2138 1280 2193 in

232 2236 322 2292 terris.
365 2233 447 2291 Patet
461 2252 498 2292 ex
512 2234 578 2304 hoc,
593 2234 674 2309 quod
681 2234 754 2310 fides
769 2244 888 2292 nonest
906 2234 961 2292 nisi
975 2251 1112 2292 verorum
1127 2245 1156 2293 et
1171 2236 1283 2292 univer·

234 2333 327 2392 saliter
348 2331 579 2404 credendorum·;
609 2342 779 2407 sperantem
801 2349 861 2389 non
882 2341 925 2390 est
946 2332 999 2390 nisi
1014 2331 1052 2389 de
1073 2331 1138 2404 illis,
1153 2350 1231 2408 quae
1247 2331 1283 2389 ad

234 2431 442 2489 beatitudinem
456 2432 600 2507 pertinent
615 2432 654 2489 sic
669 2432 846 2506 sperantium
854 2451 862 2501 ς
884 2432 990 2488 carries
1001 2442 1100 2489 autem
1111 2449 1174 2491 non
1186 2441 1281 2491 movet

235 2528 272 2586 ad
287 2529 465 2587 credendum
481 2529 603 2603 aliquid⁶
618 2529 671 2585 nisi
686 2547 793 2598 verum,
810 2529 847 2587 ad
861 2528 941 2604 quod
956 2528 1028 2586 fides
1044 2530 1213 2605 scripturae,
1229 2530 1282 2588 Dei

235 2627 391 2695 illustratio,
407 2626 450 2683 vel
466 2627 608 2684 evidentia
623 2627 697 2683 ritae
712 2638 828 2685 sanctae
843 2637 939 2684 movet
959 2627 1059 2685 fideles
1074 2628 1203 2686 credere.
1247 2628 1282 2686 Et

236 2724 344 2782 videtur
359 2724 439 2800 quod
459 2725 553 2781 nullus
573 2724 665 2782 fidelis
684 2725 824 2783 ecclesiae
843 2726 1017 2783 consentiret
1034 2744 1155 2801 pugnae
1170 2728 1282 2784 alterius

235 2824 355 2881 istorum
377 2823 406 2879 in
429 2822 579 2897 reliquum,
595 2840 662 2880 cum
684 2822 721 2880 ad
736 2822 792 2879 hoc
808 2822 913 2880 Christi
935 2823 1038 2881 caritas
1061 2843 1124 2881 non
1147 2825 1282 2883 hortatur.

235 2919 313 2976 Nam
329 2920 397 2976 satis
412 2932 454 2976 est
469 2919 641 2990 modicum⁷,
658 2921 805 2977 caritatem
820 2939 883 2977 esse
899 2921 1100 2978 scintillantem
1117 2924 1148 2979 in
1163 2923 1282 2980 ecclesia

234 3020 381 3085 militante,
398 3018 463 3074 licet
484 3017 530 3073 illa
552 3036 647 3092 pauca
668 3019 771 3075 caritas
793 3036 853 3075 uon
869 3037 920 3094 per
935 3017 1049 3077 fraudes
1068 3000 1179 3077 diaboli
1194 3022 1282 3077 extin-

234 3128 345 3191 guatur.
389 3116 490 3172 Tertio
512 3115 622 3172 videtur
646 3117 725 3190 quod
752 3116 851 3174 fideles
875 3117 1017 3175 servando
1041 3116 1119 3175 hanc
1144 3119 1282 3193 triplicem

234 3212 380 3270 virtutern³
407 3212 579 3270 catholicam
602 3225 717 3270 orarent
743 3214 841 3272 sedule
866 3216 895 3271 in
919 3216 972 3272 isto
999 3215 1130 3272 maximo
1156 3217 1282 3292 periculo

235 3329 288 3385 pro
304 3310 359 3367 Dei
375 3310 517 3386 adjutorio
533 3307 731 3386 postulando⁹.

268 3481 276 3507 ¹
294 3481 421 3544 palliatae]
435 3481 563 3544 palleatae,
577 3482 656 3529 aba.
671 3481 765 3574 primae
776 3498 871 3530 manus.
957 3483 966 3510 ²
983 3484 1114 3547 onerosae]
1128 3501 1241 3536 aurosae.
1254 3486 1282 3534 C.

235 3546 243 3572 ³
261 3546 373 3609 tallagia]
387 3547 488 3609 talligia,
502 3549 533 3593 Α.
699 3546 846 3610 capitulum]
859 3554 939 3610 caput.
952 3550 982 3597 C.
994 3564 1082 3596 manus
1095 3550 1204 3613 primae;
1223 3552 1284 3615 peri·

235 3611 325 3665 culum,
339 3613 367 3660 C.
381 3628 466 3660 manus
479 3611 606 3660 secundae.
739 3612 748 3640 ⁶
765 3612 795 3659 cl'.
810 3613 898 3660 Matth.
910 3613 973 3660 xxiv.
988 3627 1026 3661 το.
1153 3616 1164 3643 ⁸
1181 3615 1282 3679 aliquid]

235 3676 309 3729 aliud,
320 3676 399 3724 nnc.
498 3676 507 3701 ⁷
524 3684 560 3723 est
572 3676 709 3739 modicum]
722 3678 846 3725 modicum
858 3686 903 3731 est.
914 3680 992 3728 a.b.C.
1131 3680 1141 3705 ⁸
1158 3682 1283 3744 virtutem]

235 3741 411 3795 veritatem.C.
480 3741 667 3804 ⁹postulando]
680 3743 836 3805 postulando,
850 3744 938 3798 Amen,
951 3745 980 3793 C.
1016 3745 1283 3801 cadaueraminio

235 3807 309 3852 rubro
329 3806 389 3853 haec
408 3805 514 3852 addunt:
541 3807 662 3869 ‘Explicit
686 3809 884 3871 supplementum
907 3809 1021 3872 trialogi.'
1056 3810 1122 3859 Cod.
1145 3813 1176 3860 C.
1201 3813 1282 3859 addit:

235 3871 331 3917 'finitur
349 3871 546 3934 supplementum
564 3872 669 3935 trialogi.
682 3873 742 3921 alias
759 3874 790 3921 de
807 3874 934 3923 dotatione
952 3875 1017 3930 cleri,
1030 3877 1081 3922 dost
1097 3877 1284 3939 neliby.—Quae

235 3938 308 3984 verba
322 3936 455 3984 Bohenrica
467 3935 564 3984 dicunt:
584 3938 642 3985 satis
656 3938 801 3987 molestum!
