2864 4836
475 429 721 511 Jorrvms
764 426 976 491 wrcrrr
1189 450 1275 488 urm.

221 597 287 668 vuli,
301 614 364 655 nou
377 594 519 654 intrabitis
532 594 563 652 in
577 611 701 670 regnum
715 590 879 653 coelorum¹
888 590 906 664 ;'
927 591 978 650 ubi
991 599 1078 668 patet
1090 590 1161 650 luoe
1170 589 1273 658 clarius,

222 694 302 772 quod
317 693 450 753 Christus
460 692 585 768 loquitur
599 690 637 750 de
650 689 770 768 parvulo
781 707 846 748 vere
856 687 959 747 humili
969 689 1001 746 in
1015 705 1073 747 sua
1087 687 1273 765 reputatione,

221 804 251 852 et
265 789 399 861 certum²,
414 788 494 867 quod
508 788 571 848 talis
587 788 722 848 humilior
735 796 781 847 est
793 787 824 845 iu
837 803 930 862 reguo
948 785 1106 845 coelorum
1127 786 1230 862 major,
1246 792 1273 841 ut

222 889 354 949 Christus
379 889 448 948 dicit
471 897 532 945 tam
556 905 646 965 opere
666 904 755 962 quam
776 901 919 944 sermone.
960 882 1009 941 Ex
1027 884 1143 958 quibus
1164 881 1274 948 videtur,

223 1005 291 1047 cum
310 987 404 1064 major
423 987 454 1044 in
476 1002 568 1060 regno
588 982 739 1044 coelomm
759 982 848 1042 debet
865 978 1018 1059 praeesse⁸
1037 980 1211 1040 secundum
1226 975 1276 1037 Dei

222 1085 378 1156 arbitrium,
393 1082 473 1160 quod
487 1082 631 1159 praelatus
644 1090 674 1140 et
687 1081 878 1158 praepositus,
892 1079 942 1156 qui
963 1078 1168 1137 communiter
1180 1092 1276 1137 secun·

223 1184 294 1242 dum
308 1182 442 1241 homines
455 1180 663 1258 praeferuntur,
678 1197 740 1239 non
755 1187 823 1239 sunt
837 1178 874 1237 de
887 1193 981 1255 regno
996 1175 1165 1248 coelorum,
1180 1174 1233 1236 sed
1244 1172 1277 1232 de

224 1298 315 1356 reguo
329 1280 405 1358 regis
420 1279 579 1356 superbiae.

657 1675 752 1735 CAP.
775 1674 843 1734 XII.

690 1844 815 1904 Inutilrb.

267 2008 389 2067 Alrilu'a.
431 2008 554 2070 Videtur
575 2010 654 2082 mihi,
676 2012 757 2088 quod
777 2012 832 2069 ista
853 2010 1004 2081 sententia,
1027 2007 1193 2084 specialiter
1214 2007 1280 2084 quia

228 2106 328 2165 alludit
342 2106 410 2165 fidei
425 2109 590 2184 scripturae,
607 2109 693 2168 debet
713 2126 776 2168 esse
796 2108 873 2167 fideli
891 2107 1000 2184 sapida.
1042 2105 1102 2165 Sed
1121 2123 1198 2182 rogo
1213 2122 1280 2182 pro·

228 2220 348 2279 sequere
363 2216 501 2281 coeptum
515 2206 649 2267 ordinem
663 2206 873 2276 conservaud0‚
888 2223 925 2264 ex
943 2205 1047 2282 quibus
1061 2203 1185 2274 videtur,
1200 2200 1280 2279 quod

228 2302 318 2360 debes
332 2311 453 2361 tractare
467 2304 499 2360 de
511 2306 579 2362 virio
592 2304 721 2376 zirur'drbe,
737 2314 765 2363 et
779 2303 816 2362 de
830 2303 885 2362 sibi
899 2302 1034 2380 opposita
1047 2302 1177 2360 caritate.

268 2398 433 2459 Phrenesis.
477 2399 574 2460 Placet
601 2401 638 2460 de
666 2402 722 2460 isto
750 2401 862 2470 ordine,
887 2410 916 2460 et
940 2401 1035 2477 primo
1057 2398 1172 2458 videtur
1198 2395 1279 2474 quod

41 2564 50 2589 ι
104 2521 174 2589 1⁰.‘
229 2497 335 2555 invidia
351 2499 386 2555 sit
401 2497 581 2557 inordinatus
599 2499 745 2576 appetitus
764 2498 880 2557 volendi
899 2497 1008 2557 malum
1029 2495 1134 2567 alteri⁴,
1149 2507 1180 2555 et
1198 2493 1281 2553 intel·

228 2596 288 2670 ligo
303 2596 340 2653 de
360 2596 438 2653 malo
458 2595 566 2665 damni,
581 2615 642 2654 non
661 2595 698 2655 de
712 2596 792 2655 malo
806 2614 930 2671 poenae,
943 2612 1011 2654 cum
1026 2593 1108 2653 Deus
1126 2592 1280 2653 ordinatis·

230 2695 301 2752 sime
326 2694 436 2768 appetit
460 2694 517 2753 hoc
542 2695 650 2752 malum
673 2694 784 2753 inesse⁶
805 2695 958 2753 damnatis.
999 2691 1064 2751 Nec
1089 2692 1203 2751 videtur
1227 2692 1281 2749 ista

230 2790 386 2864 descriptio
410 2791 534 2849 invidiae
559 2809 624 2850 esse
648 2791 807 2861 laudabilis,
831 2809 905 2868 quae
930 2791 1087 2868 imponitur
1110 2789 1280 2865 Augurum,

230 2887 338 2946 scilicet
363 2887 442 2963 quod
467 2890 572 2947 invidia
596 2892 634 2947 sit
658 2889 741 2947 dolor
766 2890 802 2948 de
826 2889 921 2948 alieno
946 2891 1036 2947 bono.
1087 2886 1157 2946 Non
1184 2897 1281 2945 autem

231 2994 346 3059 oportet
366 2985 446 3060 quod
466 2986 502 3044 sit
516 2986 600 3045 dolor
615 2987 651 3044 de
666 2984 800 3044 felicitate
814 2986 939 3057 alterius,
954 2986 1022 3063 quia
1040 2996 1100 3044 tam
1120 2986 1281 3062 praescitus

231 3101 320 3160 quam
335 3083 468 3142 diabolus
488 3085 595 3142 invidet
609 3085 662 3142 sibi
682 3084 833 3154 consimili,
849 3084 896 3143 cui
915 3102 977 3143 non
990 3084 1066 3142 inest
1084 3082 1216 3153 felicitas,
1231 3081 1282 3141 sed

231 3182 346 3252 invidet,
362 3181 442 3257 quod
458 3193 517 3240 tam
532 3183 757 3241 misericorditer
771 3192 815 3241 est
829 3200 896 3240 cum
911 3181 968 3240 illo.
1011 3180 1146 3239 Similiter
1161 3188 1283 3240 nonest

231 3279 304 3336 ratio
329 3297 419 3355 quare
440 3279 546 3338 invidia
567 3279 641 3338 soret
662 3280 833 3358 descriptive
855 3279 938 3338 dolor
960 3279 997 3338 de
1021 3278 1156 3337 felicitate
1178 3279 1281 3349 aliena,

232 3378 302 3454 quin
317 3377 460 3453 peridem
475 3388 503 3435 et
517 3377 677 3435 evidentius
691 3377 765 3436 foret
779 3377 919 3455 gaudium
933 3374 970 3434 de
985 3376 1095 3435 damno
1114 3376 1241 3448 alterius,
1255 3387 1284 3435 et

233 3479 273 3535 sic
296 3478 404 3535 invidia
426 3476 501 3534 soret
522 3486 581 3535 tam
602 3477 686 3535 dolor
710 3493 799 3552 quam
822 3476 977 3552 gaudium
1009 3485 1038 3533 et
1062 3492 1130 3532 cum
1154 3475 1203 3534 illa
1226 3476 1283 3534 sint

233 3576 376 3633 contraria
387 3584 415 3632 et
426 3592 487 3632 non
499 3574 614 3633 relative
625 3575 767 3651 opposita,
780 3574 922 3632 contraria
932 3572 1028 3631 forent
1042 3573 1078 3631 de
1090 3590 1122 3630 se
1133 3574 1284 3649 reciproce

233 3672 405 3748 praedicata,
420 3682 449 3729 et
464 3672 504 3729 sic
525 3673 603 3730 idem
624 3671 715 3730 homo
736 3682 834 3747 posset
856 3688 919 3729 esse
940 3669 1024 3729 simul
1038 3670 1140 3728 beatus
1154 3671 1241 3746 plene
1256 3682 1284 3730 et

234 3770 387 3828 damnatus
401 3770 568 3828 miserrime.
613 3768 755 3841 Quamvis
769 3770 847 3827 enim
862 3766 994 3826 Christus
1014 3765 1098 3826 simul
1115 3766 1217 3827 habuit
1231 3769 1284 3827 do·

233 3869 325 3928 lorem
345 3880 373 3926 et
387 3867 534 3945 gaudium,
549 3868 606 3927 hoc
627 3878 725 3926 tamen
746 3867 798 3925 suit
819 3867 856 3926 de
875 3867 1038 3942 disparibus
1057 3867 1189 3943 objectis,
1203 3878 1232 3926 et
1253 3880 1285 3927 ut

267 4059 274 4086 ¹
293 4065 317 4106 et
334 4055 593 4118 advocans-reguum
610 4052 748 4117 coelorum]
761 4053 796 4102 sic
813 4053 876 4103 Cod.
889 4053 966 4110 A.c.;
993 4050 1143 4110 l).'brerius,
1156 4052 1184 4100 B.
1196 4052 1234 4102 ed.
1248 4070 1284 4117 pr.

234 4121 243 4150 ²
260 4121 365 4197 certum]
378 4123 473 4178 itemm,
485 4120 523 4170 ed.
535 4136 575 4195 pr..
648 4119 658 4148 ³
674 4118 800 4232 praeesse}
811 4118 867 4167 ideo
879 4133 998 4181 praeesse,
1009 4117 1048 4168 ed.
1060 4133 1097 4182 pr.
1175 4117 1185 4147 ¹
1200 4118 1283 4183 alteri]

234 4186 340 4241 alterius,
352 4186 444 4235 ΑΒΕ.
542 4186 552 4215 ⁶
568 4183 659 4249 messe]
671 4200 732 4241 esse,
745 4185 776 4232 A.
801 4185 838 4234 .C.
851 4185 888 4233 ed.
901 4200 938 4248 pr.
