2864 4836
589 415 835 495 Josmvrs
877 413 1088 479 Wrcrrr
1294 435 1376 472 nn..

325 592 370 640 tur
387 581 519 657 superius
534 577 635 638 Urso¹.
681 578 746 638 Nec
760 589 876 656 oportet
894 596 950 638 nos
968 577 1122 647 sollicitari,
1135 585 1234 635 utrum
1253 589 1374 649 compo

323 680 398 738 nitur
412 697 450 737 ex
471 677 530 736 suis
551 678 681 753 partibus
702 677 875 748 intensivis¹,
889 677 972 754 quod
991 676 1062 736 alias
1083 675 1112 733 in
1133 683 1236 733 nostra
1257 671 1375 731 stultitia

324 776 428 835 diffuse
445 775 646 848 tractavimus;
669 775 723 835 sed
741 776 928 852 componitur
946 793 983 833 ex
1003 774 1062 833 suis
1083 772 1212 850 partibus
1232 770 1375 848 quantita·

323 876 386 933 tivis
405 891 499 949 usque
518 873 556 932 ad
574 891 628 932 sua
645 872 836 943 indivisibilia,
851 891 887 931 ex
906 873 1012 949 quibus
1031 873 1108 930 varie
1127 868 1374 946 componentibus

324 971 441 1031 resultat
461 971 618 1031 formaliter
637 971 830 1031 substantialis
848 970 957 1040 forma;
987 970 1040 1030 sed
1057 967 1255 1045 principaliter
1273 975 1303 1025 et
1324 981 1375 1042 per

325 1088 355 1130 se
370 1069 516 1145 completa
533 1070 749 1139 substantiam
765 1079 909 1127 noverunt
926 1067 1103 1144 philosophi,
1118 1066 1149 1124 in
1166 1066 1221 1124 ista
1241 1062 1375 1124 materia³

324 1166 475 1227 subtilibus
496 1167 591 1225 verbis
612 1162 790 1242 loquentes⁴,
808 1166 849 1224 sic
871 1165 952 1242 quod
973 1182 1035 1224 non
1055 1174 1238 1240 potestesse
1260 1162 1375 1240 plurior,

324 1263 468 1342 paucior¹,
490 1264 535 1323 vel
556 1264 612 1323 alia
635 1265 757 1323 materia
776 1264 870 1341 prima
894 1280 983 1339 quam
1005 1272 1049 1321 est
1071 1261 1170 1321 modo.
1215 1259 1378 1319 Antrones

324 1372 422 1421 tamen
435 1362 546 1421 videtur
560 1362 664 1432 dicere,
679 1361 758 1438 quod
772 1372 927 1437 generatur
941 1379 993 1437 per
1008 1359 1152 1431 accidens,
1168 1358 1237 1436 quia
1251 1369 1296 1419 est
1310 1357 1376 1418 sub·

322 1461 432 1537 jectum
445 1460 640 1536 generationis
654 1461 817 1536 compositi,
833 1460 901 1520 ideo
915 1460 1120 1519 denominatur
1134 1458 1375 1518 transmutatione

325 1560 493 1629 successiva,
508 1575 567 1634 qua
586 1560 782 1634 compositum
801 1569 964 1634 generatur,
979 1557 1057 1616 aliud
1074 1552 1190 1616 tamen⁰
1204 1567 1375 1632 generatum

325 1657 405 1733 quod
426 1674 494 1715 cum
514 1655 693 1731 generatur¹,
708 1657 750 1715 sic
771 1656 979 1733 particulariter
1000 1672 1060 1731 quo
1081 1653 1120 1713 ad
1142 1654 1309 1731 subjectum
1323 1669 1376 1728 pro

324 1764 457 1830 tempore
476 1771 546 1814 suae
560 1754 756 1829 generationis
771 1772 832 1812 non
851 1764 905 1823 est,
920 1753 1072 1813 alteratum
1085 1768 1155 1812 vero
1169 1769 1225 1828 pro
1243 1748 1377 1828 teinpore

325 1870 394 1912 suae
415 1852 593 1911 alterationis
614 1861 667 1921 est,
685 1861 714 1911 et
735 1851 839 1928 loquor
860 1851 897 1910 de
918 1868 983 1910 esse
1004 1850 1126 1910 existere
1148 1848 1194 1908 in⁸
1209 1849 1377 1919 individuo;

324 1951 400 2020 ideo,
422 1960 454 2009 ut
474 1950 568 2026 arguit
588 1948 756 2020 Arritoteles,
777 1949 926 2024 generatio
947 1958 977 2008 et
997 1947 1128 2007 alteratio
1153 1946 1377 2023 distinguuntur.

324 2049 362 2108 Et
373 2049 477 2108 eadem
488 2047 645 2107 materialis
656 2048 788 2118 essentia,
800 2065 875 2125 quae
890 2057 934 2107 est
948 2046 1049 2123 ignis'‚
1061 2057 1158 2106 creata
1170 2056 1216 2104 est
1229 2045 1262 2103 in
1276 2042 1377 2103 mundi

325 2148 477 2224 principio,
491 2157 520 2207 et
534 2146 582 2204 illa
596 2148 729 2217 essentia,
744 2157 776 2206 ut
791 2155 835 2206 est
849 2148 1012 2223 susceptiva
1031 2145 1105 2206 illius
1123 2143 1244 2214 formae,
1259 2153 1303 2203 est
1316 2159 1378 2202 ma·

325 2247 395 2303 teria
409 2245 503 2321 prima
511 2265 518 2316 ;
541 2254 570 2302 et
584 2255 615 2303 ut
630 2255 673 2303 cst
688 2246 717 2303 in
732 2245 825 2303 actu¹⁰
840 2244 922 2322 ignis,
937 2254 981 2303 est
996 2243 1193 2320 compositum
1208 2260 1245 2302 ex
1259 2241 1380 2301 materia

325 2353 353 2401 et
371 2341 473 2400 forma.
521 2342 650 2419 lgneitas
669 2341 803 2413 autem¹¹,
821 2360 897 2419 quae
916 2353 960 2402 est
980 2342 1075 2402 forma
1092 2340 1300 2411 substantialis,
1318 2356 1379 2398 non

324 2450 368 2499 est
390 2440 443 2499 nisi
468 2440 546 2500 illam
570 2441 728 2500 essentiam
750 2460 813 2502 esse
834 2443 944 2518 ignem.
995 2441 1048 2500 Illa
1069 2450 1166 2500 autem
1187 2441 1312 2516 igneitas
1336 2447 1379 2496 est

325 2539 418 2598 forma
441 2540 644 2610 substantialis,
667 2539 735 2616 quia
757 2549 801 2599 est
825 2541 920 2617 prima
944 2540 1105 2599 substantia
1125 2538 1315 2615 superaddita
1339 2535 1378 2594 illi

296 2635 297 2640 ’
324 2639 475 2707 essentiae,
497 2637 553 2696 et¹¹
572 2638 720 2712 praecedit
742 2638 925 2710 caliditatem,
949 2656 1023 2714 quae
1048 2647 1093 2697 est
1117 2636 1195 2695 illam
1219 2636 1378 2696 essentiam

325 2753 388 2793 esse
410 2733 540 2804 calidam,
561 2744 590 2791 et
611 2736 652 2792 sic
674 2734 710 2793 de
731 2734 793 2794 aliis
814 2735 1020 2805 accidentibus,
1043 2752 1118 2811 quae
1140 2743 1257 2810 oportet
1281 2734 1378 2792 inesse

325 2832 497 2906 composito.
548 2830 586 2890 Et
610 2831 650 2889 ita
673 2832 893 2907 intelligendum
918 2842 962 2892 est
983 2833 1020 2891 de
1040 2812 1114 2891 aliis¹
1128 2831 1230 2891 formis
1251 2831 1380 2891 elemen-

326 2929 434 2987 taribus
453 2930 503 2998 sic,
519 2929 600 3005 quod
620 2929 668 2987 illa
689 2931 869 3001 essentiam
887 2942 932 2989 est
951 2931 1114 3008 susceptiva
1133 2929 1380 2990 denominationis

326 3025 389 3084 talis
403 3043 479 3103 quae
494 3037 538 3085 est
552 3027 646 3085 sorma
661 3028 862 3098 substantialis,
877 3040 922 3088 est
936 3030 1056 3087 materia
1070 3029 1164 3105 prima
1172 3048 1180 3100 ;
1202 3037 1232 3086 et
1246 3028 1298 3098 sic,
1313 3044 1382 3085 cum

225 3154 228 3165 ·
325 3125 360 3183 sit
373 3125 453 3201 prius
473 3126 637 3201 susceptiva
650 3126 714 3184 talis
734 3126 846 3185 formae
861 3144 950 3202 quam
964 3127 1028 3203 ipsa
1047 3137 1091 3186 est
1110 3136 1142 3184 ut
1161 3126 1334 3195 substantia,
1349 3134 1381 3182 ut

326 3233 394 3298 puta
413 3224 489 3299 ignis
508 3233 557 3281 aut
575 3241 659 3298 aqua,
674 3235 703 3281 et
722 3224 762 3282 sic
782 3224 819 3282 de
839 3225 902 3283 aliis
920 3223 1206 3283 denominationibus
1226 3223 1381 3284 sustantia·

325 3321 408 3390 libus,
423 3322 571 3398 signanter
585 3323 696 3391 dicitur,
710 3323 791 3398 quod
810 3320 956 3398 praecedit
975 3323 1173 3381 substantiam.
1215 3319 1382 3397 Concipere

325 3430 421 3478 autem
436 3420 542 3480 modos
553 3421 690 3496 loquendi
705 3420 946 3496 philosophorum
961 3421 991 3478 in
1003 3419 1050 3479 illa
1064 3419 1184 3478 materia
1197 3417 1272 3478 soret
1286 3417 1383 3495 logica

326 3518 475 3576 hodiernis
489 3529 638 3576 extranea.

159 3630 248 3664 inmun
308 3611 310 3664 ἶ
367 3614 473 3673 Mam
483 3626 580 3673 autern
592 3616 728 3692 concipio
740 3617 780 3674 sic
792 3617 941 3692 componi,
953 3634 1021 3675 curn
1033 3615 1195 3674 secundum
1206 3612 1383 3673 An’stotelent

360 3803 366 3831 ¹
386 3803 463 3867 Urso]
483 3813 581 3851 sanctus
603 3804 674 3859 Urso,
695 3804 733 3853 ed.
752 3819 788 3866 pr.
809 3819 865 3852 cum
888 3805 917 3853 C.
935 3805 1031 3879 primae
1049 3818 1150 3859 manus;
1175 3802 1268 3858 Birsso,
1288 3801 1332 3857 D„
1349 3803 1381 3851 Α.

327 3869 446 3917 secundae
458 3885 552 3917 manus.
651 3869 814 3933 ¹intensivis]
825 3869 987 3926 intellectrvis,
997 3869 1036 3918 ed.
1044 3884 1080 3932 pr.
1147 3867 1253 3917 ’inista
1264 3867 1380 3933 materia]

327 3949 375 3982 om.
390 3934 421 3980 Α.
537 3935 546 3963 ⁴
562 3934 702 3998 loquentes]
716 3934 891 3998 colloquentes,
905 3935 937 3982 D.
1064 3935 1073 3961 ¹
1089 3933 1203 3998 paucior]
1215 3940 1259 3982 ant
1270 3933 1381 3997 paucior.

308 4036 311 4082 ἱ
327 3999 418 4048 A.B.C.
431 3999 469 4048 ed.
482 4015 519 4062 pr.
644 4001 654 4027 ¹
671 3999 764 4063 tamen]
777 4014 833 4048 cum
845 4000 882 4049 ed.
895 4016 931 4063 pr.
1063 3998 1072 4026 ⁷
1090 3999 1155 4063 quod
1167 4013 1223 4047 cnm
1235 3997 1380 4061 generatur]

326 4080 374 4112 om.
387 4065 480 4112 ΑΜ.
493 4065 531 4113 ed.
561 4081 579 4112 r.
727 4067 736 4092 ¹
753 4065 790 4128 in]
803 4074 835 4121 et,
848 4067 879 4114 Α.
893 4066 993 4128 primae.
1008 4065 1035 4112 B.
1048 4064 1169 4114 secundae
1180 4078 1278 4120 manus,
1290 4063 1330 4113 ed.
1343 4079 1380 4128 pr.

325 4129 335 4155 ¹
352 4137 462 4192 quaeest
475 4081 590 4193 ignisfes
610 4131 681 4222 ipnis,
694 4145 763 4193 quae.
777 4131 807 4178 h.
885 4132 903 4159 ¹⁰
919 4130 944 4178 in
957 4130 1025 4194 actu]
1038 4138 1103 4182 actu.
1116 4130 1147 4177 Α.
1248 4129 1265 4158 ¹¹
1284 4127 1379 4191 autem]

118 4256 122 4285 ³
309 4236 311 4269 Ι
326 4209 375 4241 om.
388 4195 425 4242 ed.
439 4211 475 4258 pr.
610 4196 615 4225 ¹
644 4195 680 4256 et]
693 4204 728 4252 ut,
742 4196 773 4242 Α.
