2864 4836
104 468 197 506 caan
461 437 802 506 TRIALOGUS.

103 608 229 684 concipi,
241 607 364 667 variato¹
375 617 435 667 tam
445 607 561 685 objecto
572 622 662 684 quam
672 616 812 683 tempore.
856 604 976 665 Certum
987 616 1031 664 est
1045 617 1153 676 tamen,

103 705 187 782 quod
200 706 242 765 sic
255 708 439 782 geminantes
452 705 615 781 intelligtmt
628 704 773 781 superflue
793 715 879 780 atque
898 704 982 774 male,
997 714 1026 763 et
1040 714 1072 763 ut
1087 705 1153 764 suh

102 803 212 862 tiliores
224 803 405 880 grammatici
424 802 598 875 concedunt,
612 802 770 879 loquuntur
787 804 958 878 incongnre.
999 801 1038 861 Et
1051 803 1082 860 in
1095 803 1152 862 isto

101 919 200 960 errore
214 901 346 960 laborant
359 911 504 979 ponentes
517 918 642 960 vacuum
660 901 814 972 infinitum,
828 909 857 960 et
876 901 918 960 sic
933 911 992 959 tam
1006 918 1152 977 gramma·

101 998 160 1058 tica
185 1016 274 1075 quam
297 998 488 1076 metaphisica
509 998 683 1058 destruerct²
702 998 790 1058 talem
811 999 997 1076 vagationem
1019 998 1152 1058 frivolam

100 1096 177 1155 ultra
189 1095 294 1156 limites
307 1097 433 1156 rationis
475 1096 674 1174 Intelligamus
688 1115 759 1174 ergo
772 1115 827 1168 res,
842 1114 917 1174 quac
931 1114 983 1173 per
997 1115 1063 1156 suas
1078 1098 1153 1157 exis·

100 1195 207 1255 tentias
225 1204 343 1254 movent
362 1195 504 1272 objective
522 1195 700 1254 intellectum
719 1204 860 1266 nostrum,
876 1205 904 1254 et
923 1196 960 1255 de
975 1195 1028 1255 illis
1046 1194 1153 1256 habere

100 1310 258 1370 possumus
271 1292 403 1352 notitiam
414 1293 648 1370 consequenter³.
690 1293 750 1353 Sed
764 1295 837 1353 sicut
851 1294 881 1352 in
895 1294 1016 1352 materia
1029 1294 1152 1354 calcula·

100 1391 176 1451 toria
189 1389 271 1449 multi
284 1389 419 1450 labuntur
432 1390 584 1467 perdendo
603 1409 634 1451 se
653 1393 733 1468 ipsos
746 1392 777 1451 in
791 1391 912 1469 pelagus
926 1391 1095 1464 intellectus,
1110 1394 1152 1453 sic

100 1491 131 1549 in
145 1489 267 1549 materia
280 1487 317 1547 de
330 1487 436 1548 talibus
450 1490 610 1548 rationibus
628 1491 783 1566 geminatis
797 1500 826 1549 et
845 1490 908 1549 aliis
927 1490 1152 1567 cogitationibus

100 1587 246 1665 superflue
259 1587 446 1658 introductis3
466 1597 498 1646 ut
512 1584 610 1647 multi⁴
623 1587 771 1664 sophistae
785 1586 924 1658 dubitant,
938 1586 1054 1648 siDeus
1068 1589 1149 1649 intel·
1184 1609 1294 1648 rmum

99 1684 162 1762 ligit
172 1702 277 1745 omnes
287 1683 421 1744 homines
431 1704 507 1763 quos
520 1696 617 1763 potest
630 1685 806 1763 producere;
827 1696 856 1745 et
868 1696 934 1745 sunt
944 1688 1150 1762 responsiones
1181 1651 1343 1778 qffiffi„

99 1784 195 1842 variae
209 1782 413 1860 sophistarum,
426 1793 459 1842 ut
476 1783 596 1859 quidam
615 1782 722 1854 dicunt,
737 1784 819 1861 quod
838 1801 908 1854 non,
926 1801 963 1842 eo
978 1784 1059 1860 quod
1073 1783 1150 1841 non⁵

99 1891 226 1959 possunt
238 1881 373 1958 intelligi⁸
374 1881 461 1959 ,quia
475 1882 595 1958 signatis
608 1881 671 1952 illis,
687 1891 754 1940 sunt
765 1881 821 1940 alia
834 1880 982 1940 individua
996 1881 1149 1940 hominum

99 1998 189 2057 quam
202 1979 251 2038 illa
264 1978 407 2056 signanda
414 1998 423 2052 ;
449 1989 478 2038 et
491 1980 553 2056 pari
574 1978 718 2038 evidentia
731 1997 790 2057 qua
810 1989 907 2056 potest
921 1978 1003 2038 Deus
1022 1979 1148 2057 aliquem

98 2077 214 2137 illorum
227 2078 399 2155 producere,
411 2086 510 2155 potest
523 2076 568 2138 et'
586 2077 744 2154 quemlibet
763 2077 893 2149 aliorum,
908 2086 938 2137 ct
956 2078 1041 2137 sicin
1055 2077 1151 2136 infini-

97 2185 170 2235 tum.
213 2175 278 2235 Nec
292 2186 336 2236 est
349 2177 422 2235 ratio
435 2195 525 2254 quare
545 2160 663 2252 aliquod
682 2192 744 2236 non
758 2194 812 2235 ens
826 2185 923 2253 potest
936 2176 1064 2253 intelligi,
1079 2177 1150 2253 quin

97 2292 151 2351 per
163 2273 243 2333 idem
262 2274 335 2334 alius
353 2292 492 2333 numerus
510 2273 664 2334 hominum
684 2293 775 2353 quam
793 2275 846 2335 iste
863 2285 961 2352 potest
978 2274 1106 2351 intelligi,
1121 2286 1150 2334 et

98 2372 185 2431 sicin
203 2371 356 2433 infinitum.
397 2370 463 2431 Nec
481 2381 526 2431 est
543 2373 617 2431 ratio
635 2372 795 2450 signanda⁸
814 2373 940 2444 ulterius,
958 2391 1048 2450 quare
1067 2372 1149 2432 Deus

96 2479 194 2548 potest
209 2470 245 2529 dc
259 2470 308 2529 illo
323 2488 446 2529 numero
462 2488 551 2547 quem
565 2486 626 2529 non
640 2471 791 2547 producet,
803 2470 981 2548 singularem
995 2470 1147 2530 hominem

96 2567 269 2646 producere,
283 2569 355 2646 quin
373 2587 426 2646 per
444 2567 523 2628 idem
544 2568 582 2627 de
600 2568 657 2628 alio
676 2587 801 2628 numero
820 2566 980 2646 signando⁹
999 2579 1148 2628 extraneo.

96 2668 170 2727 ldeo
186 2668 286 2728 dicunt
301 2666 474 2744 sophistae¹⁰
492 2665 665 2744 negativam,
680 2666 761 2745 quod
775 2667 857 2727 Deus
875 2685 937 2726 non
954 2678 1050 2744 potest
1064 2666 1147 2726 intel·

95 2765 185 2841 ligere
206 2781 310 2825 omnes
330 2764 465 2824 homines
485 2781 561 2842 quos
581 2776 678 2842 potest
698 2765 868 2843 producere,
890 2766 958 2843 quia
981 2775 1053 2825 tunc
1073 2764 1148 2826 foret

95 2881 148 2923 sua
161 2864 292 2940 potentia
310 2864 473 2923 necessario
492 2863 620 2936 limitata,
634 2873 663 2923 et
677 2865 719 2924 sic
735 2862 817 2924 Deus
836 2882 897 2923 non
911 2864 1042 2941 intelligit
1055 2865 1147 2923 maxi-

94 2979 177 3020 mum
188 2978 343 3021 numerum
356 2960 509 3021 hominum
519 2979 608 3039 quem
619 2961 740 3038 potest¹¹
754 2962 851 3023 iacere
864 2961 957 3022 esse¹²
971 2962 1064 3034 simul,
1080 2964 1148 3040 quia

94 3069 165 3120 tunc
179 3077 241 3118 non
257 3068 357 3136 posset
375 3077 472 3119 creare
491 3059 580 3118 alium
598 3058 749 3120 hominem
771 3079 839 3120 cum
852 3061 913 3120 istis
927 3060 1071 3121 mundum
1084 3079 1147 3120 ma-

92 3159 199 3236 jorare,
213 3158 259 3216 vel
279 3157 392 3217 illorum
413 3156 539 3235 aliquem
560 3158 721 3232 minorare;
750 3169 780 3218 et
794 3159 864 3219 sic¹³
878 3159 1052 3230 concedunt,
1067 3159 1148 3236 quod

94 3256 178 3333 plura
190 3265 287 3332 potest
301 3255 461 3333 producere
476 3274 565 3333 quam
578 3267 675 3334 potest
689 3258 846 3334 intelligere
861 3268 890 3317 et
904 3276 920 3316 e
935 3266 1044 3317 contra.
1088 3256 1147 3316 Sed

94 3352 215 3431 quando
230 3355 357 3430 arguitur
370 3354 432 3424 illis,
448 3354 471 3413 si
485 3353 567 3414 Deus
586 3365 683 3432 potest
700 3355 784 3433 plura
797 3354 959 3433 producere
974 3372 1064 3431 quam
1078 3371 1147 3431 pro·

94 3451 217 3535 ducet¹⁴,
232 3470 303 3528 ergo
317 3452 413 3530 aliqua
426 3462 456 3512 et
469 3452 577 3530 aliquid
590 3463 686 3530 potest
701 3453 861 3529 producere
875 3451 956 3528 quod
969 3469 1031 3510 non
1048 3461 1145 3528 potest

93 3548 297 3628 producere¹⁸3
319 3559 348 3610 et
362 3550 386 3610 si
399 3551 529 3627 praecise
545 3561 589 3610 tot
607 3549 806 3627 produceret¹⁶
820 3568 895 3628 quae
909 3559 938 3609 et
956 3560 1029 3626 quot
1047 3559 1145 3626 potest

127 3704 419 3780 ιιιιιιιιιο]νιιιὶιια,1),
480 3707 652 3778 ¹destrueret]
664 3714 797 3769 destruent.
810 3714 903 3765 Α..Βο
914 3712 953 3764 ed
964 3728 1001 3778 pr.
1060 3712 1144 3763 ¹c0n·

93 3779 235 3846 sequenter]
247 3779 426 3844 consequentis,
437 3778 475 3829 ed.
487 3795 546 3856 pr.
622 3778 732 3855 ⁴multi]
744 3779 844 3837 multae,
855 3780 894 3830 ed
906 3796 943 3844 pr.
1008 3777 1065 3828 ⁸eo
1077 3781 1143 3843 quod

93 3862 145 3897 non
170 3861 220 3895 om.
232 3844 270 3896 ed.
264 3860 358 3959 .pr.si
416 3843 548 3909 ‘intelligi
541 3842 649 3908 ']inte
668 3861 716 3903 ere,
727 3846 766 3894 ed
777 3860 815 3910 pr
889 3845 999 3909 potest
1010 3843 1048 3908 et]
1060 3851 1142 3908 potest

91 3928 124 3977 pr
158 3909 470 3973 noerellus]
675 3881 1002 3975 ‚ed.pr⁰signando
1013 3917 1129 3959 extraneo

91 3983 210 4027 extraneo
220 3925 399 4040 assignatos..
443 3974 530 4069 l”sop¹
545 3909 637 4039 'stae]C
629 3927 769 4040 sophistice,
780 3976 873 4026 ΑΒΕ.
885 3975 923 4025 ed.
934 3990 972 4039 pr
1012 3973 1031 4003 ¹¹
1047 3981 1129 4038 potest

92 4041 310 4135 DeuspotestCl.
318 4041 356 4092 ed.
369 4056 406 4104 pr.
546 4039 625 4090 facere
635 4039 700 4105 esse]
712 4040 798 4097 iacere
810 4040 849 4090 ed.
861 4057 898 4105 pr
997 4038 1015 4068 ¹³
1032 4038 1078 4103 sic]
1091 4054 1141 4089 οιιι.

91 4107 131 4158 ed.
143 4122 182 4172 pr
291 4056 456 4222 1⁴qgoduoet]
468 4105 591 4171 producit.
602 4105 640 4155 ed.
652 4121 690 4171 pr
804 4103 986 4171 1'producere]
998 4104 1141 4170 producere,

91 4173 174 4222 stabat
184 4171 318 4236 osthanes.

553 4170 571 4200 ¹⁸
587 4171 745 4240 produceret]
760 4171 894 4238 producere
903 4177 992 4236 potest,
1004 4168 1043 4220 ed
1054 4185 1100 4235 pn,
1112 4171 1141 4223 C.

91 4171 214 4288 soeundae
224 4252 320 4287 manus.

988 4293 1007 4336 θ
