2864 4836
77 480 157 524 esne
433 453 773 517 TRIALOGUS.

79 617 221 696 intelligit,
236 618 279 679 sic
292 618 371 678 enim
384 616 467 678 Deus
480 616 568 676 habet
580 616 686 695 ydeam
706 617 827 694 peccati,
842 634 909 675 cum
929 616 1026 693 ipsum
1045 616 1128 677 intel·

78 715 151 795 ligit,
163 716 274 794 judicat
287 726 317 776 et
330 716 474 778 discernit.

120 813 284 875 Prromse.
325 815 417 875 Istam
432 817 557 895 logicam
568 824 687 894 propter
697 831 734 874 ex
749 831 784 872 ea
798 813 949 891 sequentia
963 813 1051 872 debet
1065 812 1128 890 qui·

79 913 149 972 libet
162 913 255 974 fidelis
269 912 426 990 despicere.
470 914 539 974 Scio
553 926 653 974 tamen
667 913 748 990 quod
761 911 891 972 Fratres¹
906 913 1000 988 ipsam
1014 913 1129 988 magni·

80 1011 176 1083 licant,
191 1011 386 1072 concedentes
401 1013 483 1090 quod
500 1013 610 1073 habent
628 1011 757 1070 infinitos
776 1010 852 1069 filios
870 1009 1015 1069 naturales
1030 1020 1059 1069 et
1073 1010 1129 1069 alia

79 1109 209 1168 maxima
223 1119 355 1169 monstra
368 1111 478 1182 mundi,
493 1111 569 1170 imo²
583 1110 728 1169 infinitum
746 1110 897 1168 meliorem
915 1107 1023 1179 Deum,
1039 1126 1128 1186 quam

77 1225 135 1267 nos
153 1207 305 1279 habemus,
319 1217 349 1267 et
367 1209 408 1268 sic
428 1209 465 1267 de
484 1209 625 1269 similibus
643 1207 839 1286 blasphemiis,
854 1207 885 1264 in
904 1224 977 1284 quas
997 1207 1129 1265 incidunt

78 1316 199 1383 propter
216 1324 345 1366 errorem
366 1307 578 1385 amplitudinis³
595 1307 764 1366 intellectus.
809 1304 848 1364 Et
862 1307 904 1365 sic
922 1305 1043 1363 credunt
1056 1304 1128 1363 salse

77 1404 160 1480 ipsos
187 1403 344 1480 intelligere
372 1405 516 1464 infinitum
543 1405 695 1464 meliorem
721 1403 828 1474 Deum,
856 1421 946 1480 quam
975 1412 1019 1462 est
1046 1401 1129 1462 Deus

77 1512 187 1574 noster,
202 1503 269 1562 licet
283 1502 365 1561 Deus
379 1521 440 1561 non
455 1514 553 1580 posset
567 1504 663 1580 ipsum
678 1519 868 1577 cognoscere.
910 1500 948 1559 Et
963 1501 1004 1559 sie
1018 1498 1129 1559 videtur

78 1599 161 1678 quod
173 1599 256 1660 Deus
270 1599 341 1658 nihil
358 1611 455 1678 potest
468 1599 635 1678 intelligere,
651 1601 706 1660 nisi
725 1599 808 1677 quod
826 1597 863 1658 de
883 1598 961 1658 facto
980 1597 1126 1675 intelligit;

77 1698 147 1775 quia
167 1698 191 1757 si
211 1697 269 1757 hoc
289 1708 388 1775 potest
407 1698 574 1776 intelligere,
595 1700 657 1775 ipse
679 1698 832 1775 cognoscit
852 1696 934 1774 quod
953 1696 1011 1755 hoc
1032 1707 1129 1772 potest

83 1795 250 1872 intelligere,
265 1814 334 1855 cum
347 1792 409 1854 illa⁴
423 1797 459 1855 sit
472 1798 576 1856 veritas
584 1816 592 1869 ;
615 1806 644 1855 et
658 1798 717 1855 sive
731 1795 814 1854 Deus
828 1796 888 1853 sive
907 1793 999 1852 homo
1015 1811 1128 1869 cogno·

78 1905 142 1954 scat
166 1893 246 1972 quod
270 1894 329 1954 hoc
352 1904 450 1971 potest
470 1895 638 1970 intelligere,
659 1904 728 1953 tunc
749 1893 881 1968 intelligit
901 1879 967 1950 hoc.
1010 1890 1083 1949 ldeo
1105 1893 1129 1951 si

79 1991 163 2051 Deus
177 1992 337 2071 quidquam
351 1991 464 2068 potest⁸
478 1993 645 2069 intelligere,
659 2001 729 2050 tunc
748 1990 817 2049 illud
835 1989 975 2065 intelligit,
994 1990 1063 2066 quia
1081 1990 1128 2047 ut⁶

79 2093 264 2162 dictumest,
285 2089 367 2150 Deus
388 2090 457 2148 nihil
478 2100 575 2168 potest
596 2091 723 2167 incipere
744 2090 789 2150 vel
813 2089 946 2148 desinere
967 2087 1126 2163 intelligere

77 2190 137 2251 sive
162 2206 350 2267 cognoscere,
372 2198 400 2247 et
420 2187 503 2247 Deus
527 2188 597 2247 nihil
618 2189 757 2265 intelligit,
779 2188 834 2247 nisi
856 2186 938 2265 quod
958 2196 1002 2245 est
1023 2186 1126 2245 saltem

76 2285 239 2348 secundum
262 2304 328 2346 esse
351 2286 534 2363 intelligibile.
585 2286 623 2346 Et
645 2286 693 2346 ιη’
719 2286 907 2364 probabiliter
934 2293 1032 2362 potest
1059 2285 1126 2357 dici,

77 2385 175 2445 Deus⁸
186 2383 257 2443 nihil
267 2384 406 2460 intelligit,
418 2385 473 2442 nisi
487 2383 568 2461 quod
582 2385 685 2457 existit,
699 2383 769 2444 dum
784 2394 881 2461 potest
895 2383 1025 2455 existere,
1040 2391 1070 2442 et
1084 2383 1126 2442 sic

76 2502 168 2543 omne
186 2482 267 2560 quod
286 2492 382 2559 potest
401 2483 532 2553 existere,
551 2483 655 2542 existit.
697 2482 745 2542 Sic
765 2484 844 2543 enirn
865 2483 1026 2559 proposito,
1045 2481 1127 2558 quod

81 2583 156 2642 filius
171 2591 237 2641 tuus
251 2590 303 2652 est,
317 2580 507 2657 respondetur
527 2580 723 2657 supponendo
744 2580 825 2659 quod
846 2598 915 2651 non,
931 2580 1000 2656 quia
1020 2580 1045 2637 si
1065 2597 1126 2637 non

79 2682 142 2751 erit,
156 2697 219 2738 non
233 2687 285 2751 est,
300 2687 329 2737 et
343 2696 360 2737 e
374 2687 492 2750 contra;
522 2678 610 2738 etsie
631 2677 736 2738 multa⁰
757 2689 825 2738 sunt
844 2680 936 2756 signa,
955 2695 1031 2755 quae
1051 2694 1127 2736 erra·

80 2777 173 2838 bundi
195 2794 270 2836 vane
294 2776 457 2852 intelligunt
481 2786 616 2853 putantes
640 2795 672 2835 se
698 2777 857 2853 intelligere
884 2795 938 2836 sua
964 2776 1127 2853 significata

76 2876 221 2954 primaria,
247 2872 318 2932 dum
343 2873 434 2933 modo
459 2891 521 2932 non
545 2876 581 2933 sit
604 2875 651 2934 ita.
704 2875 762 2934 Sed
784 2876 868 2953 Juxta
892 2875 967 2933 dicta
993 2874 1125 2950 superius

79 2973 244 3049 intelligunt
277 2973 318 3031 sic
350 2972 571 3030 commiscendo
604 2973 751 3049 signatum
783 2974 899 3033 termini
932 2990 1000 3032 curn
1032 2972 1124 3031 modo

79 3069 265 3148 intelligendi,
279 3079 311 3128 ut
324 3069 414 3128 non¹⁰
428 3069 557 3141 docetur,
577 3070 630 3130 sed
649 3073 822 3148 supponitur
840 3089 905 3130 esse
924 3071 1038 3141 falsum,
1057 3070 1125 3147 quia

74 3169 158 3228 Deus
172 3167 302 3244 intelligit
312 3167 403 3226 filium
413 3184 520 3227 meum.
562 3167 600 3227 Et
614 3168 671 3229 hoc
682 3170 794 3229 videtur
805 3171 1024 3240 consonantius,
1035 3187 1124 3244 quam

80 3265 251 3337 concedere,
265 3264 346 3342 quod
360 3264 479 3341 quilibet
492 3264 618 3325 Frater¹¹
637 3268 762 3327 infinitas
776 3286 883 3327 uxores
897 3267 984 3326 habet
998 3277 1027 3325 et
1041 3267 1124 3338 filios,

73 3367 144 3436 imo,
166 3364 247 3442 quod
267 3360 356 3422 omne
378 3361 548 3422 scandalum
569 3366 624 3424 sibi
644 3367 822 3442 impossibile
847 3366 902 3424 sibi
926 3366 1009 3435 inest,
1032 3374 1061 3422 et
1083 3366 1124 3422 sie

75 3463 160 3522 Deus
173 3480 234 3520 non
253 3461 385 3537 intelligit
405 3460 496 3519 filium
514 3471 605 3534 tuum,
620 3472 751 3522 montem
769 3481 897 3533 aureum,
913 3472 941 3520 et
959 3461 1124 3536 inintelligi-

72 3562 140 3632 bile,
151 3561 217 3620 licet
230 3559 369 3636 intelligat
383 3559 438 3617 ista
451 3561 535 3635 signa
543 3579 551 3632 ;
573 3571 602 3620 et
617 3563 658 3620 sic
672 3579 733 3619 non
748 3571 815 3620 sunt
828 3560 920 3637 ydeae
935 3559 1044 3630 talium,
1056 3578 1124 3619 cum

75 3677 138 3719 non
151 3658 300 3718 existentis
314 3674 375 3715 non
389 3657 424 3716 sit
439 3657 523 3734 ydea.
566 3657 612 3718 De
626 3667 736 3734 peccalo
754 3658 922 3730 concedo¹²,
942 3658 1024 3735 quod
1042 3657 1124 3718 Deus

75 3759 174 3835 ipsum
187 3754 319 3832 intelligit
333 3764 362 3813 et
373 3755 533 3831 cognoscit,
544 3773 606 3814 non
620 3766 719 3816 tamen
733 3757 821 3816 habet
835 3767 988 3835 peecatum
1001 3754 1124 3834 ydeam;

80 3854 135 3915 sed
147 3853 239 3912 homo
254 3852 463 3929 cognoscendo
486 3863 646 3914 creaturam
667 3856 846 3933 peccabilem
867 3866 896 3916 et
916 3855 998 3932 quod
1012 3864 1123 3932 peccat,

73 4066 251 4132 ampliationis,
264 4065 371 4121 Amce
391 4063 527 4130 amplioris,
539 4066 577 4115 ed.
588 4081 626 4130 pr.
723 4066 803 4131 ‘ille]
816 4065 884 4125 illud,
895 4068 928 4117 A.
1003 4065 1014 4094 ⁶
1063 4073 1111 4115 test

72 4135 136 4190 vult,
148 4131 187 4181 ed.
198 4147 236 4197 pr.
333 4129 512 4207 ‘ut]om.ed.
541 4146 560 4180 r.
625 4131 691 4196 lut]
704 4148 753 4182 orn.
765 4133 804 4182 ed.
815 4147 853 4197 pr.
936 4132 1032 4182 'Deus
1056 4147 1089 4196 qu

70 4201 153 4252 Deus,
161 4197 194 4246 A.
259 4195 376 4260 ’multe]
389 4195 492 4251 infinita,
533 4213 587 4261 .pr.
653 4197 672 4226 ¹⁰
688 4205 715 4246 ut
725 4197 788 4262 non]
800 4212 851 4247 non
862 4198 969 4253 nens.
1036 4197 1053 4226 ¹¹
1071 4197 1122 4247 scil.

73 4263 225 4317 mendicans.
294 4260 313 4290 ¹¹
329 4260 451 4326 concedo]
461 4261 559 4324 quidem
571 4262 720 4322 conceditur,
733 4263 840 4321 A.B,c.;
860 4263 1009 4324 conceditur,
1019 4263 1057 4313 ed.
1068 4279 1106 4328 pr.

574 4346 623 4388 M

106 4002 116 4032 ¹
134 3999 186 4051 scss.
197 3999 372 4050 mendicantes
514 3998 525 4028 ¹
540 3999 603 4064 imo]
616 4000 680 4058 ideo,
692 4002 731 4051 ed.
743 4019 780 4067 pr.
913 4001 923 4030 ¹
939 4000 1124 4182 amplitudini]

1162 1609 1266 1644 Demulldl

1162 1649 1297 1692 metimin-

1161 1690 1308 1776 esseut

1159 3667 1232 3702 Petenti
1239 3676 1277 3702 non

1158 3715 1187 3744 est
1196 3708 1245 3744 iden.
