2864 4836
159 455 253 490 cnm.
525 433 593 493 TR
603 433 627 492 I
632 433 701 494 AL
715 432 782 495 OG
797 432 864 494 US.

158 595 203 652 sic
221 595 319 654 scribit
340 595 507 671 apostolus:
536 597 578 654 ‘si
592 597 657 672 quis
673 613 735 655 non
749 595 808 655 vult
827 597 949 672 operari,
964 612 1025 654 non
1045 595 1210 665 manducet,

158 694 321 755 audivimus
340 696 419 757 enim
439 696 584 754 intervos
603 695 747 772 quosdam
766 694 926 754 ambulare'
941 707 995 753 etc.
1037 695 1083 753 Ex
1105 695 1211 771 quibus

157 792 254 850 verbis
268 803 348 869 patet
362 793 426 852 luce
439 793 551 864 clarius,
563 793 643 868 quod
657 793 809 871 apostolus
820 792 954 869 prohibet
964 792 1209 852 mendicationem

157 888 335 966 hujusmodi.
378 890 513 950 Similiter
530 910 542 948 1
561 891 694 951 Thessal
715 892 749 950 iv.
773 891 893 950 mandat
914 891 1065 967 apostolus
1087 892 1141 949 sub
1165 890 1210 948 his

157 988 270 1061 verbis;
302 993 457 1066 ‘rogamus
481 999 579 1048 autem
603 1007 656 1048 vos
680 988 781 1048 fratres
805 998 836 1049 ut
864 988 1038 1047 habundetis
1062 989 1157 1064 magis
1181 998 1210 1046 et

156 1103 279 1163 operam
303 1087 377 1147 detis
398 1098 430 1147 ut
450 1088 540 1165 quieti
560 1087 621 1147 sitis
641 1099 670 1147 et
690 1097 721 1147 ut
742 1098 868 1147 vestrum
894 1088 1044 1163 negotium
1066 1086 1158 1163 agatis
1180 1095 1209 1145 et

155 1185 319 1262 operemini
333 1186 468 1247 manibus
479 1187 580 1246 vestris
594 1186 668 1245 sicut
682 1187 882 1263 praecepimus
895 1186 986 1256 vobis,
998 1194 1027 1244 et
1041 1195 1072 1243 ut
1085 1184 1208 1244 honeste

155 1283 310 1342 ambuletis
328 1283 367 1343 ad
385 1300 438 1343 eos
458 1285 508 1361 qui
530 1282 600 1342 foris
621 1294 688 1342 sunt
706 1294 735 1343 et
753 1283 859 1342 nullius
879 1282 988 1359 aliquid
1008 1280 1207 1342 desideretis¹.’

154 1380 202 1440 Ex
226 1399 287 1458 quo
310 1391 392 1441 textu
415 1393 501 1458 patet,
527 1383 608 1460 quod
636 1381 737 1442 fratres
764 1383 795 1441 in
822 1381 1018 1441 mendicando
1045 1381 1207 1456 apostolico

153 1479 294 1539 mandato
319 1479 414 1539 etsie
439 1479 578 1539 mandato
603 1479 723 1538 Douuni
751 1478 960 1539 contradicunt.
1007 1477 1142 1537 Similiter
1169 1478 1207 1536 ad

153 1578 300 1656 Ephesios
323 1578 358 1638 iv.
383 1579 553 1638 mandando
580 1578 668 1638 docet
695 1580 853 1655 apostolus,
879 1577 945 1654 ‘qui
972 1576 1119 1635 furabatur
1143 1576 1206 1652 jam

150 1672 216 1735 'non
240 1676 366 1736 furetur!
409 1676 468 1736 Sed
488 1677 639 1736 videamus
660 1676 812 1754 quomodo
833 1675 934 1734 fratres
955 1675 1040 1750 plene
1065 1674 1205 1732 mandato

151 1774 316 1849 apostolico
330 1775 532 1835 contradicunt
540 1793 548 1848 ;
578 1793 666 1852 saepe
683 1776 763 1833 enim
777 1785 879 1833 contra
892 1773 1070 1832 voluntatem
1084 1771 1206 1830 Domini

151 1871 253 1931 fraude
267 1872 387 1933 fratrum
405 1871 534 1932 seducti'
547 1874 672 1949 pessime
693 1874 809 1948 rapiunt
829 1871 923 1929 aliena
944 1880 973 1929 et
992 1870 1124 1928 laborem
1145 1869 1205 1927 suis

151 1971 288 2030 manibus
299 1972 538 2047 praetermittunt,
550 1990 617 2030 cum
629 1981 728 2029 tamen
739 1969 897 2046 apostolus,
908 1979 940 2027 ut
950 1978 1030 2043 patet
1040 1967 1105 2025 Act.
1119 1965 1204 2038 xviii,

150 2067 191 2127 ad
212 2069 452 2129 exonerationem
473 2068 612 2129 ecclesiae
633 2081 693 2127 arte
718 2066 944 2127 scenofactoria³
963 2065 1016 2125 fuit
1037 2084 1115 2125 usus.
1159 2064 1203 2124 Si·

153 2165 257 2225 militer
281 2166 363 2226 Deus
388 2167 512 2243 injunxit
537 2167 633 2244 primo
657 2165 767 2225 homini
796 2164 929 2243 peccanti
952 2164 1134 2240 corporalem
1162 2164 1203 2223 la·

149 2265 261 2335 borem,
275 2275 308 2323 ut
326 2275 405 2340 patet
424 2263 501 2323 Gen.
515 2265 563 2336 iii,
580 2265 629 2322 ‘in
648 2265 763 2334 sudore,
783 2264 884 2340 inquit,
904 2264 998 2322 vultus
1018 2263 1059 2321 tui
1078 2262 1201 2321 vesceris

148 2380 225 2438 pane
239 2359 323 2421 tuo⁴.'
365 2361 507 2439 Nunquid
528 2362 713 2437 intelligimus
734 2361 815 2438 quod
836 2373 916 2421 secta
933 2361 1051 2420 fratrum
1070 2361 1105 2420 sit
1120 2379 1202 2437 prae·

148 2461 270 2519 stantior
289 2460 470 2538 protoplasto
484 2471 533 2520 aut
554 2460 773 2537 praedicativior
791 2469 893 2518 sancto
912 2458 1080 2534 apostolo³?
1117 2458 1202 2517 Simi-

146 2558 212 2617 liter
225 2558 354 2617 secuuda
368 2557 500 2618 Corinth.
516 2559 551 2617 vi.
566 2557 713 2616 mandavit
730 2556 888 2632 apostolus
904 2557 1071 2615 ‘hortamur
1091 2573 1143 2615 vos
1164 2575 1200 2614 ne

146 2656 178 2714 in
199 2675 323 2716 vacumn
343 2658 466 2734 gratiam
484 2657 540 2716 Dei
560 2657 739 2734 accipiatis⁶.'
783 2656 945 2729 Quomodo
966 2655 1068 2716 fratres
1088 2673 1149 2714 non
1171 2657 1200 2714 in

145 2771 270 2813 vacuum
292 2757 415 2831 gratiam
436 2755 492 2814 Dei
517 2756 667 2832 recipiunt,
688 2757 738 2833 qui
759 2775 777 2816 a
798 2755 864 2817 Deo
886 2754 994 2813 habent
1017 2755 1199 2831 corporalem

146 2851 344 2912 fortitudinem
361 2862 390 2913 et
409 2855 666 2930 opportunitatem,
685 2865 714 2913 et
733 2854 772 2914 ad
790 2850 1045 2912 exonerationem'
1060 2853 1199 2915 ecclesiae

146 2951 298 3027 negligunt
311 2951 477 3011 laborare⁸i
514 2951 649 3012 Similiter
663 2970 732 3011 cum
746 2950 877 3012 Christus
896 2952 1031 3035 prohibet
1051 2952 1198 3011 mendica-

144 3050 256 3108 tionem
277 3050 365 3108 talem
386 3050 542 3126 publicam,
563 3069 630 3108 cum
652 3068 689 3108 eo
710 3051 784 3125 ipso,
805 3067 866 3126 quo
891 3049 926 3108 sit
950 3049 1130 3120 mendicans,
1152 3050 1198 3109 fit⁹

143 3145 255 3224 populo
276 3166 428 3219 onerosus,
443 3147 524 3225 quod
544 3147 677 3207 Christus
697 3149 727 3204 in
747 3146 839 3205 Paulo
861 3164 948 3224 saepe
970 3148 1124 3223 prohibuit,
1139 3166 1198 3224 qua

144 3244 239 3304 fronte
258 3244 366 3304 audent
386 3246 489 3305 novelli
510 3246 627 3304 ordines
648 3246 892 3305 mendicationem
914 3245 1059 3321 publicam
1081 3246 1112 3302 in
1132 3264 1197 3322 per-

143 3343 225 3402 sonis
240 3343 340 3403 validis
361 3344 540 3421 proclamare
562 3353 591 3402 et
611 3344 796 3402 devotionem
818 3344 962 3401 novellam
982 3344 1013 3400 in
1032 3342 1134 3402 ordine
1149 3345 1197 3403 tali

142 3444 287 3502 statuere?
322 3441 473 3519 Numquid
490 3442 662 3501 Franciscus
681 3451 709 3499 et
729 3441 775 3499 alii
794 3451 970 3500 mercatores
989 3441 1096 3500 idiotae
1110 3460 1195 3501 exce·

142 3540 216 3598 dunt
236 3540 324 3599 fidem
345 3540 485 3600 ecclesiae
506 3551 534 3599 et
552 3540 714 3598 Dominum
735 3538 836 3617 Jesum
858 3536 1025 3597 Christum?
1061 3539 1195 3599 Similiter

140 3656 210 3695 curn
225 3657 368 3717 pauperes
390 3639 469 3698 caeci
490 3638 603 3715 egeni¹⁰
619 3639 728 3698 debiles
750 3638 787 3698 de
804 3637 869 3714 lege
883 3637 940 3697 Dei
959 3638 1066 3698 debent
1086 3638 1193 3698 habere

175 3822 182 3850 ¹
200 3829 227 3871 ut
240 3822 573 3888 habundetis-desideretis]
585 3840 635 3873 om.
648 3824 709 3873 ΑΒ.
721 3823 759 3873 ed.
772 3840 808 3888 pr.
915 3823 925 3853 ¹
941 3824 1047 3889 seducti]
1059 3825 1193 3881 seductam,

140 3887 201 3937 B.C.
213 3888 252 3937 ed.
264 3904 301 3951 pr.
423 3889 432 3918 ⁸
449 3889 638 3954 scenofactoria]
651 3889 821 3946 senofactoria,
833 3890 861 3938 B.
874 3889 994 3939 secundae
1006 3906 1105 3945 munus;
1124 3905 1191 3939 sene-

140 3952 252 4010 facton'a,
265 3954 312 4009 Α.;
331 3953 549 4011 schoenofactorin‚
561 3955 599 4004 ed.
629 3971 647 4003 r.
783 3955 792 3983 ⁴
809 3955 913 4004 vesceris
923 3970 987 4019 pane
998 3955 1054 4018 tuo]
1066 3970 1116 4004 om.
1129 3954 1191 4004 ΑΒ.

138 4018 177 4066 ed.
190 4033 227 4081 pr.
297 4019 307 4047 ⁸
324 4028 410 4068 sancto
421 4020 549 4084 apostolo]
562 3971 647 4075 Paulo,
660 4021 734 4076 Α.1].;
752 4028 838 4069 sancto
851 4019 935 4074 Paulo,
947 4019 985 4068 ed.
998 4035 1033 4083 pr.
1111 4020 1121 4048 ⁸
1137 4035 1192 4084 gra·

139 4083 200 4131 tiam
213 4082 260 4132 Dei
273 4085 411 4198 accipiatis}
424 4102 473 4134 om.
487 4085 549 4132 ΑΒ.
561 4086 599 4134 ed.
612 4101 649 4149 pr.
763 4084 773 4112 ⁷
790 4084 1001 4148 exonerationem]
1014 4085 1191 4142 onerationem,

138 4148 177 4196 ed.
189 4164 226 4212 pr.
352 4165 399 4214 neg
411 4152 479 4214 igunl
492 4150 615 4215 laborare]
628 4150 764 4205 laborandi,
777 4149 810 4197 D.
910 4150 920 4177 ⁹
936 4165 985 4212 quo
997 4151 1028 4198 sit
1040 4150 1190 4207 mendicans,

138 4211 178 4277 fil]
191 4214 225 4262 sic
234 4214 384 4271 mendicans,
397 4215 432 4273 fit,
445 4217 474 4265 C.
486 4215 523 4264 ed.
537 4232 573 4279 pr.
710 4216 729 4245 ¹⁰
746 4215 829 4280 egeni]
842 4215 917 4279 aegri,
929 4215 1021 4264 A.B.C.
1034 4215 1071 4264 ed.
1086 4231 1122 4279 pr.

1292 451 1355 518 343
