2864 4836
57 467 141 504 οιιι...
421 442 763 504 TRIALOGUS·
823 507 829 515 λ

56 606 127 681 quia
146 605 228 666 Deus
253 623 314 665 non
335 616 433 683 potest
456 605 613 681 intelligere
634 605 699 682 plus
720 623 809 681 quam
829 614 861 663 tu
885 602 995 680 potes¹,
1016 611 1045 661 et
1065 596 1113 661 tu¹

59 704 193 782 intelligis
206 704 272 781 plus
285 721 374 781 quam
387 703 470 763 Deus
484 714 580 781 potest
594 703 768 779 intelligere;
789 701 945 778 quomodo
963 717 1035 776 ergo
1049 716 1111 757 non

60 812 178 880 superat
201 803 332 879 potentia
355 812 405 861 tua
428 801 599 861 intellectiva
622 802 784 878 potentiam
809 798 1009 859 intellectivam
1034 796 1111 856 Dei?

60 919 130 961 nam
144 912 176 959 tu
190 900 324 976 intelligis
336 900 425 958 istum
439 899 594 957 terminum
609 899 792 974 ‘plusquam
805 897 887 956 Deus
900 907 996 973 potest
1010 895 1111 954 intelli·

61 999 148 1074 gere,'
168 995 254 1076 ergo⁸
270 998 353 1075 juxta
373 997 546 1057 evidentiam
567 997 703 1072 priorem,
721 995 870 1072 perillum
892 994 1047 1053 terminum
1069 994 1111 1052 sic

60 1097 274 1174 significantem
287 1106 319 1154 tu
335 1095 470 1171 intelligis
489 1095 563 1171 plus,
577 1111 667 1170 quarn
681 1092 764 1152 Deus
777 1102 874 1170 potest
888 1092 1061 1168 intelligere;
1083 1101 1113 1150 et

60 1191 235 1272 sequuntur⁴
248 1193 451 1254 conclusiones
465 1192 600 1261 infinitae,
615 1209 689 1267 quas
703 1190 834 1252 ethnicus
848 1186 1037 1251 abborreret⁶.

393 1592 396 1599 Ι
493 1509 682 1570 curru

325 1680 496 1759 Dtiqutlrm
509 1684 600 1760 logica
613 1684 806 1758 componitur.

69 1833 76 1913 1
103 1833 265 1896 Phrenesis.
307 1838 366 1898 Iste
387 1849 513 1917 punctus
533 1857 595 1897 non
614 1847 659 1897 est
677 1838 798 1898 multum
817 1837 902 1897 realis
916 1835 969 1897 sed
982 1834 1114 1904 verbalis,
1145 1853 1264 1931 meg*

61 1932 198 2016 laborans
221 1935 252 1992 in
276 1936 449 2013 aequivocis,
474 1947 504 1996 et
530 1937 642 1996 videtur
664 1936 745 2013 quod
769 1952 853 1995 soror
877 1947 977 1995 nostra
1000 1945 1112 2012 partem
1144 1934 1255 1980 “mm

60 2038 168 2127 liabeat
182 2041 337 2100 saniorem.
380 2041 439 2102 Sed
452 2060 507 2119 pro
521 2043 665 2102 intellectu
679 2043 826 2118 utriusque
840 2041 929 2118 partis
942 2040 1113 2110 notandum,

61 2136 144 2218 quod
157 2138 300 2215 quaedam
314 2151 358 2200 est
371 2141 534 2218 suppositio
548 2159 621 2217 pure
634 2139 834 2217 significativa,¹
843 2149 873 2199 et
886 2139 1030 2216 quaedam
1042 2156 1113 2216 pure

61 2236 225 2316 materialis,
240 2238 385 2313 quaedam
399 2247 496 2298 autem
510 2240 609 2301 mixta
649 2238 730 2298 Pure
740 2248 837 2298 autem
849 2238 1041 2315 significativa
1050 2246 1114 2312 sup

55 2334 158 2408 posim
171 2345 224 2406 est,
237 2335 357 2411 quando
371 2337 511 2411 terminus
521 2354 593 2413 pure
607 2337 746 2414 supponit
757 2353 811 2412 pro
822 2354 861 2407 re,
872 2353 961 2413 quam
971 2334 1115 2412 significat

62 2440 146 2491 extra
158 2449 191 2491 se
212 2429 333 2509 ipsum⁶.
375 2431 531 2509 Suppon'tio
549 2445 645 2493 autem
657 2445 732 2510 pure
750 2435 904 2492 matriolas
922 2444 975 2503 est,
995 2432 1114 2510 quando

63 2529 205 2618 terminus
221 2531 366 2608 ,supponit
386 2549 459 2608 pure
476 2549 532 2609 pro
553 2549 585 2591 se
604 2532 679 2608 ipso,
693 2532 737 2591 vel
758 2550 858 2591 secum
879 2532 1014 2610 analogo.
1056 2531 1115 2591 Sed

61 2629 211 2703 supposr'tm
224 2630 319 2686 maala
333 2641 385 2700 est,
401 2629 520 2706 quando
533 2631 673 2689 terminus
686 2631 800 2688 mixtim
814 2626 977 2708 supponit',
992 2647 1046 2707 pro
1060 2646 1114 2687 suo

62 2724 227 2802 significato
241 2726 280 2786 ad
293 2736 382 2798 extra,
394 2737 423 2786 et
433 2729 520 2786 etiam
533 2745 588 2804 pro
599 2745 631 2786 se
645 2728 728 2805 ipso;
750 2738 779 2787 et
789 2727 837 2786 illa
850 2728 952 2788 mixtio
963 2726 1115 2787 confundit

62 2823 160 2900 plures
181 2824 400 2900 respondentes,
421 2836 452 2884 ut
474 2835 551 2903 patet
573 2827 603 2887 in
626 2826 674 2884 illa
693 2826 813 2885 materia
833 2835 861 2885 et
881 2824 912 2883 in
932 2826 1052 2885 materia
1073 2824 1116 2882 in·

62 2920 238 2981 solubilium.
279 2921 649 2999 Undeadexprimendum
659 2910 738 2982 illam
748 2925 982 3001 suppositionem
993 2924 1114 2984 mixtam

61 3021 173 3089 utebar,
195 3021 315 3097 quando
336 3019 376 3080 fui
397 3021 505 3098 junior,
528 3020 586 3081 hoc
611 3021 748 3081 adverbio
773 3019 839 3080 ‘sic'
861 3022 928 3082 loco
949 3021 1024 3081 illius
1042 3039 1114 3081 con·

61 3105 221 3196 junctionis
236 3118 351 3197 ‘quod'
365 3130 413 3179 ut:
437 3120 592 3196 ‘insipiens
606 3118 678 3179 dixit
690 3120 721 3178 in
737 3117 825 3179 corde
840 3137 894 3179 suo
908 3121 969 3178 sic:
990 3137 1051 3178 non
1070 3130 1114 3178 est

63 3215 168 3288 Deus3'
183 3226 212 3275 et
226 3235 287 3275 non
298 3217 378 3288 dixit,
389 3218 463 3276 sicut
476 3235 537 3275 non
548 3218 642 3294 potuit
656 3218 761 3289 dicere,
771 3218 857 3293 ‘quod
867 3235 928 3277 non
942 3226 986 3277 est
999 3215 1082 3274 Deus
1090 3215 1112 3288 ;’

65 3302 96 3394 et
109 3332 162 3392 per
175 3314 233 3375 hoc
247 3315 386 3392 respondi
400 3314 437 3375 ad
452 3315 552 3375 omnia
560 3325 739 3392 argmnenta.
780 3315 819 3374 Et
829 3316 869 3374 ita
882 3315 1005 3374 concedi
1017 3314 1112 3384 debet,-

64 3411 146 3497 quod
160 3413 230 3473 nihil
244 3414 338 3489 majus
352 3423 402 3473 aut
415 3409 533 3473 melius⁸
547 3413 614 3473 Deo
629 3422 726 3490 potest
737 3413 866 3488 cogitari,
879 3412 948 3489 quia
961 3411 1019 3470 hoc
1033 3410 1112 3481 dato,

64 3511 163 3580 inferri
185 3511 272 3571 debet
292 3529 329 3570 ex
350 3511 471 3583 talibus;
501 3511 558 3571 hoc
579 3521 677 3588 potest
697 3510 827 3587 cogitari,
848 3518 877 3568 et
898 3508 961 3569 boc
980 3504 1044 3567 est⁹
1067 3509 1113 3568 vel

65 3620 241 3689 potestesse
255 3609 350 3686 majus
370 3608 454 3681 Deo;
483 3610 551 3685 quia
567 3609 591 3668 si
606 3608 679 3668 haec
700 3607 851 3685 singularis
870 3606 944 3667 soret
958 3607 1113 3679 sufficiens,

65 3709 116 3767 hoc
141 3689 301 3783 {heiligow
327 3725 383 3765 esse
410 3707 500 3784 majia
523 3706 594 3777 Deo,
620 3705 714 3766 tunc¹¹
739 3706 836 3765 omnia
859 3706 998 3765 terminus
1020 3716 1112 3765 trans·

63 3806 209 3871 scendens
232 3806 276 3864 vel
298 3805 484 3883 impossibilis
508 3804 682 3881 significaret
705 3803 826 3877 infinita,
850 3822 925 3882 quae
946 3803 1028 3865 Deus
1050 3822 1113 3864 non

68 3950 75 3967 ²
99 3959 107 3990 ¹
125 3967 152 4011 tu
163 3961 246 4026 potes]
254 3969 344 4027 potest,
353 3962 386 4011 D.
459 3961 470 3992 ¹
486 3970 513 4012 tu
524 3961 653 4028 intelligis]
666 3977 717 4012 non
727 3961 851 4026 intelligis.
858 3962 896 4012 ed
904 3976 942 4027 pr.
1014 3961 1024 3991 ⁸
1039 3960 1112 4026 ergo]

64 4041 116 4080 om.
125 4026 217 4077 Ante.
227 4028 265 4076 ed.
274 4043 311 4094 pr.
375 4027 385 4057 ⁴
401 4026 544 4094 sequuntur]
554 4034 691 4093 sequentur,
702 4028 736 4076 D.
799 4027 809 4055 ⁸
824 4025 979 4090 abhorreret]
990 4025 1114 4082 abhorret,

64 4091 104 4186 2¹¹·
116 4107 153 4166 pr.
234 4091 287 4143 ‘se
297 4093 391 4169 ipsum]
403 4093 492 4170 ipsum,
505 4093 544 4147 D;
562 4093 686 4168 seipsum,
698 4094 730 4143 A.
798 4091 953 4186 'supponiq
966 4105 1015 4140 om.
1026 4091 1065 4142 ed.
1077 4107 1114 4157 pr.

91 4165 231 4233 WWP‘
244 4158 345 4234 melus]
366 4158 454 4211 melius
472 4168 515 4210 aut
534 4174 619 4223 marus.
639 4157 677 4208 ed.
691 4173 728 4223 pr.
891 4155 941 4221 est]
958 4172 1008 4208 οιιι.
1023 4157 1061 4209 ed
1078 4173 1115 4223 pr.

64 4223 85 4252 ¹⁰
98 4221 230 4309 intelligis]
243 4223 394 4308 intelligutur,
407 4224 439 4274 D.
537 4222 561 4287 ¹¹·
573 4223 645 4291 tune]
656 4239 727 4280 nunc,
739 4223 777 4272 cd.
787 4238 824 4303 pr.
