2864 4836
592 414 847 493 JOANNIS
874 414 1083 476 viem
1303 437 1376 475 aar

324 577 419 636 solum
434 577 566 652 negative
578 575 632 635 sed
646 576 768 653 positive
782 577 962 648 conceditur,
972 575 1071 635 Deum
1080 592 1146 635 esse
1159 575 1342 633 immensum
1352 584 1379 632 et

324 675 479 744 infinitum,
494 692 561 733 cum
581 675 697 732 ceteris¹
714 674 1002 733 denominationibus
1015 673 1192 751 hujusmodi,
1207 690 1279 732 cum
1298 671 1378 731 Deus

325 774 431 832 habeat
459 772 615 848 positivum
644 771 828 847 perfectionis
857 772 1024 849 simpliciter
1051 773 1081 830 in
1108 772 1171 830 istis
1204 770 1378 830 denomina-

326 870 462 940 tionibus,
478 881 506 929 et
527 888 589 928 non
610 869 700 928 habet
721 870 810 928 linem
832 870 921 928 alium
942 879 1170 930 mensurantem.
1214 867 1291 927 Ideo
1310 885 1378 928 con·

327 967 434 1026 cedunt
449 967 625 1043 philosophi,
646 966 728 1043 quod
747 978 790 1026 est
809 969 957 1043 potentiae
976 967 1115 1025 infinitae,
1156 964 1197 1024 Et
1215 983 1254 1024 ex
1273 965 1379 1024 eodem

328 1066 463 1141 sequitur,
488 1064 569 1141 quod
591 1065 674 1124 Deus
703 1064 753 1124 sit’
781 1066 931 1135 creativus,
956 1065 1103 1142 punitivus
1129 1072 1160 1122 et
1186 1064 1231 1123 sic
1256 1064 1296 1122 de
1321 1064 1380 1122 aliis

328 1163 622 1233 denominationibus,
644 1181 717 1238 quas
739 1163 812 1221 fides
833 1165 990 1239 scripturae
1011 1163 1065 1221 sibi
1085 1161 1223 1232 attribuit,
1243 1179 1282 1221 eo
1303 1161 1381 1238 quod

328 1261 429 1319 omnia
443 1259 510 1317 talia
523 1260 673 1319 includunt
687 1259 897 1336 perfectionem
912 1261 1087 1337 simpliciter,
1101 1270 1130 1319 et
1149 1259 1262 1319 nullam
1276 1261 1381 1336 imper·

330 1357 485 1416 sectionem
501 1358 649 1434 implicant
664 1359 694 1416 in
709 1359 849 1434 subjecto,
861 1369 891 1417 et
902 1359 985 1435 juxta
998 1358 1076 1418 dicta
1085 1358 1187 1416 omnia
1201 1358 1272 1416 talia
1286 1359 1382 1417 insunt

331 1456 419 1514 Deo&
463 1456 500 1514 Et
514 1457 620 1514 eodem
634 1458 726 1515 modo
741 1457 846 1516 deduci
863 1466 967 1532 potest,
983 1455 1125 1533 quidquid
1139 1456 1311 1532 cujusmodi
1325 1473 1382 1514 uon

312 1540 375 1655 lest
389 1552 479 1611 Deus.
522 1553 560 1612 Et
581 1555 636 1612 ista
656 1564 701 1612 est
722 1555 830 1630 tyriaca
851 1554 889 1612 ad
910 1553 1071 1613 tollendum
1090 1554 1233 1613 versutias
1251 1553 1384 1630 blasphe-

313 1664 466 1789 ‘morum
497 1662 613 1726 oportet
636 1662 735 1711 tamen
759 1670 829 1711 sane
855 1663 883 1710 et
906 1662 990 1711 caute
1014 1651 1174 1727 intelligere
1201 1661 1384 1728 argumenta

334 1749 485 1825 negando*
512 1748 647 1820 fallacias,
668 1751 787 1827 quando
808 1762 972 1821 occurrunt,
993 1760 1023 1808 et
1043 1750 1141 1808 locum
1161 1767 1179 1807 a
1197 1749 1384 1809 similitudine

335 1850 453 1911 simcali.

785 2023 872 2082 CAP
894 2022 947 2080 VI.

717 2171 809 2229 Deum
823 2189 878 2229 esse
891 2172 1005 2228 trahunt

316 2004 320 2059 l

317 2074 320 2119 l

318 2126 320 2216 l

201 2393 239 2420 W
318 2229 322 2393 i
379 2324 499 2381 sibilum.
542 2322 587 2380 Ex
602 2323 664 2382 istis
678 2321 748 2379 mihi
763 2321 882 2392 videtur,
896 2318 977 2397 quod
988 2318 1092 2378 inferre
1107 2317 1282 2395 poterimus,
1294 2317 1387 2377 Deum

159 2428 278 2503 '22:312
339 2423 491 2481 dominum
506 2422 638 2479 omnium
652 2438 717 2478 esse
732 2423 845 2477 trr'rrum.

380 2521 514 2579 l'seustri.
560 2518 628 2578 Hoc
644 2529 743 2578 tamen
758 2517 869 2575 videtur
883 2515 980 2575 multis
1001 2534 1097 2591 grave,
1112 2513 1194 2591 quod
1213 2516 1388 2593 praecipuus

340 2620 472 2678 articulus
488 2617 555 2676 fidei
570 2618 774 2686 demonstretur,
795 2615 878 2691 quial
897 2615 970 2673 fides
989 2632 1050 2672 non
1070 2613 1157 2672 habet
1176 2613 1328 2685 meritum,
1347 2613 1388 2672 cui

341 2718 467 2776 humana
478 2716 551 2773 ratio
563 2716 681 2790 praebet
693 2714 931 2790 experimentum.
975 2712 1013 2770 Et
1027 2713 1068 2771 sic
1083 2712 1132 2770 ubi
1142 2711 1215 2769 olim
1231 2713 1389 2772 docebatur

341 2811 453 2872 lumen⁰
469 2814 534 2871 srdei
555 2830 618 2871 esse
642 2811 679 2870 ad
699 2811 923 2870 delucidandum
944 2811 1015 2869 tales
1035 2810 1170 2869 articulos
1187 2808 1258 2869 fidei
1272 2809 1389 2889 requisi·

342 2922 412 2981 tum,
438 2913 483 2970 hic
511 2911 655 2980 asseritur,
680 2911 761 2987 quod
789 2927 893 2968 omnes
917 2909 955 2967 illi
985 2909 1177 2968 demonstrari
1204 2919 1336 2986 possunt
1362 2907 1389 2966 in

343 3012 450 3070 lurninc
471 3010 606 3080 naturali;
636 3009 716 3084 quod
736 3007 847 3066 videtur
866 3007 980 3078 salsum,
995 3026 1049 3083 pro
1069 3025 1105 3065 eo
1125 3006 1207 3083 quod
1221 3007 1390 3073 Aristoteles,

344 3110 479 3167 Averror's
503 3119 533 3166 et
560 3107 622 3166 atii*
650 3106 825 3183 philosophi,
848 3116 907 3163 tam
932 3105 1075 3182 praeteriti
1100 3122 1189 3183 quam
1214 3115 1391 3182 praesentes,

345 3219 452 3283 negant
464 3206 534 3264 tales
548 3205 683 3264 articulos
694 3215 724 3262 ut
736 3204 938 3280 impossibiles.
981 3202 1092 3279 Magna
1105 3221 1177 3278 ergo
1191 3204 1391 3280 praesumptio

345 3307 419 3365 soret
439 3323 494 3362 nos
514 3303 685 3362 hebetioris⁸
705 3303 814 3379 ingenii
836 3320 974 3371 asserere,
996 3303 1077 3378 quod
1097 3319 1202 3360 omnes
1223 3301 1263 3362 illi
1283 3300 1392 3362 articuli

345 3403 483 3482 possunt⁹
497 3402 698 3461 demonstrari.
741 3400 840 3471 Quare
854 3417 926 3475 ergo
946 3401 1042 3474 potius
1056 3398 1191 3456 homines
1208 3398 1395 3461 dissentirent

345 3503 403 3560 istis
423 3500 556 3569 articulis,
579 3516 667 3575 quarn
690 3498 751 3556 aliis
773 3497 1010 3555 conclusionibus
1029 3496 1060 3553 in
1081 3493 1260 3572 quadrivio¹⁰
1281 3497 1393 3558 scienti·

327 3657 329 3699 Ι
345 3618 426 3657 arum
442 3597 643 3655 doctrinalium
658 3595 881 3655 demonstratis?

327 3704 330 3737 ³
387 3696 547 3752 I’lrroncsis.
592 3694 651 3753 Hic
673 3694 849 3770 dupliciter¹¹
865 3694 1069 3768 aequivocatur
1091 3691 1120 3749 in
1142 3691 1246 3767 signis,
1264 3701 1297 3751 et
1322 3704 1393 3753 utra·

346 3814 402 3871 que
419 3811 485 3870 pars
499 3793 632 3852 dilabitur
643 3794 672 3851 in
684 3811 820 3862 errorem,
833 3802 862 3850 ut
875 3793 995 3868 quidam
1010 3792 1095 3848 nimis
1109 3807 1212 3866 grosse
1228 3793 1396 3870 concipiunt

382 3950 388 3978 ¹
406 3948 504 4011 ceteris]
515 3963 563 3996 orn.
577 3947 669 3996 A.B.C.
681 3948 718 3996 ed.
728 3963 763 4011 pr.
869 3946 879 3973 ²
896 3946 939 4009 sit]
951 3953 996 3999 est,
1009 3943 1102 3993 ΑΒΕ.
1204 3944 1215 3973 ⁸
1232 3945 1320 3998 insunt
1333 3943 1394 4008 Deo]

349 4015 440 4063 suntin
455 4014 517 4067 ileo,
531 4013 558 4059 B.
631 4012 781 4076 ⁴negando]
796 4012 913 4068 notando,
926 4011 957 4059 D.
970 4012 1007 4060 ed.
1020 4026 1056 4074 pr.
1121 4008 1216 4074 “quia]
1229 4013 1310 4074 quod,
1321 4014 1393 4078 eript.

347 4079 357 4105 ⁶
375 4079 468 4142 lumen]
482 4078 580 4132 lumine,
592 4079 629 4128 ed.
643 4095 679 4142 pr.
781 4078 787 4104 ¹
804 4078 858 4140 alii]
872 4077 954 4130 ceteri,
967 4077 1030 4125 C.l).
1043 4076 1080 4124 ed.
1094 4091 1130 4138 pr.
1224 4076 1234 4103 ⁸
1251 4074 1394 4138 hebetioris]

348 4143 493 4200 hebetiores,
505 4145 542 4192 ed.
555 4159 591 4208 pr.
700 4143 710 4170 ⁰
762 4140 841 4206 ssrrnt]
854 4149 991 4206 potuerant,
1005 4141 1037 4188 D.
1148 4141 1166 4168 ¹⁰
1183 4142 1331 4209 quadrivio]
1343 4157 1395 4207 qut·

349 4208 441 4262 druvio,
454 4209 491 4256 ed.
506 4224 540 4271 pr.
640 4209 655 4236 ¹¹
674 4159 814 4272 dupiihrer]
827 4224 876 4256 orn.
890 4208 921 4255 D.
