2864 4836
144 471 242 519 cuns
422 449 425 454 ’
509 448 849 512 TRIALOGUS.

135 608 214 675 dne
232 610 338 672 talibus
357 612 504 689 episcopis
525 630 639 672 servare
661 631 698 673 ex
722 613 837 690 integro
861 607 969 672 statum
993 615 1098 673 suum?
1145 611 1203 671 Sed

94 790 96 795 Ι
137 725 241 771 mum
257 707 368 769 videtur
388 710 419 769 in
437 710 541 786 maj0ri
557 720 639 787 parte
655 711 835 787 contingere,
849 710 930 787 quod
948 710 1112 786 implicatur
1124 710 1202 770 blas-

139 803 280 885 pbeme¹,
292 824 485 884 quoscunque
500 809 656 885 episcopos
674 808 767 868 taliter
786 809 993 868 confirmantes
1011 826 1048 867 ex
1068 809 1204 885 pactione
1286 828 1288 831 ¹

142 900 355 980 DeiSpiritum
369 902 508 964 Sanctum
519 906 597 965 dare.
633 905 888 984 Relinquoautem
898 903 1203 967 aliisdiscussionem¹

116 1045 122 1055 .
143 1000 328 1062 subtiliorem
341 1003 424 1063 istius
437 1003 583 1065 materiae.

587 1444 682 1505 CAP.
704 1443 771 1504 XV.

502 1618 547 1679 De
559 1627 729 1679 sacramento
742 1619 855 1677 ordinat.

190 1791 314 1852 Alr'thr’a.
355 1791 427 1853 Non
454 1792 540 1852 video
568 1792 729 1853 efficaciam
756 1792 786 1850 in
814 1800 937 1850 tractatu
967 1782 1094 1849 ulteriori
1121 1789 1203 1849 istius

143 1891 290 1950 materiae
321 1908 377 1950 nec
408 1874 551 1967 magnum
577 1890 712 1960 fructum,
740 1888 807 1948 licet
838 1887 1021 1947 consuetudo
1049 1887 1203 1946 Romanae

145 1987 247 2048 curiae
260 1987 306 2048 vel
327 1989 446 2065 antiqua
466 1987 649 2047 consuetudo
669 1986 810 2046 ecclesiae
831 1987 873 2044 sic
894 2003 926 2044 se
946 1984 1043 2054 habet,
1057 1984 1127 2060 quia
1146 1983 1203 2042 hoc

144 2101 213 2144 non
235 2094 280 2144 est
303 2085 401 2162 potius
426 2085 571 2144 evidentia
595 2083 633 2144 ad
656 2082 875 2143 rectificandum
898 2082 956 2142 hoc
979 2092 1203 2153 sacramentum,

145 2197 241 2258 quam
260 2181 300 2241 si⁸
319 2182 428 2241 abusus
449 2182 614 2258 antiquatos
634 2180 830 2257 praelatomm
850 2179 1019 2256 hujusmodi
1040 2179 1078 2239 ad
1099 2178 1203 2239 rectifi-

145 2279 279 2338 candum
300 2297 386 2338 suum
410 2275 578 2356 peccatum⁴
602 2297 639 2337 ex
663 2281 782 2355 antiqua
806 2278 1017 2337 consuetudine
1041 2277 1202 2354 allegetur³.

148 2374 212 2436 Sed
224 2394 300 2454 rogo
319 2378 365 2436 dic
385 2378 505 2454 parum¹
517 2378 549 2434 de
566 2383 740 2435 sacrammto
757 2377 874 2447 ordzitti,
888 2386 917 2433 et
936 2377 1032 2453 primo
1051 2376 1202 2452 quomodo

148 2472 275 2534 describi
289 2474 404 2546 debeat,
417 2474 504 2551 quid¹
518 2475 553 2533 sit
567 2474 650 2534 ordo.

190 2570 355 2631 Phrenesis.
397 2570 560 2631 Considero
583 2571 665 2647 quod
689 2571 747 2630 hoc
775 2581 988 2629 sacramentum
1015 2567 1141 2629 ordinis⁰
1165 2572 1202 2630 sit
1235 2633 1258 2666 m
1279 2590 1368 2667 genos

146 2669 219 2729 satis
242 2669 409 2746 analogum,
434 2679 464 2728 et
488 2670 606 2745 signum
629 2669 693 2745 ejus
715 2678 760 2727 est
779 2667 862 2726 valde
882 2668 1082 2744 aequivocum.
1125 2667 1202 2728 Cum

147 2768 231 2826 enim
245 2766 319 2827 ordo
334 2768 371 2827 sit
384 2778 532 2826 creaturae
547 2785 584 2825 ex
599 2766 782 2826 ordinatione
796 2765 894 2824 divina
908 2777 998 2825 status
1012 2767 1071 2825 sive
1087 2767 1203 2843 positio,

146 2875 240 2944 patet,
259 2865 343 2942 quod
363 2866 436 2925 sicut
457 2866 487 2923 in
508 2865 619 2940 angelis
642 2875 708 2924 sunt
729 2865 811 2923 multi
825 2865 951 2934 ordines,
967 2865 1008 2923 sic
1027 2865 1057 2923 in
1076 2865 1205 2941 qualibet

146 2973 249 3024 creste
262 2964 444 3022 multitudine
459 2963 616 3022 sublunari.
659 2963 704 3022 Ilii
718 2974 816 3021 autem
830 2964 880 3039 qui
896 2956 1083 3038 'disrumpunt
1098 2961 1205 3022 Christi

146 3057 294 3133 ordinem,
315 3059 450 3120 dicuntur
471 3073 536 3118 esse
558 3060 621 3118 sine
643 3060 746 3118 ordine
770 3060 918 3136 puniendi.
961 3058 1021 3118 Sed
1040 3060 1071 3116 in
1091 3061 1205 3118 secando

147 3158 246 3237 gradu
259 3157 363 3217 dicitur
383 3155 457 3217 ordo
478 3157 561 3233 quasi
582 3157 800 3216 antonomatice
822 3156 858 3215 de
874 3167 951 3216 statu
971 3158 1030 3215 sive
1044 3151 1205 3232 positione⁰

147 3256 301 3333 religionis
315 3255 455 3327 novellae,
470 3272 505 3314 ac
524 3255 549 3313 si
567 3254 751 3314 antichristus
769 3254 977 3313 antecelleret¹⁰
990 3253 1205 3313 ordinationem

146 3363 182 3414 et
194 3353 325 3430 regeriam
343 3351 415 3431 Jesu
429 3351 571 3412 Christi¹¹.
615 3350 675 3411 Sed
693 3353 774 3410 tertio
788 3352 913 3412 strictius
931 3361 961 3409 et
977 3351 1071 3426 magis
1084 3351 1123 3410 ad
1137 3369 1204 3428 pro·

147 3453 281 3530 positum
304 3451 379 3510 ordo
400 3459 520 3509 vocatur
544 3459 675 3526 potestas
698 3448 767 3508 data
787 3449 893 3507 clerico
917 3466 935 3507 a
955 3447 1022 3506 Deo
1045 3449 1205 3507 ministerio

149 3550 283 3628 episcopi
303 3548 342 3608 ad
362 3547 458 3608 debite
479 3547 619 3608 ecclesiae
639 3546 878 3619 ministrandum
908 3556 938 3606 et
958 3545 1004 3606 ille
1025 3545 1100 3605 ordo
1121 3546 1205 3605 datur

186 3760 594 3828 ¹blnspheme]blasphemis,od
606 3775 643 3825 pr
786 3759 1001 3824 ⁰discussionem]
1013 3759 1204 3817 distinctionem,

152 3825 856 3892 A.1³c.³quamsi]quamvis.c.‚uam,s..s
953 3825 1191 3890 ¹suurnpeccatum

152 3909 198 3943 sus
214 3867 324 3958 peccata,
337 3893 432 3942 sue.
556 3891 566 3921 ¹
582 3840 715 3955 allegeturff
725 3890 840 3956 allegata,
849 3890 880 3939 A.
884 3889 944 3940 B..C
1075 3892 1189 3954 ⁰parum

152 3957 427 4076 diffidit}
458 3955 525 4071 ...ζ
541 3955 1204 4096 titttt⁰¹⁰t¹ttdt¹ittt⁰iidt¹⁰it

152 4088 313 4203 §nmquid
324 4088 362 4138 ed
373 4104 410 4152 pr.
440 4038 458 4088 p
487 4087 618 4150 ¹0rdinis]
606 4087 681 4150 ]om
693 4086 787 4136 A..BC.
868 4084 1204 4149 ⁰positione]possessione‚

196 4169 299 4220 pumat,
310 4153 341 4206 C.
352 4152 473 4204 soeundae
485 4167 581 4208 manus,
592 4152 631 4201 ed.
642 4168 680 4217 pr.
757 4152 776 4180 ⁰
757 4150 960 4227 antecelleret]
972 4151 1135 4207 antecederet,
1145 4151 1204 4200 0..ss

153 4218 401 4284 pnmaemaumed.
413 4234 450 4285 pr
560 4214 763 4283 ¹¹JesuChn'sti]
776 4217 834 4283 Jsu
844 4216 930 4273 nostri,
943 4217 975 4266 A.
