<?xml version="1.0" encoding="UTF-8"?>
<!DOCTYPE html PUBLIC "-//W3C//DTD XHTML 1.0 Transitional//EN"
    "http://www.w3.org/TR/xhtml1/DTD/xhtml1-transitional.dtd">
<html xmlns="http://www.w3.org/1999/xhtml" xml:lang="en" lang="en">
 <head>
  <title>
</title>
<meta http-equiv="Content-Type" content="text/html;charset=utf-8" />
  <meta name='ocr-system' content='tesseract 3.04.00' />
  <meta name='ocr-capabilities' content='ocr_page ocr_carea ocr_par ocr_line ocrx_word'/>
</head>
<body>
  <div class='ocr_page' id='page_1' title='image "./trialoguscumsup00lechgoog_0013.png"; bbox 0 0 2864 4836; ppageno 0'>
   <div class='ocr_carea' id='block_1_1' title="bbox 168 302 931 368">
    <p class='ocr_par' dir='ltr' id='par_1_1' title="bbox 168 302 931 368">
     <span class='ocr_line' id='line_1_1' title="bbox 168 302 931 368; baseline -0.004 -1"><span class='ocrx_word' id='word_1_1' title='bbox 168 302 221 368; x_wconf 80' lang='lat' dir='ltr'>viii</span> <span class='ocrx_word' id='word_1_2' title='bbox 551 304 931 368; x_wconf 84' lang='lat' dir='ltr'>CONSPECTUS.</span> 
     </span>
    </p>
   </div>
   <div class='ocr_carea' id='block_1_2' title="bbox 168 438 1210 569">
    <p class='ocr_par' dir='ltr' id='par_1_2' title="bbox 168 438 1210 569">
     <span class='ocr_line' id='line_1_2' title="bbox 168 438 1210 569; baseline -0.005 -20"><span class='ocrx_word' id='word_1_3' title='bbox 168 438 223 565; x_wconf 45' lang='lat'><em>‘332&#39;</em></span> <span class='ocrx_word' id='word_1_4' title='bbox 238 489 354 561; x_wconf 87' lang='lat' dir='ltr'><strong>Quibus</strong></span> <span class='ocrx_word' id='word_1_5' title='bbox 368 492 398 549; x_wconf 90' lang='lat' dir='ltr'>in</span> <span class='ocrx_word' id='word_1_6' title='bbox 412 493 499 550; x_wconf 89' lang='lat' dir='ltr'>rebus</span> <span class='ocrx_word' id='word_1_7' title='bbox 513 492 615 550; x_wconf 84' lang='lat' dir='ltr'>fratres</span> <span class='ocrx_word' id='word_1_8' title='bbox 629 493 686 569; x_wconf 88' lang='lat' dir='ltr'>legi</span> <span class='ocrx_word' id='word_1_9' title='bbox 700 489 806 549; x_wconf 85' lang='lat' dir='ltr'>Christi</span> <span class='ocrx_word' id='word_1_10' title='bbox 821 492 956 549; x_wconf 89' lang='lat' dir='ltr'>contrarii</span> <span class='ocrx_word' id='word_1_11' title='bbox 971 493 1028 550; x_wconf 91' lang='lat' dir='ltr'>sint</span> <span class='ocrx_word' id='word_1_12' title='bbox 1112 536 1117 547; x_wconf 95' lang='lat'>.</span> <span class='ocrx_word' id='word_1_13' title='bbox 1203 531 1210 544; x_wconf 93' lang='lat'><strong>.</strong></span> 
     </span>
    </p>
   </div>
   <div class='ocr_carea' id='block_1_3' title="bbox 168 571 1317 1543">
    <p class='ocr_par' dir='ltr' id='par_1_3' title="bbox 169 571 1315 895">
     <span class='ocr_line' id='line_1_3' title="bbox 169 571 1315 649; baseline -0.001 -20"><span class='ocrx_word' id='word_1_14' title='bbox 169 587 217 647; x_wconf 81' lang='grc'>35.</span> <span class='ocrx_word' id='word_1_15' title='bbox 239 571 422 649; x_wconf 80' lang='lat' dir='ltr'>Persequitur</span> <span class='ocrx_word' id='word_1_16' title='bbox 436 573 553 632; x_wconf 90' lang='lat' dir='ltr'>ulterius</span> <span class='ocrx_word' id='word_1_17' title='bbox 568 573 687 632; x_wconf 82' lang='lat' dir='ltr'>fratrum</span> <span class='ocrx_word' id='word_1_18' title='bbox 701 573 809 630; x_wconf 90' lang='lat' dir='ltr'>abusus</span> <span class='ocrx_word' id='word_1_19' title='bbox 842 614 1210 630; x_wconf 92' lang='grc'><strong>.....</strong></span> <span class='ocrx_word' id='word_1_20' title='bbox 1255 572 1315 645; x_wconf 89' lang='grc'>368</span> 
     </span>
     <span class='ocr_line' id='line_1_4' title="bbox 169 650 1315 730; baseline 0.003 -21"><span class='ocrx_word' id='word_1_21' title='bbox 169 654 217 728; x_wconf 85' lang='grc'>36.</span> <span class='ocrx_word' id='word_1_22' title='bbox 239 650 352 712; x_wconf 87' lang='lat' dir='ltr'>Fratres</span> <span class='ocrx_word' id='word_1_23' title='bbox 367 654 508 713; x_wconf 91' lang='lat' dir='ltr'>seducunt</span> <span class='ocrx_word' id='word_1_24' title='bbox 522 672 621 730; x_wconf 91' lang='lat' dir='ltr'>regna,</span> <span class='ocrx_word' id='word_1_25' title='bbox 635 672 711 730; x_wconf 91' lang='lat' dir='ltr'>quae</span> <span class='ocrx_word' id='word_1_26' title='bbox 725 653 856 711; x_wconf 90' lang='lat' dir='ltr'>incolunt</span> <span class='ocrx_word' id='word_1_27' title='bbox 931 699 937 712; x_wconf 87' lang='lat'><strong>.</strong></span> <span class='ocrx_word' id='word_1_28' title='bbox 1022 696 1027 712; x_wconf 92' lang='lat'><em>.</em></span> <span class='ocrx_word' id='word_1_29' title='bbox 1112 698 1118 711; x_wconf 93' lang='lat'><strong>.</strong></span> <span class='ocrx_word' id='word_1_30' title='bbox 1202 698 1208 711; x_wconf 94' lang='lat'>.</span> <span class='ocrx_word' id='word_1_31' title='bbox 1255 666 1315 727; x_wconf 82' lang='lat'>373</span> 
     </span>
     <span class='ocr_line' id='line_1_5' title="bbox 169 733 1315 810; baseline 0.002 -19"><span class='ocrx_word' id='word_1_32' title='bbox 169 748 216 809; x_wconf 80' lang='lat'>37.</span> <span class='ocrx_word' id='word_1_33' title='bbox 238 733 285 792; x_wconf 92' lang='lat' dir='ltr'>De</span> <span class='ocrx_word' id='word_1_34' title='bbox 299 733 417 792; x_wconf 81' lang='lat' dir='ltr'><strong>fratrum</strong></span> <span class='ocrx_word' id='word_1_35' title='bbox 432 736 540 794; x_wconf 88' lang='lat' dir='ltr'>malitia</span> <span class='ocrx_word' id='word_1_36' title='bbox 555 746 584 793; x_wconf 90' lang='lat' dir='ltr'>et</span> <span class='ocrx_word' id='word_1_37' title='bbox 598 735 699 794; x_wconf 90' lang='lat' dir='ltr'>sraude</span> <span class='ocrx_word' id='word_1_38' title='bbox 752 779 1211 794; x_wconf 88' lang='grc'><strong>......</strong></span> <span class='ocrx_word' id='word_1_39' title='bbox 1255 738 1315 810; x_wconf 82' lang='grc'>376</span> 
     </span>
     <span class='ocr_line' id='line_1_6' title="bbox 169 815 1196 895; baseline -0.001 -21"><span class='ocrx_word' id='word_1_40' title='bbox 169 820 216 890; x_wconf 89' lang='grc'>38.</span> <span class='ocrx_word' id='word_1_41' title='bbox 237 815 359 873; x_wconf 88' lang='lat' dir='ltr'>Domini</span> <span class='ocrx_word' id='word_1_42' title='bbox 392 816 567 892; x_wconf 82' lang='lat' dir='ltr'>temporales</span> <span class='ocrx_word' id='word_1_43' title='bbox 601 817 737 892; x_wconf 87' lang='lat' dir='ltr'>adjuvare</span> <span class='ocrx_word' id='word_1_44' title='bbox 771 821 877 878; x_wconf 89' lang='lat' dir='ltr'>debent</span> <span class='ocrx_word' id='word_1_45' title='bbox 906 815 1077 895; x_wconf 29' lang='lat' dir='ltr'>populares·</span> <span class='ocrx_word' id='word_1_46' title='bbox 1095 826 1196 875; x_wconf 90' lang='lat' dir='ltr'>contra</span> 
     </span>
    </p>

    <p class='ocr_par' dir='ltr' id='par_1_4' title="bbox 169 897 1315 1055">
     <span class='ocr_line' id='line_1_7' title="bbox 331 897 1315 972; baseline 0 -18"><span class='ocrx_word' id='word_1_47' title='bbox 331 897 432 955; x_wconf 82' lang='lat' dir='ltr'>fratres</span> <span class='ocrx_word' id='word_1_48' title='bbox 477 941 1208 957; x_wconf 90' lang='grc'><strong>.........</strong></span> <span class='ocrx_word' id='word_1_49' title='bbox 1255 901 1315 972; x_wconf 91' lang='grc' dir='ltr'>38ο</span> 
     </span>
     <span class='ocr_line' id='line_1_8' title="bbox 169 976 1197 1055; baseline 0.001 -20"><span class='ocrx_word' id='word_1_50' title='bbox 169 996 216 1054; x_wconf 83' lang='grc'>39.</span> <span class='ocrx_word' id='word_1_51' title='bbox 238 976 285 1036; x_wconf 92' lang='lat' dir='ltr'>De</span> <span class='ocrx_word' id='word_1_52' title='bbox 299 977 379 1036; x_wconf 83' lang='lat' dir='ltr'>rebus</span> <span class='ocrx_word' id='word_1_53' title='bbox 392 979 557 1048; x_wconf 69' lang='lat' dir='ltr'>novzistinr&#39;s,</span> <span class='ocrx_word' id='word_1_54' title='bbox 573 989 601 1036; x_wconf 93' lang='lat' dir='ltr'>et</span> <span class='ocrx_word' id='word_1_55' title='bbox 620 980 714 1055; x_wconf 92' lang='lat' dir='ltr'>primo</span> <span class='ocrx_word' id='word_1_56' title='bbox 733 980 769 1038; x_wconf 94' lang='lat' dir='ltr'>de</span> <span class='ocrx_word' id='word_1_57' title='bbox 789 979 997 1039; x_wconf 90' lang='lat' dir='ltr'>resurrectione</span> <span class='ocrx_word' id='word_1_58' title='bbox 1017 988 1197 1036; x_wconf 90' lang='lat' dir='ltr'>mortuorum</span> 
     </span>
    </p>

    <p class='ocr_par' dir='ltr' id='par_1_5' title="bbox 168 1058 1317 1543">
     <span class='ocr_line' id='line_1_9' title="bbox 331 1058 1315 1134; baseline 0.001 -18"><span class='ocrx_word' id='word_1_59' title='bbox 331 1058 425 1116; x_wconf 75' lang='lat' dir='ltr'>lutum</span> <span class='ocrx_word' id='word_1_60' title='bbox 481 1103 1211 1119; x_wconf 87' lang='grc'><strong>.........</strong></span> <span class='ocrx_word' id='word_1_61' title='bbox 1255 1063 1315 1134; x_wconf 82' lang='grc'>385</span> 
     </span>
     <span class='ocr_line' id='line_1_10' title="bbox 170 1138 1315 1216; baseline 0.002 -20"><span class='ocrx_word' id='word_1_62' title='bbox 170 1157 218 1211; x_wconf 87' lang='lat'>40.</span> <span class='ocrx_word' id='word_1_63' title='bbox 239 1138 285 1197; x_wconf 91' lang='lat' dir='ltr'>De</span> <span class='ocrx_word' id='word_1_64' title='bbox 298 1139 408 1216; x_wconf 89' lang='lat' dir='ltr'>judicio</span> <span class='ocrx_word' id='word_1_65' title='bbox 422 1140 524 1199; x_wconf 90' lang='lat' dir='ltr'>ultimo</span> <span class='ocrx_word' id='word_1_66' title='bbox 567 1185 1209 1200; x_wconf 90' lang='grc'><strong>........</strong></span> <span class='ocrx_word' id='word_1_67' title='bbox 1255 1144 1315 1216; x_wconf 85' lang='grc'>389</span> 
     </span>
     <span class='ocr_line' id='line_1_11' title="bbox 170 1219 1315 1298; baseline 0.003 -20"><span class='ocrx_word' id='word_1_68' title='bbox 170 1240 218 1292; x_wconf 87' lang='lat'>41.</span> <span class='ocrx_word' id='word_1_69' title='bbox 239 1219 285 1279; x_wconf 91' lang='lat' dir='ltr'>De</span> <span class='ocrx_word' id='word_1_70' title='bbox 301 1222 472 1298; x_wconf 85' lang='lat' dir='ltr'>corporibus</span> <span class='ocrx_word' id='word_1_71' title='bbox 487 1223 640 1281; x_wconf 91' lang='lat' dir='ltr'>beatorum</span> <span class='ocrx_word' id='word_1_72' title='bbox 655 1266 1208 1283; x_wconf 89' lang='grc'><strong>.......</strong></span> <span class='ocrx_word' id='word_1_73' title='bbox 1255 1241 1315 1296; x_wconf 86' lang='grc'>393</span> 
     </span>
     <span class='ocr_line' id='line_1_12' title="bbox 168 1300 1313 1377; baseline 0.004 -19"><span class='ocrx_word' id='word_1_74' title='bbox 168 1320 217 1372; x_wconf 83' lang='lat'>4²·</span> <span class='ocrx_word' id='word_1_75' title='bbox 239 1300 285 1360; x_wconf 93' lang='lat' dir='ltr'>De</span> <span class='ocrx_word' id='word_1_76' title='bbox 299 1303 452 1361; x_wconf 85' lang='lat' dir='ltr'>animabus</span> <span class='ocrx_word' id='word_1_77' title='bbox 466 1304 618 1362; x_wconf 88' lang='lat' dir='ltr'>beatorum</span> <span class='ocrx_word' id='word_1_78' title='bbox 653 1346 1210 1363; x_wconf 89' lang='grc'><strong>.......</strong></span> <span class='ocrx_word' id='word_1_79' title='bbox 1255 1318 1313 1377; x_wconf 77' lang='grc'>397</span> 
     </span>
     <span class='ocr_line' id='line_1_13' title="bbox 168 1382 1317 1458; baseline 0 -18"><span class='ocrx_word' id='word_1_80' title='bbox 168 1401 216 1456; x_wconf 91' lang='grc'>43.</span> <span class='ocrx_word' id='word_1_81' title='bbox 238 1382 284 1440; x_wconf 93' lang='lat' dir='ltr'>De</span> <span class='ocrx_word' id='word_1_82' title='bbox 299 1385 403 1458; x_wconf 91' lang='lat' dir='ltr'>poenis</span> <span class='ocrx_word' id='word_1_83' title='bbox 418 1384 622 1443; x_wconf 90' lang='lat' dir='ltr'>damnatorum</span> <span class='ocrx_word' id='word_1_84' title='bbox 658 1429 1210 1445; x_wconf 92' lang='grc'><strong>.......</strong></span> <span class='ocrx_word' id='word_1_85' title='bbox 1255 1401 1317 1455; x_wconf 91' lang='grc' dir='ltr'>4οο</span> 
     </span>
     <span class='ocr_line' id='line_1_14' title="bbox 169 1463 1315 1543; baseline 0.001 -22"><span class='ocrx_word' id='word_1_86' title='bbox 169 1484 216 1535; x_wconf 90' lang='grc'>44.</span> <span class='ocrx_word' id='word_1_87' title='bbox 238 1463 284 1521; x_wconf 94' lang='lat' dir='ltr'>De</span> <span class='ocrx_word' id='word_1_88' title='bbox 298 1466 450 1523; x_wconf 91' lang='lat' dir='ltr'>beatorum</span> <span class='ocrx_word' id='word_1_89' title='bbox 464 1468 597 1525; x_wconf 84' lang='lat' dir='ltr'>sensibus</span> <span class='ocrx_word' id='word_1_90' title='bbox 612 1480 670 1524; x_wconf 91' lang='lat' dir='ltr'>tam</span> <span class='ocrx_word' id='word_1_91' title='bbox 686 1469 804 1526; x_wconf 88' lang='lat' dir='ltr'>internis</span> <span class='ocrx_word' id='word_1_92' title='bbox 819 1485 908 1543; x_wconf 90' lang='lat' dir='ltr'>quam</span> <span class='ocrx_word' id='word_1_93' title='bbox 922 1468 1049 1525; x_wconf 83' lang='lat' dir='ltr'>externis</span> <span class='ocrx_word' id='word_1_94' title='bbox 1113 1510 1119 1522; x_wconf 90' lang='lat'>.</span> <span class='ocrx_word' id='word_1_95' title='bbox 1205 1510 1210 1522; x_wconf 94' lang='lat'>.</span> <span class='ocrx_word' id='word_1_96' title='bbox 1255 1484 1315 1535; x_wconf 82' lang='lat'>40²</span> 
     </span>
    </p>
   </div>
   <div class='ocr_carea' id='block_1_4' title="bbox 342 1812 1137 1892">
    <p class='ocr_par' dir='ltr' id='par_1_6' title="bbox 342 1812 1137 1892">
     <span class='ocr_line' id='line_1_15' title="bbox 342 1812 1137 1892; baseline 0.001 -4"><span class='ocrx_word' id='word_1_97' title='bbox 342 1812 814 1890; x_wconf 88' lang='lat' dir='ltr'><strong>SUPPLEMENTUM</strong></span> <span class='ocrx_word' id='word_1_98' title='bbox 863 1816 1137 1892; x_wconf 87' lang='lat' dir='ltr'>TRIALOGl</span> 
     </span>
    </p>
   </div>
   <div class='ocr_carea' id='block_1_5' title="bbox 708 2060 777 2101">
    <p class='ocr_par' dir='ltr' id='par_1_7' title="bbox 708 2060 777 2101">
     <span class='ocr_line' id='line_1_16' title="bbox 708 2060 777 2101; baseline 0 0"><span class='ocrx_word' id='word_1_99' title='bbox 708 2060 777 2101; x_wconf 76' lang='lat' dir='ltr'>stvu</span> 
     </span>
    </p>
   </div>
   <div class='ocr_carea' id='block_1_6' title="bbox 395 2229 1092 2297">
    <p class='ocr_par' dir='ltr' id='par_1_8' title="bbox 395 2229 1092 2297">
     <span class='ocr_line' id='line_1_17' title="bbox 395 2229 1092 2297; baseline 0.001 -5"><span class='ocrx_word' id='word_1_100' title='bbox 395 2230 460 2294; x_wconf 90' lang='lat' dir='ltr'>DE</span> <span class='ocrx_word' id='word_1_101' title='bbox 493 2230 782 2297; x_wconf 88' lang='lat' dir='ltr'>DOTATIONE</span> <span class='ocrx_word' id='word_1_102' title='bbox 815 2229 1092 2295; x_wconf 87' lang='lat' dir='ltr'>ECCLESIAE.</span> 
     </span>
    </p>
   </div>
   <div class='ocr_carea' id='block_1_7' title="bbox 177 2434 1318 3806">
    <p class='ocr_par' dir='ltr' id='par_1_9' title="bbox 194 2434 1199 2513">
     <span class='ocr_line' id='line_1_18' title="bbox 194 2434 1199 2513; baseline 0.003 -21"><span class='ocrx_word' id='word_1_103' title='bbox 194 2453 219 2493; x_wconf 90' lang='lat' dir='ltr'>r.</span> <span class='ocrx_word' id='word_1_104' title='bbox 240 2434 388 2495; x_wconf 85' lang='lat' dir='ltr'>Ecclesiae</span> <span class='ocrx_word' id='word_1_105' title='bbox 415 2436 597 2495; x_wconf 91' lang='lat' dir='ltr'>dotationem</span> <span class='ocrx_word' id='word_1_106' title='bbox 622 2456 640 2495; x_wconf 87' lang='lat' dir='ltr'>a</span> <span class='ocrx_word' id='word_1_107' title='bbox 664 2436 742 2496; x_wconf 91' lang='lat' dir='ltr'>clero</span> <span class='ocrx_word' id='word_1_108' title='bbox 764 2455 817 2513; x_wconf 90' lang='lat' dir='ltr'>per</span> <span class='ocrx_word' id='word_1_109' title='bbox 842 2436 925 2495; x_wconf 83' lang='lat' dir='ltr'>nefas</span> <span class='ocrx_word' id='word_1_110' title='bbox 954 2445 1106 2512; x_wconf 87' lang='lat' dir='ltr'>acceptam</span> <span class='ocrx_word' id='word_1_111' title='bbox 1134 2454 1199 2495; x_wconf 90' lang='lat' dir='ltr'>esse</span> 
     </span>
    </p>

    <p class='ocr_par' dir='ltr' id='par_1_10' title="bbox 194 2518 1316 2675">
     <span class='ocr_line' id='line_1_19' title="bbox 332 2518 1316 2593; baseline 0.001 -17"><span class='ocrx_word' id='word_1_112' title='bbox 332 2518 547 2577; x_wconf 87' lang='lat' dir='ltr'>demonstratur</span> <span class='ocrx_word' id='word_1_113' title='bbox 658 2560 1211 2576; x_wconf 93' lang='grc'><strong>.......</strong></span> <span class='ocrx_word' id='word_1_114' title='bbox 1256 2533 1316 2593; x_wconf 83' lang='lat'>407</span> 
     </span>
     <span class='ocr_line' id='line_1_20' title="bbox 194 2597 1198 2675; baseline 0.001 -20"><span class='ocrx_word' id='word_1_115' title='bbox 194 2616 219 2657; x_wconf 85' lang='lat' dir='ltr'>a.</span> <span class='ocrx_word' id='word_1_116' title='bbox 241 2597 422 2675; x_wconf 84' lang='lat' dir='ltr'>Argumenta</span> <span class='ocrx_word' id='word_1_117' title='bbox 436 2617 547 2671; x_wconf 89' lang='lat' dir='ltr'>eorum,</span> <span class='ocrx_word' id='word_1_118' title='bbox 562 2601 611 2675; x_wconf 92' lang='lat' dir='ltr'>qui</span> <span class='ocrx_word' id='word_1_119' title='bbox 626 2600 808 2659; x_wconf 89' lang='lat' dir='ltr'>dotationem</span> <span class='ocrx_word' id='word_1_120' title='bbox 827 2618 845 2658; x_wconf 90' lang='lat' dir='ltr'>a</span> <span class='ocrx_word' id='word_1_121' title='bbox 859 2599 937 2657; x_wconf 90' lang='lat' dir='ltr'>clero</span> <span class='ocrx_word' id='word_1_122' title='bbox 955 2599 1032 2674; x_wconf 89' lang='lat' dir='ltr'>juste</span> <span class='ocrx_word' id='word_1_123' title='bbox 1047 2610 1198 2674; x_wconf 86' lang='lat' dir='ltr'>acceptam</span> 
     </span>
    </p>

    <p class='ocr_par' dir='ltr' id='par_1_11' title="bbox 192 2681 1317 2839">
     <span class='ocr_line' id='line_1_21' title="bbox 333 2681 1317 2753; baseline 0.001 -15"><span class='ocrx_word' id='word_1_124' title='bbox 333 2698 397 2738; x_wconf 91' lang='lat' dir='ltr'>esse</span> <span class='ocrx_word' id='word_1_125' title='bbox 412 2681 601 2746; x_wconf 89' lang='lat' dir='ltr'>contendunt,</span> <span class='ocrx_word' id='word_1_126' title='bbox 616 2681 776 2739; x_wconf 81' lang='lat' dir='ltr'>refutantur</span> <span class='ocrx_word' id='word_1_127' title='bbox 842 2723 1211 2739; x_wconf 91' lang='grc'><strong>.....</strong></span> <span class='ocrx_word' id='word_1_128' title='bbox 1257 2702 1317 2753; x_wconf 85' lang='lat'>412</span> 
     </span>
     <span class='ocr_line' id='line_1_22' title="bbox 192 2759 1200 2839; baseline 0.001 -21"><span class='ocrx_word' id='word_1_129' title='bbox 192 2779 218 2835; x_wconf 94' lang='grc'>3.</span> <span class='ocrx_word' id='word_1_130' title='bbox 240 2759 337 2837; x_wconf 80' lang='lat' dir='ltr'>Leges</span> <span class='ocrx_word' id='word_1_131' title='bbox 359 2761 395 2819; x_wconf 94' lang='lat' dir='ltr'>de</span> <span class='ocrx_word' id='word_1_132' title='bbox 421 2761 542 2821; x_wconf 91' lang='lat' dir='ltr'>decimis</span> <span class='ocrx_word' id='word_1_133' title='bbox 563 2762 715 2839; x_wconf 85' lang='lat' dir='ltr'>exigendis</span> <span class='ocrx_word' id='word_1_134' title='bbox 736 2762 808 2821; x_wconf 85' lang='lat' dir='ltr'>latas</span> <span class='ocrx_word' id='word_1_135' title='bbox 833 2762 890 2838; x_wconf 92' lang='lat' dir='ltr'>legi</span> <span class='ocrx_word' id='word_1_136' title='bbox 912 2760 1020 2820; x_wconf 90' lang='lat' dir='ltr'>Christi</span> <span class='ocrx_word' id='word_1_137' title='bbox 1042 2761 1200 2820; x_wconf 89' lang='lat' dir='ltr'>contrarias</span> 
     </span>
    </p>

    <p class='ocr_par' dir='ltr' id='par_1_12' title="bbox 191 2860 1318 3245">
     <span class='ocr_line' id='line_1_23' title="bbox 333 2860 1316 2918; baseline 0.002 -18"><span class='ocrx_word' id='word_1_138' title='bbox 333 2860 397 2900; x_wconf 90' lang='lat' dir='ltr'>esse</span> <span class='ocrx_word' id='word_1_139' title='bbox 481 2886 1211 2911; x_wconf 86' lang='grc'><strong><em>.........</em></strong></span> <span class='ocrx_word' id='word_1_140' title='bbox 1256 2860 1316 2918; x_wconf 82' lang='lat'>4¹7</span> 
     </span>
     <span class='ocr_line' id='line_1_24' title="bbox 192 2921 1317 3001; baseline 0.003 -22"><span class='ocrx_word' id='word_1_141' title='bbox 192 2941 219 2992; x_wconf 87' lang='lat'>4.</span> <span class='ocrx_word' id='word_1_142' title='bbox 240 2921 352 2998; x_wconf 85' lang='lat' dir='ltr'>Papam</span> <span class='ocrx_word' id='word_1_143' title='bbox 366 2941 430 2982; x_wconf 88' lang='lat' dir='ltr'>esse</span> <span class='ocrx_word' id='word_1_144' title='bbox 446 2923 558 2982; x_wconf 91' lang='lat' dir='ltr'>sontem</span> <span class='ocrx_word' id='word_1_145' title='bbox 572 2925 716 3001; x_wconf 85' lang='lat' dir='ltr'>nequitiae</span> <span class='ocrx_word' id='word_1_146' title='bbox 731 2925 828 2983; x_wconf 92' lang='lat' dir='ltr'>omnis</span> <span class='ocrx_word' id='word_1_147' title='bbox 842 2925 872 2982; x_wconf 91' lang='lat' dir='ltr'>in</span> <span class='ocrx_word' id='word_1_148' title='bbox 886 2922 1010 2982; x_wconf 89' lang='lat' dir='ltr'>ecclesia</span> <span class='ocrx_word' id='word_1_149' title='bbox 1023 2924 1146 2998; x_wconf 88' lang='lat' dir='ltr'>vigentis</span> <span class='ocrx_word' id='word_1_150' title='bbox 1206 2969 1211 2980; x_wconf 94' lang='lat'>.</span> <span class='ocrx_word' id='word_1_151' title='bbox 1257 2944 1317 3000; x_wconf 84' lang='lat'>4²3</span> 
     </span>
     <span class='ocr_line' id='line_1_25' title="bbox 192 3002 1318 3081; baseline 0.003 -21"><span class='ocrx_word' id='word_1_152' title='bbox 192 3017 219 3076; x_wconf 91' lang='lat'>5.</span> <span class='ocrx_word' id='word_1_153' title='bbox 240 3002 287 3061; x_wconf 94' lang='lat' dir='ltr'>De</span> <span class='ocrx_word' id='word_1_154' title='bbox 301 3004 443 3080; x_wconf 84' lang='lat' dir='ltr'>religiosis</span> <span class='ocrx_word' id='word_1_155' title='bbox 459 3006 684 3081; x_wconf 91' lang='lat' dir='ltr'>possessionatis</span> <span class='ocrx_word' id='word_1_156' title='bbox 753 3047 1213 3064; x_wconf 91' lang='grc'><strong>......</strong></span> <span class='ocrx_word' id='word_1_157' title='bbox 1257 3010 1318 3076; x_wconf 85' lang='lat'>428</span> 
     </span>
     <span class='ocr_line' id='line_1_26' title="bbox 191 3083 1318 3162; baseline 0.004 -21"><span class='ocrx_word' id='word_1_158' title='bbox 191 3086 218 3141; x_wconf 90' lang='lat'>6.</span> <span class='ocrx_word' id='word_1_159' title='bbox 240 3083 286 3142; x_wconf 90' lang='lat' dir='ltr'>De</span> <span class='ocrx_word' id='word_1_160' title='bbox 301 3085 451 3143; x_wconf 90' lang='lat' dir='ltr'>ordinibus</span> <span class='ocrx_word' id='word_1_161' title='bbox 463 3087 692 3146; x_wconf 89' lang='lat' dir='ltr'>mendicantium</span> <span class='ocrx_word' id='word_1_162' title='bbox 755 3130 1213 3147; x_wconf 91' lang='grc'><strong>......</strong></span> <span class='ocrx_word' id='word_1_163' title='bbox 1257 3106 1318 3162; x_wconf 90' lang='grc'>433</span> 
     </span>
     <span class='ocr_line' id='line_1_27' title="bbox 193 3162 1199 3245; baseline 0.002 -23"><span class='ocrx_word' id='word_1_164' title='bbox 193 3182 220 3237; x_wconf 91' lang='lat'>7.</span> <span class='ocrx_word' id='word_1_165' title='bbox 241 3162 356 3224; x_wconf 87' lang='lat' dir='ltr'>Fratres</span> <span class='ocrx_word' id='word_1_166' title='bbox 374 3167 582 3238; x_wconf 87' lang='lat' dir='ltr'>mendicantes,</span> <span class='ocrx_word' id='word_1_167' title='bbox 598 3169 706 3245; x_wconf 89' lang='lat' dir='ltr'>quippe</span> <span class='ocrx_word' id='word_1_168' title='bbox 725 3169 831 3245; x_wconf 93' lang='lat' dir='ltr'>quibus</span> <span class='ocrx_word' id='word_1_169' title='bbox 850 3167 945 3226; x_wconf 89' lang='lat' dir='ltr'>desint</span> <span class='ocrx_word' id='word_1_170' title='bbox 964 3167 1048 3243; x_wconf 89' lang='lat' dir='ltr'>signa</span> <span class='ocrx_word' id='word_1_171' title='bbox 1066 3167 1199 3238; x_wconf 89' lang='lat' dir='ltr'>caritatis,</span> 
     </span>
    </p>

    <p class='ocr_par' dir='ltr' id='par_1_13' title="bbox 192 3247 1318 3404">
     <span class='ocr_line' id='line_1_28' title="bbox 334 3247 1318 3324; baseline 0.004 -20"><span class='ocrx_word' id='word_1_172' title='bbox 334 3264 396 3305; x_wconf 92' lang='lat' dir='ltr'>non</span> <span class='ocrx_word' id='word_1_173' title='bbox 416 3265 480 3306; x_wconf 89' lang='lat' dir='ltr'>esse</span> <span class='ocrx_word' id='word_1_174' title='bbox 494 3247 551 3306; x_wconf 92' lang='lat' dir='ltr'>Dei</span> <span class='ocrx_word' id='word_1_175' title='bbox 566 3249 641 3308; x_wconf 93' lang='lat' dir='ltr'>filios</span> <span class='ocrx_word' id='word_1_176' title='bbox 752 3291 1211 3307; x_wconf 90' lang='grc'><strong>......</strong></span> <span class='ocrx_word' id='word_1_177' title='bbox 1258 3268 1318 3324; x_wconf 85' lang='grc'>439</span> 
     </span>
     <span class='ocr_line' id='line_1_29' title="bbox 192 3326 1201 3404; baseline 0.001 -19"><span class='ocrx_word' id='word_1_178' title='bbox 192 3329 219 3385; x_wconf 91' lang='grc'>8.</span> <span class='ocrx_word' id='word_1_179' title='bbox 241 3326 379 3403; x_wconf 86' lang='lat' dir='ltr'>Argutiae</span> <span class='ocrx_word' id='word_1_180' title='bbox 400 3328 439 3386; x_wconf 89' lang='lat' dir='ltr'>ad</span> <span class='ocrx_word' id='word_1_181' title='bbox 459 3328 660 3389; x_wconf 80' lang='lat' dir='ltr'>defendendos</span> <span class='ocrx_word' id='word_1_182' title='bbox 680 3329 908 3389; x_wconf 87' lang='lat' dir='ltr'>mendicantium</span> <span class='ocrx_word' id='word_1_183' title='bbox 929 3329 1048 3387; x_wconf 89' lang='lat' dir='ltr'>ordines</span> <span class='ocrx_word' id='word_1_184' title='bbox 1072 3329 1201 3404; x_wconf 90' lang='lat' dir='ltr'>prolatae</span> 
     </span>
    </p>

    <p class='ocr_par' dir='ltr' id='par_1_14' title="bbox 193 3408 1318 3569">
     <span class='ocr_line' id='line_1_30' title="bbox 334 3408 1318 3485; baseline 0.003 -18"><span class='ocrx_word' id='word_1_185' title='bbox 334 3408 544 3485; x_wconf 88' lang='lat' dir='ltr'>redarguuntur</span> <span class='ocrx_word' id='word_1_186' title='bbox 660 3453 1213 3468; x_wconf 92' lang='grc'><strong>.......</strong></span> <span class='ocrx_word' id='word_1_187' title='bbox 1258 3430 1318 3483; x_wconf 87' lang='grc'>444</span> 
     </span>
     <span class='ocr_line' id='line_1_31' title="bbox 193 3488 1201 3569; baseline 0.001 -22"><span class='ocrx_word' id='word_1_188' title='bbox 193 3507 220 3562; x_wconf 88' lang='grc'>9.</span> <span class='ocrx_word' id='word_1_189' title='bbox 244 3488 408 3549; x_wconf 90' lang='lat' dir='ltr'>Consilium</span> <span class='ocrx_word' id='word_1_190' title='bbox 422 3491 528 3550; x_wconf 89' lang='lat' dir='ltr'>Christi</span> <span class='ocrx_word' id='word_1_191' title='bbox 545 3494 575 3550; x_wconf 91' lang='lat' dir='ltr'>in</span> <span class='ocrx_word' id='word_1_192' title='bbox 593 3492 746 3569; x_wconf 91' lang='lat' dir='ltr'>prophetia</span> <span class='ocrx_word' id='word_1_193' title='bbox 765 3491 867 3552; x_wconf 87' lang='lat' dir='ltr'>Matth.</span> <span class='ocrx_word' id='word_1_194' title='bbox 884 3492 958 3549; x_wconf 84' lang='lat' dir='ltr'>xxiv.</span> <span class='ocrx_word' id='word_1_195' title='bbox 978 3508 1013 3563; x_wconf 80' lang='lat'>23</span> <span class='ocrx_word' id='word_1_196' title='bbox 1031 3508 1088 3567; x_wconf 90' lang='lat' dir='ltr'>ssq.</span> <span class='ocrx_word' id='word_1_197' title='bbox 1109 3509 1201 3549; x_wconf 93' lang='lat' dir='ltr'>enun-</span> 
     </span>
    </p>

    <p class='ocr_par' dir='ltr' id='par_1_15' title="bbox 177 3571 1318 3734">
     <span class='ocr_line' id='line_1_32' title="bbox 334 3571 1318 3651; baseline 0.001 -22"><span class='ocrx_word' id='word_1_198' title='bbox 334 3571 442 3630; x_wconf 88' lang='lat' dir='ltr'>ciatum</span> <span class='ocrx_word' id='word_1_199' title='bbox 456 3572 494 3631; x_wconf 88' lang='lat' dir='ltr'>ad</span> <span class='ocrx_word' id='word_1_200' title='bbox 508 3574 634 3632; x_wconf 87' lang='lat' dir='ltr'>schisma</span> <span class='ocrx_word' id='word_1_201' title='bbox 651 3575 754 3651; x_wconf 91' lang='lat' dir='ltr'>papale</span> <span class='ocrx_word' id='word_1_202' title='bbox 769 3575 953 3633; x_wconf 80' lang='lat' dir='ltr'>referendum</span> <span class='ocrx_word' id='word_1_203' title='bbox 968 3590 1033 3631; x_wconf 91' lang='lat' dir='ltr'>esse</span> <span class='ocrx_word' id='word_1_204' title='bbox 1048 3572 1169 3632; x_wconf 91' lang='lat' dir='ltr'>docetur</span> <span class='ocrx_word' id='word_1_205' title='bbox 1206 3617 1212 3630; x_wconf 89' lang='lat'>.</span> <span class='ocrx_word' id='word_1_206' title='bbox 1257 3577 1318 3643; x_wconf 90' lang='grc'>448</span> 
     </span>
     <span class='ocr_line' id='line_1_33' title="bbox 177 3649 1200 3734; baseline 0.005 -28"><span class='ocrx_word' id='word_1_207' title='bbox 177 3668 221 3706; x_wconf 86' lang='grc' dir='ltr'>ιο.</span> <span class='ocrx_word' id='word_1_208' title='bbox 244 3649 290 3709; x_wconf 92' lang='lat' dir='ltr'>De</span> <span class='ocrx_word' id='word_1_209' title='bbox 317 3653 446 3727; x_wconf 90' lang='lat' dir='ltr'>periculo</span> <span class='ocrx_word' id='word_1_210' title='bbox 474 3656 637 3714; x_wconf 89' lang='lat' dir='ltr'>animarum</span> <span class='ocrx_word' id='word_1_211' title='bbox 665 3657 695 3714; x_wconf 94' lang='lat' dir='ltr'>in</span> <span class='ocrx_word' id='word_1_212' title='bbox 724 3657 926 3734; x_wconf 89' lang='lat' dir='ltr'>persecutione</span> <span class='ocrx_word' id='word_1_213' title='bbox 954 3655 1054 3713; x_wconf 86' lang='lat' dir='ltr'>ultima</span> <span class='ocrx_word' id='word_1_214' title='bbox 1082 3653 1200 3713; x_wconf 84' lang='lat' dir='ltr'>feliciter</span> 
     </span>
    </p>

    <p class='ocr_par' dir='ltr' id='par_1_16' title="bbox 336 3734 1317 3806">
     <span class='ocr_line' id='line_1_34' title="bbox 336 3734 1317 3806; baseline 0 -15"><span class='ocrx_word' id='word_1_215' title='bbox 336 3734 470 3793; x_wconf 82' lang='lat' dir='ltr'>evitando</span> <span class='ocrx_word' id='word_1_216' title='bbox 567 3780 1213 3794; x_wconf 87' lang='grc'><strong><em>........</em></strong></span> <span class='ocrx_word' id='word_1_217' title='bbox 1258 3750 1317 3806; x_wconf 81' lang='lat'>45²</span> 
     </span>
    </p>
   </div>
   <div class='ocr_carea' id='block_1_8' title="bbox 0 0 1440 4836">
    <p class='ocr_par' dir='ltr' id='par_1_17' title="bbox 0 0 1440 4836">
     <span class='ocr_line' id='line_1_35' title="bbox 0 0 1440 4836; baseline 0 0"><span class='ocrx_word' id='word_1_218' title='bbox 0 0 1440 4836; x_wconf 95' lang='lat' dir='ltr'> </span> 
     </span>
    </p>
   </div>
  </div>
 </body>
</html>
