2864 4836
59 449 142 488 cana
416 422 761 489 TRIALOGUS.

58 586 140 663 quod
155 586 237 657 filius,
249 587 318 664 quia
331 587 409 646 idem
420 587 510 658 Deus,
524 588 628 646 eadem
642 587 768 647 essentia
778 587 822 645 vel
837 597 939 645 natura
947 605 956 660 ;
978 598 1006 645 et
1017 598 1117 645 tamen

59 697 142 762 pater
163 704 224 745 non
245 696 289 745 est
309 685 392 756 filius,
414 687 546 762 quamvis
568 685 617 744 sit¹
640 686 719 744 idem
740 685 822 744 Deus
844 686 893 761 qui
920 685 1003 756 filius,
1024 696 1054 743 et
1075 687 1117 745 sic

59 783 142 842 Deus
156 783 250 842 aDeo
265 783 455 860 distinguitur,
471 784 545 843 sicut
559 783 641 842 Deus
656 801 674 841 a
687 783 753 842 Deo
768 783 957 860 personaliter
971 783 1074 855 differt,
1089 794 1118 843 et

60 892 159 939 tamen
179 891 309 959 negatur,
328 882 409 958 quod
428 881 510 940 Deus
531 899 591 940 non
611 891 656 939 est
669 881 760 940 Deus.
803 880 867 940 Nec
882 882 1019 958 sequitur,
1034 881 1118 940 Deus

60 991 143 1056 pater
153 979 235 1038 Deus
250 979 324 1038 filius
339 998 400 1039 non
415 989 466 1050 est,
479 998 549 1055 ergo
564 979 645 1038 Deus
659 979 742 1038 Deus
756 998 817 1037 non
831 989 883 1037 est.
926 979 964 1037 Et
979 981 1020 1038 sic
1035 979 1117 1038 Deus

59 1077 159 1136 Deum
178 1089 278 1137 causat
294 1078 455 1137 secundum
471 1079 678 1147 causationem,
694 1078 745 1136 sed
760 1096 821 1137 non
836 1078 996 1136 secundum
1011 1078 1117 1149 Deum,

60 1186 90 1236 et
104 1176 220 1234 tamen¹
233 1194 338 1235 omnes
351 1177 415 1235 illae
430 1187 487 1235 tres
502 1194 647 1254 personae
661 1187 729 1235 sunt
743 1194 802 1234 una
820 1177 913 1252 prima
933 1194 1029 1245 causa,
1045 1177 1118 1235 sicut

60 1273 131 1333 sunt
150 1293 226 1333 unus
244 1274 335 1345 Deus,
350 1285 379 1333 et
400 1293 461 1334 non
482 1285 539 1332 tres
561 1293 674 1344 causae,
695 1275 770 1332 sieut
791 1292 852 1333 non
873 1285 931 1333 tres
952 1274 1010 1332 Dii.
1055 1274 1118 1334 sic³

61 1385 144 1451 pater
157 1384 187 1432 et
208 1374 282 1432 lilius
304 1383 370 1432 sunt
391 1392 482 1432 unum
497 1374 673 1450 principium
695 1375 811 1450 spiritus
833 1375 933 1445 sancti,
948 1375 1017 1451 quia
1038 1374 1116 1433 unite

61 1472 236 1549 principiant
251 1473 383 1549 spiritum
398 1483 541 1544 sanctum,
553 1484 581 1531 et
596 1483 658 1531 tota
672 1473 780 1531 trinitas
794 1482 838 1531 est
853 1472 932 1530 idem
943 1472 1117 1549 principium

61 1570 215 1646 cujuslibet
234 1582 389 1629 creaturae.
432 1569 470 1628 Et
486 1570 692 1629 conversiones
712 1569 946 1647 propositionum
968 1570 1041 1628 illius
1056 1589 1117 1628 ma-

61 1668 151 1727 teriae
172 1668 340 1738 exclusivas,
361 1668 536 1754 exceptiras,
556 1667 740 1737 universales,
756 1668 966 1739 convertibiles,
981 1687 1049 1727 cum
1069 1688 1116 1728 ce·

62 1767 129 1827 teris
141 1768 375 1826 contentionibus
386 1766 557 1843 logicorum,
569 1766 702 1843 relinquo
714 1767 868 1842 juvenibus
883 1768 1099 1842 pertractandas
1110 1801 1118 1839 :

60 1876 94 1926 ut
108 1864 211 1924 salsum
225 1877 277 1937 est,
288 1866 368 1942 quod
382 1877 494 1923 tantum
508 1875 591 1941 pater
605 1875 648 1922 est
662 1863 752 1936 Deua,
763 1864 832 1938 quia
846 1863 917 1922 alius
932 1882 1021 1940 quam
1036 1875 1118 1940 pater

61 1975 107 2023 est
121 1964 211 2034 Deus,
227 1975 255 2022 et
268 1965 346 2022 aliud
361 1982 395 2022 ac
410 1963 465 2022 alia
478 1974 609 2022 creatura
622 1981 710 2039 quarn
725 1971 806 2037 pater
820 1973 865 2019 est
879 1961 968 2033 Deus,
983 1965 1051 2039 quia
1065 1963 1118 2021 hu·

61 2052 186 2122 manitas
207 2073 364 2138 assumpta,
385 2079 460 2137 quae
479 2072 523 2120 est
542 2071 602 2118 tam
623 2060 711 2131 aliud,
731 2060 799 2136 quia
820 2071 922 2118 natura
943 2061 1006 2131 alia,
1029 2080 1117 2139 quam

61 2162 147 2232 aldes,
162 2162 230 2236 quia
244 2177 371 2237 persona
390 2159 469 2217 alia⁴.
511 2157 550 2217 Et
569 2169 649 2236 patet
668 2158 800 2216 noscenti
816 2157 1031 2217 distinctionem
1045 2162 1118 2218 inter

62 2258 309 2336 praedicationem
330 2256 482 2316 formalem
502 2267 531 2314 et
553 2254 745 2324 essentialem,
767 2255 919 2331 quomodo
945 2257 1116 2334 syllogisan-

62 2360 134 2418 dum
155 2368 199 2417 est
219 2359 250 2416 in
270 2374 445 2433 quacunque
467 2355 558 2431 figura
579 2373 646 2413 cum
668 2355 728 2413 istis
749 2355 879 2412 terminis
900 2356 929 2412 in
944 2357 1071 2428 divinisl,
1086 2369 1118 2417 ut

62 2459 160 2516 omnis
170 2457 266 2516 divina
279 2467 381 2514 natura
395 2464 440 2512 est
454 2453 558 2530 pater⁶,
570 2454 667 2512 omnis
682 2453 756 2511 filius
767 2452 823 2510 Dei
834 2463 878 2510 est
892 2465 995 2512 natura
1009 2456 1114 2526 divina,

62 2572 136 2630 ergo
150 2555 246 2612 omnis
261 2554 335 2612 filius
349 2552 405 2611 Dei
425 2562 470 2611 est
489 2553 568 2611 idem
583 2550 662 2626 quod
681 2560 726 2608 est
744 2563 835 2626 pater.
877 2551 915 2609 Et
933 2553 972 2610 ita
991 2571 1052 2610 non
1072 2573 1116 2613 se-

62 2655 160 2729 quitur
173 2653 357 2728 expositorie‚
378 2651 435 2709 hoc
455 2661 498 2709 est
518 2659 643 2725 pateret
658 2649 714 2707 hoc
729 2659 773 2707 est
787 2648 870 2718 filius,
887 2650 1116 2712 demonstrando

62 2751 188 2810 eandem
208 2757 339 2807 naturam
361 2748 495 2825 divinam,
517 2747 643 2805 eundem
664 2745 762 2804 Deum
783 2746 828 2805 vel
848 2747 973 2805 eandem
999 2767 1116 2808 causam

62 2849 216 2927 cujuslibet
235 2858 392 2917 creaturae,
413 2863 485 2921 ergo
506 2856 588 2921 pater
608 2855 652 2903 est
672 2844 755 2902 filius.
799 2843 858 2902 Sed
883 2847 958 2904 bene
979 2850 1116 2923 sequitur,

62 2949 146 3025 quod
155 2959 237 3024 pater
251 2946 308 3005 est'
318 2945 396 3003 idem
411 2943 491 3019 quod
502 2952 546 3000 est
557 2943 639 3013 filius,
652 2953 681 3000 et
694 2943 862 3023 exemplum
873 2945 1006 3002 omnium
1017 2946 1117 3005 talium
1200 2996 1204 3001 .

62 3057 144 3125 patet
157 3047 187 3104 in
197 3044 316 3103 materia
327 3043 364 3102 de
378 3040 585 3100 universalibus
595 3041 645 3098 ubi
656 3050 758 3098 natura
769 3042 933 3100 communis
943 3055 987 3101 est
998 3062 1116 3102 suorum

63 3146 281 3223 suppositorum
299 3141 457 3218 quodlibet,
472 3141 603 3215 quamvis
619 3141 681 3214 ipsa
695 3140 846 3215 supposita
861 3141 898 3198 ab
915 3142 1038 3201 invicem
1058 3143 1116 3201 dis-

64 3246 241 3320 tinguantur.
283 3241 392 3299 Totam
414 3249 512 3296 autem
533 3238 617 3295 istam
641 3238 791 3295 materiam
812 3248 840 3295 et
861 3239 1116 3314 profundationem

63 3341 196 3419 ejusdem
209 3340 340 3414 relinquo
355 3335 456 3412 logicis
470 3335 619 3394 subtilibus
634 3334 671 3392 ad
686 3334 923 3394 discutiendum⁸.

99 3521 230 3585 rsfflom,
242 3515 435 3630 A,B,C,ed.gr.
541 3511 935 3642 ¹t³m²¹¹]⁰m'A'B'C'⁶d'2ffi]
1035 3514 1113 3580 ⁸Sic]
1207 3556 1209 3563 .

65 3588 130 3636 Item
142 3586 184 3642 sic,
196 3585 234 3635 ed.
246 3581 391 3648 pr.cumB.
406 3582 422 3628 '.
435 3579 528 3644 primae
539 3593 634 3626 manus.
734 3575 864 3641 ‘persona
949 3579 992 3636 Β,;
1011 3596 1115 3644 persona

63 3652 114 3702 alia
125 3657 171 3706 est,
184 3652 349 3714 A.;persona
360 3646 408 3695 alia
419 3660 493 3709 quam
504 3651 541 3692 est
552 3650 629 3707 pater,
642 3643 671 3690 C.
684 3642 721 3689 ed.
733 3657 770 3706 pr.
845 3643 896 3692 ³in
907 3643 1006 3709 divinis]
1020 3663 1069 3695 om.
1083 3647 1114 3696 Ι),
1162 3648 1167 3657 “

63 3718 104 3768 ed.
116 3733 152 3781 pr.
185 3717 195 3745 ⁸
212 3725 250 3764 est
261 3713 342 3779 pater]
355 3719 392 3761 est
404 3711 509 3775 poterin
521 3708 616 3760 divinis,
628 3707 666 3755 ed.
680 3723 715 3770 pr.
728 3723 784 3756 curn
797 3706 855 3757 B.C.
868 3725 955 3759 manus
967 3711 1068 3775 primae,
1081 3712 1114 3762 D,

63 3784 73 3811 ²
91 3782 141 3846 est]
153 3783 193 3838 sit,
206 3780 238 3829 D.
337 3780 346 3806 ⁸
363 3775 494 3826 subtilibus
505 3773 536 3821 ad
548 3772 739 3836 discutiendum]
752 3789 801 3822 om.
815 3775 852 3823 ed.
865 3791 901 3839 pr,

869 3950 880 3993 l

451 4031 731 4089 *ammo-
