2864 4836
10 637 17 676 l

62 475 157 515 cana
431 451 773 514 TRIALOGUS.

475 832 569 893 CAP.
592 833 706 893 XVIII.

155 987 247 1067 Reges
258 1008 292 1047 ac
307 990 429 1049 dominos
442 991 496 1049 hac
510 993 572 1067 apsa
585 994 617 1051 de
629 1011 715 1050 causa
729 991 955 1068 reprehendendos
968 1013 1031 1052 esse.

104 1148 228 1209 Alcihr'a.
270 1148 375 1222 Placet,
398 1149 492 1222 frater,
510 1151 547 1210 de
567 1152 623 1210 ista
644 1152 795 1222 sententia,
815 1153 884 1229 quia
905 1163 1026 1230 apparet
1046 1153 1118 1211 mihi

60 1247 146 1325 quod
160 1247 228 1307 satis
242 1258 325 1307 acute
344 1258 373 1306 et
391 1248 613 1325 quodammodo
633 1250 709 1309 clare
725 1249 838 1308 invehis
853 1260 955 1310 contra
969 1252 1117 1310 avaritiam

61 1345 261 1406 sacerdotum.
302 1345 423 1405 Etcum
438 1347 601 1406 secundum
615 1347 782 1424 apostolum
800 1366 812 1405 1
827 1347 959 1407 Timoth.
970 1349 1006 1406 vi.
1018 1349 1117 1408 ‘radix

62 1444 197 1502 omnium
215 1444 360 1503 malorum
375 1456 419 1503 est
433 1444 592 1520 cupiditas,’
609 1455 638 1504 et
652 1445 818 1504 sacerdotes
833 1445 941 1504 debent
954 1463 1019 1504 esse
1034 1445 1116 1504 radix

58 1539 189 1618 justitiae
204 1541 313 1600 vehens
327 1541 471 1601 seculares
486 1541 524 1600 ad
535 1542 659 1612 coelum,
671 1542 782 1600 videtur
792 1542 873 1619 quod
888 1542 999 1601 invehis
1015 1551 1117 1602 contra

62 1637 194 1698 radicem
212 1639 300 1698 totius
318 1641 429 1716 peccati
444 1638 592 1698 ecclesiae.
639 1639 698 1698 Sed
713 1640 759 1698 dic
774 1657 857 1716 rogo,
871 1646 967 1697 ulrum
981 1642 1117 1698 seculares

59 1737 123 1795 stit!
127 1735 137 1768 ¹
144 1744 258 1812 propter
273 1737 433 1795 dotationem
446 1736 616 1812 hujusmodi
631 1737 800 1811 ainamundi.

103 1831 266 1892 Phrenesis.
309 1834 407 1893 Placet
428 1836 508 1911 quod
530 1836 616 1894 istam
637 1835 790 1893 materiam
804 1852 860 1912 pro
880 1834 1006 1894 ulteriori
1021 1834 1117 1894 decla·

60 1932 175 1990 ratione
196 1932 316 1991 secundi
337 1933 471 2008 objectus
495 1933 536 1991 tui
558 1932 650 1991 taliter
671 1932 838 1991 introducis.
881 1931 919 1992 Et
940 1934 1008 2008 quia
1030 1951 1116 2008 saepe

59 2030 217 2107 impeditus
237 2031 328 2102 sum',
343 2031 426 2108 quod
448 2049 508 2090 non
530 2032 681 2109 reprobavi
698 2042 819 2107 peccata
837 2032 1040 2107 temporalium
1063 2033 1116 2091 do·

59 2128 217 2198 minorum,
239 2128 307 2187 ideo
329 2130 359 2187 in
385 2129 620 2188 excusationem³
645 2130 812 2188 omissionis
840 2131 921 2188 istius
946 2130 1042 2189 dicam
1063 2131 1114 2189 tibi

59 2223 150 2285 fidem
177 2227 208 2283 in
235 2226 291 2285 isto
320 2244 410 2301 quarn
438 2226 543 2297 habeo,
572 2238 601 2285 et
629 2228 653 2285 si
681 2227 763 2285 Deus
791 2226 919 2297 voluerit,
948 2227 1042 2287 veniet
1077 2228 1114 2286 ad

58 2341 146 2383 aures
172 2323 377 2401 temporalium
406 2324 602 2383 dominorum.
644 2325 729 2384 Tene
753 2325 872 2383 firmiter
897 2335 925 2384 et
950 2325 1113 2385 nullatenus

57 2421 182 2492 dubites,
206 2422 277 2498 quin
298 2421 477 2497 temporales
499 2421 610 2480 domini
632 2423 661 2479 in
683 2424 736 2481 Isto
759 2423 882 2497 graviter
903 2433 1111 2498 peccaverunt3
1196 2443 1222 2518 rec
1278 2495 1296 2519 m

57 2529 89 2578 et
109 2517 177 2577 hinc
198 2518 285 2578 credo
307 2519 388 2596 quod
406 2519 486 2594 justo
507 2517 564 2577 Dei
586 2518 697 2594 judicio
719 2519 811 2577 taliter
831 2521 861 2577 iu
882 2521 942 2578 suis
956 2521 1112 2581 mundanis
1159 2533 1203 2598 33¹¹
1217 2537 1276 2600 {us

56 2616 163 2676 divitiis
181 2627 249 2675 sunt
267 2617 368 2692 puniti.
411 2616 457 2674 Ex
478 2616 535 2674 hoc
554 2617 633 2674 enim
653 2627 717 2675 orta
735 2627 803 2674 sunt
823 2618 899 2676 bella
920 2620 1069 2678 contentio
1084 2631 1112 2679 et
1144 2614 1156 2637 '
1211 2630 1215 2640 '

56 2724 215 2792 paupertas
240 2715 399 2773 multorum
426 2713 598 2772 secularium
620 2714 839 2787 dominorum⁴;
867 2716 897 2800 in
912 2714 969 2774 hoc
988 2717 1112 2775 enimin

55 2830 119 2889 quo
140 2825 339 2889 peccaverunt,
353 2813 464 2890 justum
486 2823 529 2871 est
550 2812 631 2889 quod
650 2811 809 2888 poenaliter
829 2814 981 2890 patiantur.
1024 2813 1112 2873 Ratio

54 2919 157 2969 autem
176 2928 299 2969 movens
321 2910 358 2968 ad
380 2910 470 2968 fidem
492 2909 688 2968 conclusionis
708 2909 873 2986 praedictae
889 2921 932 2969 est
946 2912 1020 2971 ista:
1050 2931 1111 2972 non

54 3009 154 3070 solum
171 3020 327 3086 operantes
348 3010 480 3085 nequiter
494 3009 546 3067 sed
565 3011 780 3068 consentientes
801 3028 870 3068 suae
886 3012 1030 3086 nequitiae
1045 3021 1113 3072 sunt

54 3107 204 3184 culpandi,
218 3117 249 3165 ut
263 3116 343 3183 patet
360 3105 447 3166 Rom.
463 3106 511 3179 i.⁶;
541 3106 593 3165 sed
613 3107 723 3165 domini
742 3107 916 3183 temporales
938 3125 999 3166 non
1017 3108 1111 3167 solum

54 3205 206 3281 cooperati
225 3205 347 3264 suntad
369 3205 455 3263 istam
477 3204 665 3275 dotationem,
687 3204 739 3262 sed
760 3202 804 3262 et⁶
825 3203 1019 3279 multipliciter
1040 3223 1110 3264 con-

53 3311 221 3372 senserunt3
243 3319 314 3378 ergo
327 3320 395 3360 cum
408 3303 462 3361 ista
477 3302 587 3360 dotatio
602 3303 638 3360 sit
652 3302 827 3360 ordinationi
840 3300 945 3359 Christi
958 3304 1109 3373 contraria,

54 3418 147 3478 quam
166 3400 285 3476 patens⁷
299 3410 352 3470 est,
368 3399 448 3476 quod
468 3400 580 3457 domini
598 3400 773 3475 temporales
792 3417 829 3456 ex
844 3399 993 3458 dotatione
1011 3399 1110 3476 hujus-

54 3497 138 3556 modi
158 3509 226 3556 sunt
245 3498 391 3574 culpandi.
435 3497 465 3556 Si
486 3499 565 3556 enim
587 3505 655 3556 sunt
677 3515 729 3555 sex
749 3496 830 3554 modi
851 3512 1057 3570 consensuum,
1079 3509 1111 3557 ut

52 3594 176 3654 includit
189 3597 326 3654 metricus
339 3597 370 3654 iu
384 3595 429 3654 his
444 3595 582 3665 versibus,

219 3741 368 3792 ‘Consentit
385 3741 510 3806 operans⁸,
528 3739 668 3797 defendens.
686 3740 816 3790 consilium
832 3740 902 3797 dans.

234 3823 273 3872 Ac
285 3824 447 3880 auctorisaus,
464 3837 515 3873 uon
530 3822 625 3887 juvans,
642 3838 689 3873 uec
706 3823 901 3888 reprehendeuS,'

88 3956 97 3986 ¹
113 3954 175 4018 siut]
188 3962 252 4013 suut,
264 3956 303 4006 ed.
315 3972 352 4021 pr.
524 3955 534 3984 ¹
550 3971 624 4020 saepe
634 3957 767 4020 impeditus
778 3957 845 4021 sum]
858 3965 938 4007 certus
950 3972 1013 4012 sum,
1026 3957 1062 4013 Β.,
1075 3957 1106 4004 Α.

52 4022 148 4087 primae
159 4036 254 4070 manus.
352 4020 362 4050 ⁸
378 4020 572 4084 excusationem]
584 4022 748 4079 excusatione,
760 4023 797 4071 ed.
810 4038 846 4086 pr.
912 4022 920 4050 ⁴
937 4022 1105 4084 dominorum]

52 4103 104 4135 om.
118 4086 210 4135 A.B.c.
296 4086 306 4114 ⁶
323 4086 395 4136 Rom.
407 4086 435 4150 l]
448 4087 568 4150 Johannis
580 4087 604 4141 i.,
616 4087 644 4134 B.
656 4087 750 4150 primae
761 4103 855 4145 manus,
867 4088 905 4138 ed.
918 4104 954 4152 pr.
1037 4089 1047 4114 ⁶
1063 4089 1106 4136 sed

51 4151 91 4214 et]
104 4152 156 4206 sed,
167 4151 206 4199 ed.
211 4167 254 4265 ΧΓ.
394 4151 404 4179 ⁷
420 4152 518 4216 patens]
531 4152 614 4200 omnia
625 4160 721 4215 potens,
733 4152 771 4201 ed.
784 4169 819 4216 pr.
961 4147 973 4184 ⁸
989 4153 1105 4217 operans]

237 4216 281 4272 .B.‚
295 4217 323 4266 C.
336 4217 429 4280 primae
441 4232 535 4271 manus,
547 4217 585 4266 ed.
598 4232 634 4281 pr.

553 4319 573 4359 X
590 4321 605 4359 2

52 4231 198 4280 cooperans,
