2864 4836
76 417 142 483 434
489 389 745 471 JOANNIS
787 390 1019 452 WICLIF
1221 412 1289 447 cara

30 571 161 648 &3313
203 564 206 623 l
222 574 368 626 sermone,
378 555 459 632 qnod
472 555 537 613 talis
551 555 709 614 claustralis
721 560 778 612 ‘est
788 555 915 612 cadaver
929 561 1092 624 mortuum,
1107 554 1142 609 de
1154 549 1286 626 spirabo

31 653 186 729 “me
203 626 367 775 {egressum
383 656 489 729 ponm's
501 652 689 729 funeralibus
710 653 872 717 involutum,
895 673 916 709 a
936 653 1056 710 diabolo
1078 654 1156 709 irim
1178 650 1286 706 homin

221 751 391 828 agitatum!
433 752 472 810 Et
495 751 622 810 declarat
644 769 697 826 per
718 751 852 809 ordinem
876 752 952 808 istas
977 760 1095 826 partes.
1139 749 1195 806 Est
1216 747 1284 804 enirn

222 851 357 907 ‘cadaver
375 848 530 919 mortuum,'
545 851 623 923 quia,
638 867 706 907 cum
725 860 802 906 caret
822 850 926 924 spiritu
942 851 1036 919 vitae,
1051 849 1124 907 licet
1139 849 1176 906 sit
1190 862 1283 919 corpu-

221 948 375 1016 lentus,est
384 958 483 1006 tamen
492 957 623 1005 mortuus
632 945 841 1023 quoadDeum.
869 945 948 1005 Ideo
957 965 1035 1006 cum
1044 947 1219 1005 oedaversit
1227 962 1281 1001 cor·

221 1064 277 1122 pus
291 1048 371 1122 prius
385 1046 558 1104 vivificatum
572 1056 600 1104 et
615 1044 803 1121 postmodum
818 1062 923 1102 carens
937 1045 1011 1113 vita,
1023 1055 1119 1120 patet,
1131 1044 1214 1121 quod
1227 1041 1282 1100 tals

223 1145 259 1201 sit
279 1143 411 1202 cadaver.
454 1142 491 1200 Et
512 1161 581 1201 cum
600 1160 653 1219 per
671 1143 794 1218 gratiam
813 1142 980 1200 inhabitans
995 1144 1131 1201 vivificat
1153 1144 1281 1209 animam,

222 1242 297 1299 sicut
311 1243 377 1317 ipsa
392 1241 489 1299 anima
505 1241 671 1299 naturaliter
684 1241 806 1298 vivificat
823 1258 941 1316 corpus,
961 1251 1058 1316 patet,
1074 1240 1161 1317 quod
1180 1241 1282 1298 ratione

222 1340 336 1398 animae
352 1351 483 1398 mortuae
497 1358 563 1397 vere
578 1339 680 1398 dicitur
694 1357 799 1414 corpus
813 1349 964 1396 mortuum
972 1358 980 1410 ;
1005 1357 1081 1397 cum
1095 1340 1179 1397 enim
1193 1340 1282 1396 anima

222 1438 258 1495 sit
269 1437 434 1513 principalis
445 1456 512 1513 pars
524 1438 659 1506 hominis,
671 1438 730 1494 imo
745 1447 806 1494 tota
817 1455 869 1494 sna
883 1437 1094 1512 personalitas,
1105 1449 1197 1512 patet,
1207 1435 1282 1512 quod

222 1537 332 1594 ratione
344 1536 460 1611 spiritus
470 1537 512 1594 sic
523 1537 630 1593 mortui
640 1535 739 1610 quoad
749 1534 845 1593 Deum
857 1534 963 1593 dicitur
972 1535 1041 1592 talis
1053 1535 1151 1593 homo
1163 1553 1229 1593 vere
1238 1552 1281 1591 ca·

223 1634 310 1692 daver
324 1645 479 1692 mortuum.
516 1633 603 1691 Unde
615 1632 746 1691 Christus
760 1634 800 1691 sic
811 1632 960 1689 Matthaei
969 1643 1082 1690 octavo
1094 1634 1182 1691 dicit:
1205 1638 1280 1708 ‘pcr-

224 1732 306 1789 mitte
320 1742 452 1789 mortuos
467 1731 589 1807 sepelire
603 1742 735 1789 mortuos
748 1731 835 1799 suos,'
847 1740 876 1787 et
890 1740 1025 1788 mortuos
1037 1748 1154 1789 vocans
1168 1729 1282 1788 indubie

223 1829 387 1887 naturaliter
406 1831 539 1898 viventes,
560 1831 609 1904 qui
631 1839 728 1887 carent
746 1829 838 1903 gratia
856 1827 988 1903 prolifica
1006 1827 1113 1903 quoad
1132 1828 1282 1886 ecclesiam

222 1927 401 1986 militantem.
444 1927 489 1984 Illi
503 1927 598 1985 enim¹
611 1927 718 1985 debent
733 1927 870 2001 occupari
884 1926 961 1983 circa
975 1925 1097 1984 labores
1116 1923 1281 2001 hujusmodi

222 2026 397 2101 corporales,
417 2043 484 2083 cum
506 2024 587 2084 Deus
608 2026 646 2084 ad
667 2025 737 2084 tales
758 2025 943 2100 operationes
964 2041 1017 2082 eos
1040 2024 1157 2094 limitat,
1179 2032 1212 2081 ut
1232 2022 1281 2081 sibi

223 2124 347 2181 serviant
367 2123 454 2181 velint
475 2124 576 2181 nolint.
618 2123 656 2181 Et
677 2123 726 2181 illo
750 2123 841 2181 modo
866 2122 994 2197 loquitur
1014 2123 1171 2196 apostolus
1193 2122 1282 2198 prima

224 2220 277 2278 ad¹
298 2221 428 2279 Timoth.
451 2240 494 2279 v.:
527 2222 646 2293 ‘vidua'
668 2222 768 2297 inquit.
795 2226 886 2296 ‘quae
911 2220 942 2277 in
967 2219 1080 2278 deliciis
1105 2221 1207 2278 vivens
1230 2229 1281 2288 est,

223 2329 338 2377 mortua
362 2316 439 2377 est⁴.'
489 2319 535 2377 Ex
560 2321 615 2378 ista
640 2319 736 2377 subtili
760 2319 856 2394 logica
880 2318 1037 2393 scripturae
1060 2331 1092 2375 et
1114 2317 1280 2394 infringibili

224 2416 323 2492 quoad
333 2416 445 2492 logicos
459 2414 539 2492 patet
549 2435 642 2493 genus
656 2417 755 2493 quoad
768 2418 862 2492 ipsam
873 2415 1044 2492 particulam
1053 2416 1145 2474 trium
1155 2416 1280 2492 partium

225 2513 412 2582 differentiae,
428 2532 487 2588 qua
505 2513 616 2583 dicitur,
637 2512 717 2588 quod
735 2524 779 2571 est
793 2514 840 2569 ‘de
855 2512 997 2586 sepulchro
1015 2513 1176 2588 egressum.¹
1219 2512 1280 2570 No·

224 2612 346 2668 tandum
375 2622 427 2680 est,
453 2612 533 2686 quod
559 2611 721 2669 secundum
747 2612 909 2668 subtiliores
933 2610 1072 2667 ordinum
1102 2613 1278 2686 privatorum

225 2710 287 2766 talis
302 2709 459 2766 claustralis
474 2720 613 2784 tanquam
629 2709 756 2766 mundo⁵
770 2719 900 2765 mortuus
914 2708 944 2764 in
965 2707 1125 2782 sepulchro
1145 2720 1278 2784 quattuor

224 2808 365 2882 parietmn
386 2807 529 2882 sepelitur,
548 2826 599 2882 per
621 2825 695 2881 quos
714 2817 849 2880 quattuor
868 2807 991 2879 parietes
1012 2806 1179 2880 designant,
1200 2807 1276 2882 quod

224 2905 385 2962 secundum
409 2915 544 2979 quattuor
566 2905 657 2962 dictas
680 2903 869 2962 differentias⁶
890 2903 1017 2960 mundus
1038 2905 1076 2960 ab
1099 2905 1166 2979 ipso
1188 2905 1276 2962 seclu-

225 3003 306 3059 ditur.
350 3003 404 3059 Per
419 3003 475 3061 hoc
491 3003 604 3060 autem⁷
618 3003 699 3077 quod
713 3003 868 3060 claustrum
883 3019 981 3058 versus
1001 3001 1119 3058 coelum
1140 3015 1275 3077 tanquam

224 3103 278 3158 sub
296 3100 377 3158 divo⁸
396 3101 527 3175 patulum
546 3101 678 3175 aperitur,
699 3100 873 3174 designatur,
893 3099 972 3173 quod
994 3099 1091 3156 solum
1113 3100 1230 3158 coelum
1250 3111 1276 3156 et

224 3198 360 3256 coelestia
381 3208 480 3273 petant
502 3200 594 3256 oculis
615 3199 720 3255 mentis
741 3216 817 3256 suae.
862 3198 897 3254 In
918 3196 1016 3254 medio
1039 3208 1140 3254 autem
1165 3198 1276 3256 claustri

224 3308 363 3371 tanquam
380 3297 409 3353 in
429 3296 527 3352 medio
546 3296 672 3371 paradisi
691 3297 801 3371 lignum
821 3296 945 3370 erigitur,
966 3313 1018 3369 per
1037 3295 1120 3370 quod
1141 3315 1276 3354 ascensus

224 3394 416 3467 quotidianus,
431 3412 585 3468 perquem
600 3394 715 3452 coelum
729 3394 843 3468 rapiant
862 3394 1036 3468 designatur.
1080 3395 1163 3452 Aves
1182 3407 1274 3452 autem

224 3508 298 3564 quae
320 3487 458 3548 claustra⁹
471 3491 610 3561 incolunt,
630 3493 746 3565 signant
763 3491 890 3548 volatum
909 3490 1072 3549 secundum
1096 3493 1187 3550 vitam
1208 3510 1275 3550 con·

224 3587 420 3662 templativam
432 3607 530 3647 versus
545 3590 689 3647 coelestia.
726 3590 764 3647 Et
775 3591 850 3646 viror
865 3588 945 3647 sundi
961 3590 1104 3647 claustri¹⁰
1118 3592 1215 3666 signat
1225 3592 1275 3647 vir·

224 3695 316 3741 tutum
331 3687 489 3744 virentiam.
532 3685 622 3756 Quod
637 3688 660 3745 si
675 3689 730 3745 ista
745 3689 828 3762 signa
842 3688 1103 3762 correspondentia
1116 3688 1274 3746 virtutum¹¹

256 3856 264 3884 ¹
284 3854 314 3903 cf.
333 3855 409 3904 Trial.
422 3856 467 3904 1v.
481 3855 518 3905 26.
652 3858 662 3886 ¹
679 3857 756 3921 enim]
768 3874 836 3921 ergo.
848 3858 879 3907 C.
1009 3857 1019 3886 ³
1036 3859 1117 3922 prima
1127 3858 1173 3922 ad]
1186 3875 1235 3909 om.
1247 3860 1275 3908 C.

223 3919 231 3947 ¹
248 3920 297 3983 est]
311 3937 360 3968 om.
373 3922 404 3969 Α.
535 3922 544 3949 ¹
560 3922 664 3986 mundo]
677 3924 761 3978 modo,
772 3925 854 3973 a.b.C.
997 3923 1007 3951 ¹
1023 3925 1104 3973 dictas
1115 3924 1262 3974 differentias

223 3985 311 4040 dictos,
323 4002 360 4040 n.;
378 3985 534 4041 differentias,
548 3988 623 4042 A.C.;
644 3988 730 4044 dictas,
743 3990 767 4037 b.
780 3990 873 4052 primae
885 4003 979 4038 manus.
1153 3989 1162 4017 ¹
1180 4000 1260 4038 autem

222 4051 295 4106 enim,
308 4052 337 4100 C.
452 4051 462 4079 ⁸
479 4052 603 4115 subdivo]
615 4054 723 4111 subdius,
735 4055 816 4104 a.b.C.
932 4055 942 4082 ¹
959 4053 1077 4117 claustra]
1091 4054 1233 4108 claustrum,
1245 4055 1272 4102 C.

224 4117 241 4143 ¹⁰
258 4115 326 4163 fundi
338 4115 446 4181 claustri]
458 4116 556 4165 claustri
568 4117 645 4174 fundi,
658 4120 686 4168 C.
881 4122 897 4150 ¹¹
915 4121 1132 4184 correspondentia
1143 4117 1270 4181 sinotum]

205 4204 207 4230 ι
223 4180 338 4229 virtutum
351 4183 575 4245 correspondentia,
588 4184 617 4231 C.
