2864 4836
634 320 725 326 .—-.-—
746 320 877 327 --...-

542 424 795 502 ]οΑΝΝ]ε
836 427 1045 490 Wrcrrr
1235 455 1318 490 mn

270 602 334 643 esse
344 585 456 651 volitae,
466 596 494 644 et
503 586 772 661 ipsum¹diabolum
781 589 990 665 oportet²velle
1000 609 1085 650 suam
1095 592 1318 664 damnationem,

271 700 338 740 cum
353 683 389 742 sit
404 702 492 743 causa
504 685 582 760 justa
600 695 713 744 tantum
732 687 875 746 mundum
895 688 1109 764 pulchrificans‚
1124 694 1217 751 etiam
1236 704 1318 752 semet

270 780 382 854 ipsum:
404 801 472 841 cum
492 783 652 842 secundum
667 783 867 862 Augustam,
888 788 912 845 si
932 800 1095 847 remaneret
1115 791 1238 867 aliquod
1257 809 1318 868 pec·

270 891 331 937 tum
342 881 525 956 impunitum,
538 881 735 957 deturparetur
745 885 923 956 universitas,
934 902 995 944 non
1006 904 1100 962 aeque
1112 890 1212 963 primo
1223 907 1318 949 secun·

269 977 340 1035 dum
355 996 385 1037 se
400 987 502 1048 totum,
518 979 571 1038 sed
585 980 746 1039 secundum
761 992 873 1058 partem
888 993 1069 1058 peccantem.
1113 985 1191 1044 Ideo
1210 995 1318 1064 oportet

270 1075 441 1146 concedere,
457 1076 538 1152 quod
552 1095 649 1153 poena
667 1077 775 1137 inflicta
793 1080 887 1155 ipsam
906 1091 1019 1156 partem
1038 1081 1234 1157 pulchrificat,
1252 1085 1318 1142 sicut

269 1184 313 1232 est
324 1175 401 1250 juste
416 1185 444 1233 et
459 1174 576 1250 pulchre
589 1177 690 1251 punita
704 1195 722 1235 a
735 1176 803 1236 Deo
818 1188 846 1236 et
860 1178 993 1238 ordinata
1004 1181 1186 1255 justissime‘
1201 1183 1242 1242 ita
1255 1183 1316 1259 pati.

269 1271 306 1328 Et
317 1273 356 1334 ita
367 1273 391 1333 si
402 1273 535 1332 diabolus
545 1291 597 1348 per
605 1274 783 1349 impossibile
795 1285 871 1334 esset
881 1277 993 1351 positus
1004 1278 1034 1334 in
1045 1277 1233 1354 adoptione⁴,
1243 1278 1317 1357 quod

269 1383 422 1449 peccatum
444 1389 529 1429 suurn
549 1383 666 1430 maneat
691 1372 866 1448 impunitum
892 1374 936 1432 vel
957 1375 1038 1450 quod
1062 1376 1105 1433 sic
1126 1380 1266 1452 puniatur
1284 1374 1318 1435 ad

268 1472 407 1548 regulam,
423 1473 485 1547 ipse
499 1469 585 1529 debet
600 1471 761 1530 secundum
780 1472 893 1548 eligere,
909 1473 989 1548 quod
1009 1474 1109 1532 sinon
1129 1486 1238 1551 potest,
1253 1488 1317 1535 tuuc

268 1570 457 1629 insolubiliter
482 1578 526 1627 est
551 1569 713 1628 damnatus.
757 1568 953 1647 Multipliciter
976 1579 1074 1629 tamen
1097 1571 1203 1631 dicitur
1226 1591 1317 1650 poena

269 1669 388 1745 peccati,
403 1679 433 1726 ut
448 1667 543 1743 aliqua
557 1676 601 1725 est
614 1684 712 1743 poena
727 1667 825 1726 damni
838 1677 867 1726 et
881 1667 936 1727 alia
951 1686 1047 1744 poena
1061 1686 1175 1736 sensus.
1220 1671 1317 1731 Poena

268 1776 365 1824 autem
379 1765 478 1823 damni
498 1764 687 1822 essentialiter
705 1766 892 1840 consequitur
906 1765 945 1824 ad
963 1776 1125 1840 peccamm,
1140 1779 1172 1826 ut
1192 1769 1219 1826 si
1240 1786 1317 1827 crea·

268 1874 332 1922 tura
358 1873 460 1940 peccat
487 1862 562 1933 Dec,
592 1863 628 1921 de
656 1873 738 1922 tanto
765 1873 809 1922 est
836 1864 890 1923 sibi
920 1864 1115 1940 deacceptata,
1143 1884 1213 1926 cum
1239 1866 1316 1925 Deus

267 1963 430 2038 approbare
449 1977 510 2018 non
529 1961 643 2036 poterit,
658 1961 739 2036 quod
754 1961 795 2019 sic
814 1971 924 2037 peccet.
967 1960 1031 2021 Nec
1045 1960 1128 2022 Deus
1141 1975 1240 2048 potest
1255 1982 1317 2024 esse

267 2059 443 2130 indifferens,
463 2077 530 2117 cum
550 2060 586 2117 sit
605 2059 801 2134 omnipotens,
820 2069 857 2129 et,
879 2068 912 2118 ut
930 2059 1030 2119 dicunt
1050 2058 1228 2140 philosophi,
1251 2062 1317 2123 sibi·

267 2158 302 2216 sit
317 2175 386 2216 cura
400 2157 437 2215 de
451 2156 588 2214 omnibus
597 2175 604 2227 ;
627 2156 694 2215 ideo
708 2156 884 2232 relinquitur,
901 2157 982 2234 quod
1001 2175 1038 2215 eo
1056 2158 1121 2233 ipso
1139 2160 1221 2235 quod
1239 2178 1317 2220 crea·

267 2267 330 2313 tura
354 2253 410 2313 Dei
435 2254 605 2330 peccaverit,
631 2253 667 2312 de
692 2264 773 2313 tanto
794 2254 876 2313 Deus
901 2273 966 2314 eam
988 2255 1159 2332 deacceptat
1181 2258 1226 2317 vel
1247 2259 1315 2318 odit.

268 2353 331 2412 Nec
352 2352 471 2411 dubium
486 2352 556 2427 quin
576 2352 623 2410 illa
642 2354 842 2429 deacceptatio
856 2352 900 2411 vel
914 2353 1016 2413 odium
1034 2364 1077 2412 est
1091 2353 1237 2414 infinitum
1252 2375 1316 2432 gra·

266 2452 328 2510 vior
342 2469 446 2528 poena,
461 2469 550 2526 quam
565 2451 661 2526 aliqua
676 2469 773 2527 poena
788 2469 899 2522 sensus,
915 2469 982 2509 cum
996 2450 1128 2511 Christus
1147 2472 1252 2529 passus
1265 2453 1316 2512 fuit

266 2551 424 2608 maximam
454 2566 581 2625 poenam
609 2567 720 2619 sensus,
746 2561 774 2608 et
803 2561 921 2624 propter
948 2549 1085 2608 malitiam
1115 2568 1231 2627 poenae
1255 2571 1314 2610 non

265 2649 386 2724 poterit⁶
401 2648 459 2723 pati
473 2646 640 2722 hujusmodi
655 2664 783 2722 poenam
803 2647 910 2705 damni.
953 2648 1026 2706 Ideo
1045 2648 1159 2724 positus
1179 2651 1209 2708 in
1224 2650 1314 2727 adop·

264 2749 343 2805 tione
364 2747 460 2822 potius
481 2746 597 2820 eligeret
617 2762 822 2821 quamcunque
843 2763 971 2820 poenam
993 2763 1096 2804 sensus
1115 2747 1314 2823 infligendam,

264 2863 353 2921 quarn
368 2844 493 2919 aliquam
508 2842 675 2919 hujusmodi
696 2861 825 2918 poenam
845 2843 952 2914 damni,
967 2860 1035 2901 cum
1048 2842 1104 2900 illi*
1118 2861 1180 2902 non
1200 2845 1314 2921 posset⁸

263 2945 366 3012 inesse,
382 2942 436 3000 nisi
451 2953 603 3016 peccatum
619 2951 749 2999 causaret
764 2942 858 3016 ipsam
867 2960 875 3012 ;
897 2950 926 2999 et
939 2950 1092 3017 peccatum
1112 2952 1157 3000 est
1170 2942 1313 3002 infinitum

264 3041 346 3116 pejus
368 3058 455 3116 quam
477 3040 573 3115 aliqua
594 3048 733 3109 creatura,
748 3057 815 3096 cum
837 3038 919 3098 Deus
940 3039 1084 3113 approbat
1104 3049 1165 3098 tam
1186 3059 1313 3116 poenam

263 3157 365 3197 sensus
380 3157 468 3213 quam
483 3156 611 3214 poenam
625 3136 734 3194 damni.
778 3135 837 3194 Sed
851 3135 932 3194 Deus
953 3137 1116 3212 approbare
1131 3154 1193 3195 non
1209 3140 1313 3215 poterit

262 3236 343 3312 quod
357 3237 422 3312 quis
443 3245 553 3313 peccet,
568 3235 637 3310 quia
655 3243 724 3291 tunc
744 3233 836 3292 homo
855 3233 972 3292 deberet
986 3251 1108 3309 peccare
1122 3247 1151 3293 et
1169 3254 1231 3294 non
1246 3255 1312 3313 pec·

262 3353 335 3393 care.
379 3334 416 3391 Et
437 3334 473 3391 ad
495 3350 684 3391 communem
705 3332 879 3401 instantiam,
895 3349 953 3407 qua
975 3332 1010 3390 sit
1029 3334 1173 3408 argtutur;
1196 3340 1311 3393 ‘verum

261 3443 311 3503 est,
334 3432 414 3508 quod
435 3431 536 3490 Petms
557 3441 668 3506 peccat,
690 3440 718 3487 et
739 3447 828 3487 omne
848 3447 947 3487 verum
969 3439 1012 3487 est
1034 3449 1051 3488 a
1072 3429 1139 3489 Deo
1161 3434 1311 3508 cognitum

261 3541 347 3605 atque
363 3530 491 3600 volitum,
508 3546 578 3602 ergo
594 3537 638 3586 est
653 3546 670 3585 a
684 3526 750 3584 Deo
765 3527 885 3585 volitum
907 3527 987 3603 quod
1007 3529 1048 3586 sic
1063 3531 1184 3603 peccet,'
1200 3531 1309 3599 dicitur,

261 3626 340 3701 quod
354 3627 562 3701 consequentia
576 3644 638 3683 non
652 3625 735 3695 valet,
751 3625 803 3683 sed
816 3626 892 3683 bene
912 3626 1048 3700 sequitur,
1064 3627 1145 3702 quod
1158 3628 1229 3687 illud
1243 3646 1309 3705 pec·

261 3734 358 3781 catum
372 3734 415 3781 est
434 3742 452 3781 a
466 3722 533 3781 Deo
553 3723 681 3791 volitum,
695 3723 726 3778 de
742 3729 842 3796 quanto
857 3734 900 3781 est
921 3742 938 3781 a
953 3722 1019 3783 Deo
1038 3725 1158 3783 volitum
1180 3726 1260 3802 quod
1274 3727 1308 3784 sit

261 3823 393 3898 punitum
412 3833 441 3880 et
460 3821 551 3897 prosit
571 3821 725 3890 ecclesiae;
756 3831 784 3878 et
804 3821 873 3878 illud
893 3833 1012 3880 vocatur
1032 3828 1114 3882 ‘esse
1134 3823 1307 3884 secundum'

294 4022 341 4068 ¹et
353 4018 445 4083 ipsum]
457 4026 482 4067 et
493 4018 569 4067 etiam
580 4016 668 4081 ipsum,
680 4016 717 4066 ed.
748 4034 766 4065 r.
876 4016 1149 4081 'ipsumdiabolumo
1184 4018 1245 4083 rtet]
1257 4020 1308 4083 ipse

259 4084 373 4134 diabolus
384 4084 465 4137 debet,
477 4086 507 4131 D.
574 4083 583 4111 ³
597 4033 921 4145 justissimeffjustessssss.
987 4081 997 4110 ⁴
1012 4083 1148 4148 adoptione
1170 4085 1306 4149 adeptione.

260 4149 298 4197 ed.
329 4166 362 4204 r.;
380 4150 423 4197 i.e.
436 4149 456 4196 si
468 4149 537 4212 optio
550 4149 571 4197 ei
583 4148 640 4196 data
653 4155 724 4196 esset.
769 4147 853 4211 ⁵sibi]
867 4163 922 4197 curn
935 4147 1090 4201 sibi,A.B.C.
1100 4149 1138 4197 ed.
1151 4165 1188 4213 pr.
1239 4150 1307 4213 ‘po-

260 4166 328 4276 tenth
341 4214 520 4277 poterat,A.C.
586 4212 594 4240 ²
612 4212 659 4275 illi]
672 4212 722 4262 illa.
735 4213 826 4262 A.B.C.
838 4212 876 4261 ed.
890 4227 925 4275 pr.
992 4214 1001 4239 ⁸
1019 4213 1113 4277 posset]
1122 4223 1213 4277 potest.
1222 4215 1258 4265 ed.
1271 4231 1305 4279 pr.
