2864 4836
412 317 450 324 —--
462 316 612 325 --—--—->

535 424 789 505 JOANNIS
830 425 1041 489 WICLIF
1232 446 1311 485 nant

276 590 399 649 inaniter
412 591 527 665 evagari
541 590 618 648 circa
632 589 751 658 fictitias,
766 606 838 664 quas
853 589 999 647 nescimus
1014 589 1145 663 probare
1158 604 1225 647 esse
1237 583 1315 663 poan'·

276 687 348 745 biles
369 687 413 746 vel
435 706 485 746 eas
508 698 557 746 aut
581 705 681 746 earum
702 687 818 746 notitias
843 704 931 763 posse
955 685 1068 744 homini
1090 686 1245 763 prodesse,
1262 699 1318 743 om

276 784 383 842 multae
404 787 535 844 veritates
555 786 665 844 solidae
686 796 714 843 et
735 785 819 843 utiles
839 785 938 861 jacent
962 783 1137 843 hominibus
1159 783 1320 845 occultatae.

277 882 349 940 Ideo
371 883 491 958 quando
511 884 629 960 ponitur
643 883 723 958 quod
736 882 818 940 Deus
839 882 961 941 dimittat
980 891 1120 941 nattuam
1142 892 1321 958 asmmptam.

276 991 305 1039 et
319 982 360 1040 sic
375 982 411 1040 de
427 982 488 1040 aliis
502 983 618 1040 casibus
632 981 759 1039 fundatis
772 982 895 1039 inaniter
908 999 946 1039 ex
959 979 1015 1038 hac
1033 980 1136 1039 radice
1151 976 1322 1057 imponffi‘,

276 1080 457 1137 excutiantur
470 1092 499 1138 et
514 1089 747 1149 contemnantur,
763 1079 818 1137 nisi
832 1096 934 1138 eorum
944 1078 1131 1155 possibilitas
1149 1079 1187 1138 sit
1201 1078 1322 1156 probata

275 1175 357 1235 Deus
378 1177 456 1234 enim
475 1194 538 1235 non
559 1186 654 1253 potest
675 1186 785 1235 tantam
807 1176 1041 1251 ingratitudinem
1063 1176 1253 1235 committere
1268 1175 1323 1233 siut

275 1293 364 1334 causa
387 1276 507 1351 peccati,
529 1275 608 1333 illum
631 1275 761 1350 spiritum
785 1285 914 1333 creatum
934 1272 1119 1343 dimittendo,
1142 1291 1213 1332 cum
1237 1280 1323 1332 suaa

275 1374 472 1448 assumptione
487 1381 607 1431 nonest
623 1372 829 1448 compossibile
848 1372 929 1449 quod
942 1372 983 1431 sic
1002 1381 1115 1448 peccet,
1130 1381 1161 1431 et
1181 1370 1323 1430 demente

274 1471 472 1546 assumptione
486 1471 534 1529 illa
544 1469 732 1546 praecederet
746 1470 919 1539 naturaliter,
930 1479 1087 1545 antequam
1097 1469 1137 1528 sit
1151 1468 1322 1546 possibilius

274 1568 313 1626 ad
333 1568 524 1644 peccandum.
566 1568 604 1627 Et
625 1569 666 1627 sic
687 1569 718 1625 in
739 1568 835 1627 triduo
849 1567 982 1627 Christus
1001 1566 1054 1626 fuit
1075 1566 1171 1627 homo
1185 1567 1267 1626 vivus
1284 1562 1323 1623 et¹

273 1676 413 1735 mortuus,
429 1676 459 1725 et
478 1666 640 1724 secundum
662 1665 789 1726 diversas
811 1676 929 1725 naturas
950 1665 1087 1725 destitita
1106 1682 1140 1724 se
1162 1665 1248 1743 ipso;
1276 1660 1323 1723 sed

274 1763 375 1822 Deitas
389 1764 555 1823 necessario
570 1763 653 1822 infuit
667 1764 780 1840 utrique
794 1773 922 1823 natiuae.

667 2232 761 2293 CAP.
784 2232 929 2293 XXVIII.

554 2387 600 2446 De
613 2390 712 2448 unr'one
723 2391 834 2447 am'nrae
847 2409 908 2447 mm
922 2398 1040 2465 corpore.

251 2560 254 2667 p
312 2544 433 2602 Alithz‘a.
476 2544 561 2602 Bona
575 2544 664 2604 infers
677 2545 793 2603 auribus
804 2545 877 2603 meis
892 2556 921 2603 et
934 2544 1031 2603 multis
1042 2543 1224 2603 incredibilia
1232 2565 1240 2616 ;
1262 2543 1322 2622 quis

271 2643 350 2699 enirn
369 2641 507 2712 crederet,
521 2642 602 2717 quod
622 2644 720 2700 anima
739 2641 868 2701 humana
887 2660 949 2700 non
966 2642 1002 2700 sit
1016 2659 1084 2717 pars
1101 2640 1254 2703 hominis?
1276 2650 1322 2701 aut

271 2739 352 2812 quod
362 2739 444 2797 Deus
456 2740 494 2797 ad
505 2749 616 2797 tantum
628 2739 810 2798 illibertatur²
820 2738 857 2796 ad
869 2739 1078 2798 assumendum
1091 2739 1173 2799 illam
1186 2742 1321 2809 animam,

271 2835 341 2910 quin
356 2836 499 2910 peridem
520 2846 620 2913 posset
641 2855 788 2896 assumere
810 2855 1014 2914 quamcunque
1035 2838 1130 2908 aliam,
1146 2857 1218 2897 cum
1238 2839 1322 2898 libere

271 2934 492 2992 contradictorie
507 2935 585 2992 illam
600 2935 774 3010 assumpsit?
810 2932 932 2993 Videtur
945 2952 1017 3011 ergo
1031 2935 1137 3004 multis,
1152 2937 1236 3012 quod
1250 2937 1322 2996 blas·

270 3030 377 3105 pheme
392 3033 536 3108 extinguis
551 3033 735 3090 subtilitatem
750 3031 867 3091 scholae
889 3042 918 3090 et
932 3032 1051 3091 dimittis
1070 3033 1244 3093 subtilitates
1258 3034 1322 3093 soli·

250 3135 253 3155 ¹
270 3128 323 3187 das
343 3131 465 3187 omnino
487 3132 617 3200 intactas,
632 3130 679 3188 ut³
700 3131 724 3187 si
745 3131 890 3205 praecise⁴
910 3129 1110 3188 salvabuntur⁵
1129 3140 1173 3189 tot
1188 3130 1322 3190 homines

269 3237 341 3302 quot
356 3245 392 3284 ex
407 3238 529 3302 peccato
544 3229 574 3284 in
590 3226 727 3303 Spiritum
743 3227 882 3286 Sanctum
896 3227 1018 3286 finaliter
1033 3227 1261 3288 damnabuntur.

310 3324 472 3383 Phrenesis.
516 3324 679 3383 Considero
699 3326 780 3401 quod
800 3327 832 3384 in
852 3326 949 3383 multis
971 3334 1110 3384 extraneo
1131 3328 1320 3396 amodernis,

269 3423 321 3480 sed
346 3441 414 3483 cum
438 3423 534 3481 multis
557 3424 664 3482 sanctis
685 3423 818 3499 antiquis,
840 3434 868 3481 et
889 3423 1048 3498 specialiter
1068 3422 1233 3498 Augmtno
1253 3442 1321 3483 con·

268 3521 362 3577 venio.
403 3520 441 3577 Et
462 3532 602 3596 quantum
624 3521 662 3579 ad
676 3523 803 3595 primum
824 3520 861 3578 de
882 3522 980 3577 untbm
999 3522 1109 3577 animae
1126 3540 1189 3578 cum
1203 3533 1323 3598 corpore,

269 3628 378 3674 certum
394 3618 532 3693 estquod
547 3617 706 3677 Arz'slotcles
720 3629 786 3677 ante
801 3619 1030 3676 incarnationem
1043 3628 1071 3676 et
1088 3618 1135 3676 alii
1155 3618 1324 3698 philosophi

248 3736 251 3829 p
268 3714 390 3772 multum
405 3716 480 3773 circa
500 3717 585 3773 istam
604 3717 754 3774 materiam
773 3715 948 3785 dubitarunt,
963 3716 1117 3791 quomodo
1131 3718 1267 3778 videlicet
1285 3739 1319 3778 er

248 3834 251 3921 1
268 3813 365 3869 anima
380 3813 439 3869 vel⁶
454 3813 554 3888 spiritu
569 3813 617 3870 tali
633 3833 684 3889 per
699 3832 731 3872 se
745 3814 875 3889 possibili
887 3824 915 3871 et
930 3830 1053 3889 corpore
1067 3817 1212 3890 organico
1226 3830 1322 3892 potest

248 3952 251 4043 i
300 4009 307 4038 ¹
325 4007 361 4072 et]
375 4017 399 4057 et
410 4008 497 4063 homo,
509 4009 602 4059 A.B.C.
615 4011 653 4059 ed.
666 4026 704 4074 pr.
835 4010 844 4038 ²
861 4010 1020 4075 illibertatur]
1032 4011 1216 4069 illibertaretur,
1228 4016 1321 4065 ΑΕΒ.

267 4073 389 4121 secundae
400 4089 494 4121 manus.
592 4074 601 4103 ³
618 4075 657 4138 ut]
670 4084 702 4133 et,
714 4076 743 4125 C.
756 4076 877 4125 secundae
887 4092 982 4132 manus,
994 4077 1032 4125 ed.
1044 4092 1081 4140 pr.
1172 4078 1182 4107 ⁴
1198 4081 1309 4143 praecise

248 4154 251 4159 ¹
268 4153 335 4200 pure,
347 4138 440 4187 ΑΒΕ.
452 4138 545 4202 primae
557 4154 651 4188 manus.
749 4140 759 4169 ³
776 4141 946 4206 salvabuntur]
959 4142 1093 4198 salvantur,
1105 4142 1133 4191 B.
1242 4146 1253 4174 ‘
1270 4147 1310 4196 vel

268 4210 300 4256 et,
312 4203 350 4256 C..
360 4202 388 4250 B.
400 4204 521 4252 secundae
533 4219 627 4253 manus.
