2864 4836
55 456 152 495 carm
425 433 764 495 TRIALOGUS.

56 593 180 672 quidam
200 604 303 671 quarto
323 606 527 673 comparantes
546 614 578 656 se
592 596 653 655 aliis
667 594 739 655 salse
758 605 861 671 putant
880 612 911 654 se
931 596 1011 671 ipsos
1024 593 1110 656 alios‘

55 692 209 753 excellere.
251 693 289 752 Et
302 705 364 753 tota
377 695 459 753 radix
473 693 625 770 cujuslibet
640 693 746 771 speciei
761 694 913 769 superbiae
932 703 987 752 stat
1001 695 1031 752 in
1045 695 1111 765 isto,

58 791 142 868 quod
166 791 258 851 bomo
279 801 355 850 errat
375 810 437 851 non
458 793 606 851 credendo
627 790 779 861 humiliter,
797 790 881 868 quod
898 791 1039 869 quidquid
1059 792 1111 851 ha·

57 889 154 949 buerit
182 900 226 950 est
253 908 272 949 a
295 890 370 949 Deo.
422 889 495 949 Ideo
520 890 588 949 dicit
613 889 762 965 apostolus
790 909 814 947 r.
840 889 885 948 ad.
912 888 1043 950 Corinth.
1069 893 1112 950 iv:

59 985 159 1059 ‘Quid
186 987 276 1047 habes
299 988 381 1064 quod
405 1006 465 1046 non
491 988 649 1062 accepisti?
691 986 722 1045 Si
747 997 844 1046 autem
872 989 1018 1066 accepisti,
1042 991 1113 1066 quid

57 1083 199 1162 gloriaris,
214 1086 297 1162 quasi
311 1104 373 1145 non
392 1085 572 1161 acceperisi'
613 1085 652 1143 Et
665 1085 705 1143 ita
720 1084 849 1145 defectus
868 1085 935 1145 fidei
955 1089 1112 1163 scripturae

55 1191 103 1242 est
116 1199 206 1242 causa
219 1184 379 1260 superbiae.
422 1181 561 1258 Superbia
576 1192 673 1241 autem
687 1182 800 1258 affictus
814 1184 945 1243 consistit
959 1186 1054 1260 primo
1074 1187 1112 1246 ad

57 1279 144 1350 intra,
162 1289 191 1338 et
211 1281 405 1339 communiter
425 1281 538 1339 mixtim
559 1280 597 1339 ad
618 1291 699 1339 extra
720 1280 909 1357 progreditur,
931 1291 960 1341 et
981 1285 1113 1343 consistit

58 1375 172 1454 primo¹
184 1377 215 1435 in
229 1377 383 1454 hypocrisi,
397 1397 473 1454 quae
488 1387 532 1436 est
550 1379 679 1454 pessima
697 1380 810 1453 species
829 1380 981 1455 superbiae
1000 1392 1030 1439 et
1049 1381 1112 1440 reli-

61 1474 166 1552 giosos
179 1483 297 1534 nostros
311 1493 399 1552 saepe
413 1477 607 1553 consequitur,
622 1494 690 1534 eum
704 1493 765 1533 non
784 1488 1001 1551 praesumerent
1014 1497 1114 1556 super-

59 1568 171 1631 addere
195 1571 365 1631 traditiones
389 1590 479 1649 supra
502 1573 692 1649 evangelium,
722 1592 797 1650 quae
825 1576 1019 1635 communiter
1046 1590 1114 1637 sunt

59 1668 223 1729 contrariae
237 1671 350 1741 rationi,
366 1671 421 1728 nisi
440 1671 604 1729 laborarent
624 1671 778 1747 hypocrisi.
821 1672 894 1730 Ideo
914 1673 984 1731 false
1000 1673 1114 1750 fingunt

59 1767 163 1826 fratres
182 1776 211 1825 et
230 1767 285 1837 alii,
300 1767 381 1844 quod
400 1766 509 1826 habent
528 1769 657 1845 regulam
677 1770 825 1844 privatam,
841 1788 916 1846 quae
935 1772 966 1828 in
985 1772 1114 1833 bonitate

60 1863 178 1925 excedit
204 1864 334 1940 regulam
361 1864 433 1942 Jesu
460 1864 575 1924 Christi.
627 1866 726 1925 Omne
753 1868 832 1925 enim
859 1879 1012 1943 peccatum
1040 1873 1114 1947 sapit

59 1979 199 2032 errorem,
220 1963 272 2039 qui
292 1963 446 2038 impugnat
467 1965 633 2038 primariam
654 1965 810 2023 veritatem.
854 1963 992 2040 Superbia
1017 1981 1114 2028 autem

60 2059 227 2119 consistens
238 2060 269 2117 r'n
279 2063 492 2135 concupricentrir
506 2062 646 2119 oculorum
656 2062 900 2122 inordinationem
913 2067 1116 2141 temporalium

59 2174 150 2233 saepe
164 2158 289 2235 respicit,
300 2167 332 2216 ut
346 2157 427 2216 multi
441 2160 558 2234 superbi
570 2160 606 2218 de
621 2159 766 2220 affluentia
780 2162 982 2238 temporalium
993 2164 1116 2226 inaniter

60 2254 230 2333 gloriantur.
271 2254 310 2312 Et
327 2256 455 2330 superbia
473 2258 550 2314 circa
569 2257 638 2315 bona
653 2261 748 2315 carmi
767 2261 882 2335 respicit
901 2279 989 2337 saepe
1008 2262 1116 2321 inordi-

62 2353 217 2413 nationem
237 2352 369 2411 volitivae
390 2354 537 2429 potentiae
559 2356 635 2414 circa
658 2357 738 2415 bona
762 2358 893 2433 corporis
914 2360 1064 2429 naturalia,
1085 2370 1117 2418 ut

62 2451 142 2510 circe
154 2449 316 2509 naturalem
329 2450 537 2522 fortitudinem,
553 2454 630 2512 circa
648 2456 779 2530 corporis
800 2455 974 2531 elegantiam
993 2467 1022 2515 et
1041 2458 1117 2516 circa

64 2547 172 2608 similia
191 2549 270 2606 bona
294 2559 413 2607 naturae
435 2567 602 2625 corporeae.
649 2550 818 2627 Originatur
840 2563 937 2611 autem
961 2555 1015 2614 iste
1037 2573 1117 2613 error

61 2645 226 2723 superbiae,
241 2647 314 2705 sicut
328 2657 357 2705 et
371 2647 469 2716 ceteri,
485 2665 522 2705 ex
537 2665 633 2706 errore
648 2649 809 2708 intellectus
824 2660 853 2709 et
868 2651 943 2722 fidei,
958 2669 1019 2728 quo
1038 2652 1116 2712 credi

63 2743 161 2815 debet,
175 2744 257 2821 quod
276 2745 377 2802 omnia
394 2745 448 2803 ista
467 2746 547 2803 bona
567 2756 633 2804 sunt
647 2765 665 2804 a
679 2746 753 2818 Deo,
768 2759 800 2806 ut
819 2748 949 2808 dotatus³
963 2750 1025 2810 istis
1039 2751 1116 2810 ordi·

62 2853 132 2901 nate
146 2843 238 2918 prosit
249 2842 395 2901 ecclesiae.
437 2842 511 2901 Ideo
523 2844 624 2903 docet⁴
635 2845 793 2920 apostolus,
805 2847 886 2921 quod
897 2848 972 2907 sicut
985 2850 1118 2908 membra

62 2939 201 3000 humani³
232 2940 365 3015 corporis
395 2951 517 3016 prosunt
548 2943 601 3000 toti
633 2943 748 3018 corpori
780 2944 818 3001 ad
846 2945 1026 3021 implendum
1054 2949 1117 3024 ejus

62 3039 250 3115 operationes
268 3037 352 3096 utiles
369 3048 509 3114 quantum
529 3039 682 3110 sufficiunt,
697 3041 739 3099 sic
758 3040 903 3117 quaelibet
923 3062 1049 3119 persona
1062 3045 1117 3102 mi-

62 3135 171 3196 litantis
184 3136 323 3195 ecclesiae
338 3135 423 3194 debet
438 3138 500 3194 sine
513 3138 750 3213 praesumptione
764 3138 809 3197 vel
823 3140 913 3198 nimia
930 3142 1117 3217 replicatione

64 3243 148 3294 actus
159 3233 258 3292 reflexi
273 3251 361 3310 supra
374 3251 406 3292 se
420 3234 516 3309 ipsum
522 3234 541 3304 ⁰,
553 3245 693 3311 quantum
705 3235 808 3293 sufficit
819 3236 863 3295 vel
877 3236 965 3295 habet
979 3257 1017 3296 ex
1032 3238 1117 3298 donis

64 3332 132 3403 Dei,
154 3330 295 3408 prodesse
317 3330 473 3403 ecclesiae;
506 3342 576 3390 tunc
603 3333 682 3390 enim
709 3332 805 3390 debite
830 3335 915 3392 servit
936 3332 1002 3392 Deo
1027 3345 1056 3393 et
1080 3353 1116 3392 ex

65 3429 204 3490 omnibus
218 3430 326 3488 viribus
340 3438 419 3488 amat
432 3430 537 3505 ipsum,
552 3430 598 3488 eui
613 3440 755 3506 repugnat
768 3429 849 3505 quod
863 3430 955 3488 amet⁷
969 3433 1117 3508 propriam

64 3526 276 3596 excellentiam,
291 3527 347 3587 nisi
362 3526 399 3586 de
414 3538 524 3603 quanto
544 3527 674 3585 sonuerit
692 3528 722 3584 in
744 3526 886 3585 honorem
901 3527 958 3587 Dei
971 3538 1000 3587 et
1013 3529 1117 3587 utilita-

65 3635 128 3685 tem
156 3624 303 3685 ecclesiae.
358 3623 396 3683 Et
423 3635 504 3702 patet
530 3622 681 3701 quomodo
710 3624 845 3699 superbia
872 3626 1013 3702 extinguit
1039 3629 1119 3687 bona

65 3723 185 3801 gratiae,
199 3722 288 3781 inficit
309 3724 389 3782 bona
409 3733 529 3782 naturae
550 3725 581 3781 in
603 3722 707 3793 anima,
722 3732 751 3781 et
765 3724 887 3781 omnino
908 3724 1030 3800 impedit
1050 3743 1118 3801 pro-

63 3820 175 3881 fectum
199 3821 385 3896 spiritualem,
411 3822 441 3880 in
465 3839 525 3897 quo
550 3822 642 3880 viator
670 3819 835 3892 cresceret⁸,
859 3839 929 3880 nam
954 3832 1014 3880 tam
1039 3824 1119 3881 bona

99 4008 108 4038 ¹
125 4021 153 4057 se
163 4008 231 4072 ipsos
242 4006 305 4057 alios
330 4023 356 4058 se
368 4008 443 4073 ipsos,
456 4006 534 4064 Λ.Β.;
552 4008 622 4063 alios,
635 4008 673 4057 ed.
685 4024 722 4073 pr.
796 4008 806 4038 ²
822 4008 854 4058 nd
866 4009 1008 4074 intra—pro
1070 4009 1118 4058 itur

64 4073 216 4123 etconsistit
227 4074 308 4138 primo
333 4089 383 4123 om.
394 4074 433 4122 ed.
444 4090 482 4137 pr.
548 4072 807 4137 ³dotatus]dedatis,
815 4075 942 4138 Doipr.
1032 4074 1118 4137 dooet]

65 4139 135 4194 dicit,
146 4138 185 4187 ed.
197 4153 235 4202 pr.
349 4139 359 4168 ³
376 4139 488 4202 humani]
501 4138 615 4194 humana,
628 4139 665 4189 cd.
678 4155 715 4203 pr.
841 4140 851 4168 ⁶
867 4156 894 4188 se
904 4139 997 4203 ipsum]
1009 4154 1043 4194 se,
1056 4139 1118 4187 A.B.

66 4203 189 4254 secundae
198 4219 294 4259 manns.
307 4204 336 4255 C.
403 4204 413 4234 ⁷
429 4203 508 4268 amet]
520 4212 595 4260 amat,
607 4205 645 4253 ed.
659 4220 695 4268 pr.
761 4206 770 4233 ⁸
787 4205 917 4269 cresceret]
929 4204 1023 4254 crescit.
1037 4205 1069 4254 D.

567 4305 621 4346 ua

1196 435 1256 518 163
