2864 4836
487 419 742 498 Jornrvrs
784 419 996 482 vrcrrn
1182 444 1272 480 ntur

224 582 262 640 de
275 582 463 640 excusatione
477 580 606 640 clamosa
620 581 772 639 hominurn
787 599 847 657 quo
861 581 900 640 ad
919 593 1043 658 tempus,
1058 593 1179 658 oportet
1199 582 1272 658 quod

224 679 345 738 finaliter
356 680 394 738 ad
406 679 534 755 regulam
547 679 721 756 judicentur.
764 679 822 739 Sed
837 698 928 739 unum
942 682 1029 741 breve
1044 680 1180 752 dubium,
1192 698 1271 757 super

223 794 283 853 quo
296 795 400 853 pamm
421 781 552 847 mussito,
566 777 655 854 τοιζοι
671 777 791 852 detegas
812 777 882 836 mihi
903 778 995 838 clare:
1024 789 1141 838 constat
1159 780 1271 857 quidem

224 875 385 934 secundum
409 875 610 952 philosophos,
631 875 712 951 quod
734 876 850 934 virtutes
873 886 902 935 et
925 877 993 934 vitia
1015 877 1164 936 contrarie
1185 893 1273 953 oppo-

223 983 346 1045 nuntur;
368 973 511 1049 numquid
522 991 593 1050 ergo
607 973 668 1032 istis
682 972 789 1032 tribus¹
800 975 950 1032 virtutibus
960 973 1136 1050 theologicis
1150 986 1196 1035 est
1209 976 1272 1035 dure

223 1081 344 1147 peccata
354 1072 506 1142 contraria,
518 1089 601 1148 quae,
612 1081 644 1129 ut
654 1071 772 1130 virtutes
781 1081 849 1131 sunt
862 1071 1095 1148 prosequendae,
1106 1072 1167 1133 sint
1176 1071 1274 1133 etiam⁸

223 1169 476 1245 proportionaliter
490 1168 680 1229 detestanda?

264 1265 426 1324 Phrenesis.
469 1265 593 1326 Videtur
613 1267 694 1338 mihi,
709 1265 789 1344 quod
810 1277 964 1344 peccatum
986 1265 1097 1327 dictum
1119 1267 1273 1329 formaliter

222 1382 285 1423 non
299 1365 336 1424 sit
345 1365 439 1423 virtuti
454 1367 639 1435 eontrarium,
650 1366 720 1441 qnia
729 1375 798 1424 tunc
813 1364 888 1424 foret
901 1375 1031 1424 creatura
1040 1375 1071 1424 et
1083 1383 1133 1426 res
1143 1368 1273 1443 positiva,

223 1463 295 1522 sicut
309 1472 375 1521 sunt
389 1480 494 1522 omnes
504 1463 629 1534 habitus,
644 1464 693 1539 qui
708 1464 782 1523 sicut
793 1474 860 1522 sunt
870 1463 1023 1540 qualitates
1033 1463 1075 1523 sic
1089 1475 1161 1524 sunt
1174 1483 1273 1524 neces·

223 1560 298 1618 sario
314 1569 470 1631 creaturae,
481 1569 511 1618 et
525 1561 565 1618 ita
579 1577 641 1618 non
656 1559 730 1619 foret
743 1573 906 1637 peccatum,
918 1561 973 1619 nisi
985 1560 1069 1619 fuerit
1083 1561 1180 1621 aDeo
1194 1563 1273 1622 bono

222 1669 350 1717 creatum
364 1664 395 1716 et
414 1657 594 1717 aeternaliter
612 1658 788 1728 ordinatum,
803 1658 885 1734 quod
903 1668 948 1717 est
966 1668 1069 1717 contra
1083 1659 1174 1718 fidem
1188 1679 1273 1720 evan·

221 1755 289 1832 gelli
303 1755 445 1834 Johannis
465 1757 577 1832 primo:
600 1756 687 1815 ‘Sine
706 1758 771 1832 ipso
791 1755 962 1815 factumest
981 1755 1068 1815 nihil!
1110 1757 1150 1817 Et
1163 1759 1274 1819 videtur

221 1854 292 1912 mihi
314 1854 441 1924 ulterius,
463 1855 543 1930 quod
565 1864 719 1930 peccatum
743 1854 853 1913 dictum
875 1853 1033 1913 formaliter
1053 1872 1115 1913 non
1138 1857 1273 1933 privative

220 1953 315 2010 virtuti
330 1953 496 2029 opponitur,
507 1953 639 2028 quamvis
651 1952 755 2011 inferat
768 1952 933 2011 necessario
947 1953 1141 2027 privationem
1155 1956 1272 2030 gratiae.

221 2050 259 2108 Et
272 2051 345 2109 ratio
360 2061 405 2109 est
418 2051 496 2121 ista⁴‚
509 2052 577 2127 quia
589 2052 699 2127 justum
714 2060 757 2110 est
772 2061 800 2109 et
811 2050 959 2109 decretum
973 2049 1077 2121 aDeo,
1088 2053 1172 2127 quod
1182 2051 1272 2111 horno

221 2150 345 2224 privetur
365 2148 437 2207 Dei¹
451 2150 544 2225 gratia
563 2167 618 2225 pro
639 2159 770 2224 peccato,
786 2147 838 2206 sed
858 2149 969 2207 nullum
989 2159 1145 2225 peccatum
1164 2149 1272 2209 dictum

221 2246 378 2304 formaliter
391 2256 435 2304 est
447 2247 557 2322 justum
571 2256 621 2305 aut
635 2246 782 2305 decretum
797 2245 902 2317 aDeo,
913 2246 981 2305 ideo
995 2247 1108 2305 nullum
1118 2258 1272 2323 peccatum

221 2345 329 2404 dictum
348 2343 506 2404 formaliter
524 2355 621 2421 potest
640 2345 697 2404 dici
715 2345 846 2421 privatio
862 2344 943 2404 licet¹
961 2345 1153 2421 privationem
1172 2363 1273 2423 proce·

222 2442 355 2502 dentem¹
368 2461 404 2502 ex
418 2442 475 2501 Dei
488 2443 597 2520 judicio
617 2441 790 2502 antecedat⁸.
832 2441 920 2501 Unde
935 2442 1091 2502 scrutando
1111 2445 1272 2520 categorias

222 2541 378 2601 Artitotclis
389 2559 451 2600 non
465 2542 582 2600 invenio
593 2540 673 2617 quod
684 2552 845 2618 peccatum,
858 2541 895 2600 de
909 2558 969 2616 quo
985 2541 1126 2616 scriptura
1135 2541 1271 2618 loquitur,

221 2639 327 2698 directe
343 2640 373 2698 in
388 2640 487 2717 aliquo
507 2641 609 2699 decem
630 2659 771 2717 generum
791 2641 961 2700 continetur.
1003 2638 1091 2698 Unde
1110 2643 1272 2701 secundum

222 2736 413 2813 Augustam
428 2755 488 2796 non
503 2738 590 2796 habet
605 2757 724 2797 causam
739 2738 911 2798 efficientem
926 2738 978 2797 sed
993 2737 1188 2810 deficientem,
1203 2740 1270 2815 quia

223 2854 290 2894 cum
304 2834 376 2894 fides
389 2837 531 2914 evangelii
545 2837 628 2896 dicit¹
639 2837 719 2914 quod
733 2838 830 2896 omnis
844 2838 945 2907 hom0,
960 2838 1010 2914 qui
1025 2837 1091 2896 facit
1106 2850 1270 2913 peccatum,

222 2950 320 2991 servus
333 2943 376 2991 est
397 2935 517 3010 peccati,
533 2946 561 2994 et
582 2936 732 3012 apostolus
754 2936 886 2994 meminit
904 2935 941 2994 de
961 2935 1042 3012 ‘lege
1063 2934 1228 3012 peccati¹⁰,’
1243 2947 1270 2996 et

222 3033 263 3092 sic
278 3032 314 3091 de
328 3032 391 3091 aliis
405 3033 534 3109 positivis
549 3034 834 3093 denominationibus
848 3051 921 3109 quas
942 3043 1058 3110 oportet
1077 3037 1220 3112 consequi
1234 3034 1271 3094 ad

221 3139 383 3206 peccatum.
434 3130 507 3190 ldeo
535 3141 648 3190 servata
676 3132 914 3208 aequivocatione
946 3141 1060 3207 oportet
1092 3131 1271 3192 descendere

221 3228 382 3287 secundum
403 3246 505 3287 sensus
526 3230 711 3305 aequivocos,
732 3228 864 3288 notando
888 3229 992 3305 primo,
1012 3229 1095 3305 quod
1116 3240 1270 3307 peccatum

220 3344 299 3386 nune
320 3325 458 3402 accipitur
478 3326 635 3386 formaliter
655 3344 710 3404 pro
731 3326 854 3397 defectu,
875 3336 905 3385 et
925 3326 972 3385 ille
993 3326 1123 3387 defectus
1145 3337 1271 3387 nonest

220 3423 340 3499 privatio
359 3424 413 3483 sed
431 3425 525 3500 ipsam
543 3424 731 3500 praecedens,
745 3442 801 3484 nec
820 3435 864 3483 est
878 3425 976 3483 vitium
995 3425 1048 3484 sed
1066 3425 1164 3503 ipsum
1183 3427 1269 3502 origi·

221 3539 303 3580 nans.
347 3520 406 3581 Sed
425 3532 539 3597 praeter
560 3532 713 3598 peccatum
735 3522 844 3582 dictum
865 3521 1032 3595 formaliter,
1046 3523 1128 3599 quod
1149 3542 1205 3583 nec
1225 3535 1270 3583 est

220 3617 306 3694 culpa
320 3637 376 3677 nec
389 3619 519 3690 reatus¹¹,
535 3630 688 3696 peccatum
703 3620 860 3697 aliquando
874 3620 1013 3696 accipitur
1031 3637 1086 3697 pro
1105 3621 1203 3680 hostia
1216 3639 1269 3698 pro

221 3725 351 3791 peccato,
380 3725 409 3774 et
436 3717 491 3775 isto
518 3717 611 3776 modo
638 3716 771 3776 Christus
805 3717 908 3777 dicitur
935 3729 1097 3794 peccatum,
1125 3729 1159 3778 ut
1190 3730 1270 3796 patet

221 3869 365 3990 vensrogo}³
366 3885 427 3986 ppgo
440 3871 513 3934 qnod,
508 3870 669 4000 ,Aeffi]m.
681 3886 733 3983 pr.v
809 3871 938 3986 A'Btrgbus
963 3871 1211 3988 histnbus.epl.pp;
1230 3874 1268 3923 his

221 4000 314 4051 ΑΒΕ.
414 4001 561 4065 ¹Dei]orn.
575 4001 607 4050 D
644 3952 873 4066 ec⁰n⁸lllglhed
886 3939 1268 4117 B.prilrlleemanns,11)sell.⁰{

220 4064 431 4130 procedentem]
420 4066 638 4130 ]raeoedentem
650 4066 678 4116 Β.
691 4067 729 4116 ed.
741 4082 778 4130 pr
913 4068 1079 4144 ¹antecedat]
1091 4069 1222 4124 antecedit,

220 4131 258 4178 ed.
277 4146 326 4194 p.r;
352 4140 394 4180 ant
455 4131 549 4188 erit,.B
712 4132 811 4196 ¹dicit]
830 4132 897 4187 dicit.
917 4132 974 4196 Joh.
992 4134 1040 4182 viii.
1060 4133 1153 4185 ΑΒΕ.
1173 4134 1212 4184 ed.
1232 4150 1268 4198 pr

221 4197 239 4225 ¹⁰
256 4196 328 4245 Rom.
340 4197 382 4245 vii.
396 4211 433 4259 ²3·
532 4198 548 4228 ¹¹
566 4213 611 4247 nec
622 4197 715 4262 reatus]
728 4212 773 4247 nec
785 4205 822 4247 est
834 4207 921 4254 reatus
934 4198 1028 4249 ΑΒΕ
