2864 4836
137 455 232 500 cana¹
495 432 840 494 TRIALOGUS.
1270 430 1335 515 383

138 592 261 654 credant
274 596 361 654 nimis
376 595 494 654 faciliter
507 595 589 653 omni
603 595 746 672 spiritui¹;
768 596 821 655 sed
835 595 943 654 debent
956 596 1123 654 examinare
1136 611 1189 654 eos
1222 600 1381 636 &defluendi-

1223 641 1303 675 eutium
1322 642 1368 675 rimo

137 691 168 752 si
195 710 232 751 ex
256 691 323 752 Deo
348 703 424 764 sunt,
448 692 529 769 quod
553 702 598 751 est
621 693 742 753 seculari
767 695 836 754 satis
861 693 952 765 facile,
978 712 1045 752 cum
1070 693 1189 752 faciliter
1223 651 1355 761 {ln‘l'h'ffidh

138 791 233 869 possit
253 808 271 849 a
291 791 376 850 fratre
398 809 535 868 quaerere
556 808 593 848 ex
614 792 781 851 testimonio
802 793 889 851 totius
911 802 1007 851 sectae
1029 809 1098 850 suae
1121 809 1188 850 curn
1224 764 1316 798 Imm

138 887 236 966 sigillo
257 906 312 948 suo
333 890 491 960 communi,
506 888 577 965 quid
596 889 632 947 sit
650 889 745 948 hostia
764 900 944 950 consecrata.
985 889 1022 948 In
1042 907 1102 966 quo
1122 907 1189 948 curn

138 984 229 1047 frater
249 989 439 1047 necessitatur
459 986 582 1055 mentiri,
602 996 682 1062 patet
702 988 784 1064 quod
804 988 941 1047 secularis
962 987 1098 1047 dominus
1119 1005 1190 1046 con-

138 1084 261 1147 vincens
276 1085 369 1145 fratris
383 1085 569 1146 mendacium
584 1087 615 1146 in
632 1087 753 1144 materia
767 1085 834 1144 fidei
853 1086 939 1144 debet
954 1086 1076 1144 omnino
1095 1086 1191 1161 ipsum

138 1182 280 1259 repellere
298 1192 332 1241 ut
350 1193 526 1259 suspectum.
573 1184 652 1243 Nam
671 1185 701 1242 in
720 1201 774 1243 suo
793 1184 921 1260 generali
945 1183 1070 1242 concilio
1093 1183 1192 1242 decre·

138 1291 252 1352 verunt,
277 1282 351 1341 sicut
375 1291 404 1341 ct
428 1282 563 1342 doctores
588 1283 632 1342 sui
656 1301 674 1341 a
698 1292 829 1358 tempore
853 1300 914 1359 quo
939 1280 1193 1342 Christianismum

137 1379 375 1452 mbintroieruut,
390 1380 472 1457 quod
485 1381 539 1441 ista
552 1380 664 1440 hostia²
678 1381 715 1440 sit
733 1381 869 1440 accidens
891 1380 955 1440 sine
974 1380 1121 1457 subjecta³
1140 1379 1193 1438 sibi

138 1478 301 1538 substantia
315 1467 390 1538 siue⁴
403 1478 482 1549 nihil,
498 1480 617 1555 quodsi
638 1479 715 1539 istud
733 1488 914 1550 consecrant,
930 1480 1031 1539 dicunt
1052 1477 1194 1537 dominis⁶

139 1593 226 1637 suam
240 1575 384 1636 haeresim
398 1576 560 1648 manifeste,
575 1595 644 1636 cum
657 1595 719 1636 non
733 1577 828 1635 solum
844 1577 952 1636 debent
974 1578 1069 1636 dicere
1089 1594 1193 1636 conse·

139 1684 273 1751 quanter,
285 1674 367 1750 quod
377 1675 432 1733 ista
442 1675 539 1733 hostia
548 1693 609 1733 non
624 1676 716 1751 possit
727 1693 792 1734 esse
806 1676 890 1751 panis
901 1677 945 1734 vel
960 1693 1067 1752 corpus
1078 1674 1193 1733 Christi.

140 1771 204 1832 sed
226 1782 259 1832 ut
282 1781 360 1832 certe
385 1774 447 1832 scio
472 1791 577 1831 omnes
602 1772 704 1831 fratres
726 1773 828 1831 mundi
853 1791 914 1830 non
940 1782 1067 1850 possunt
1088 1771 1193 1830 docere

139 1870 279 1947 aliquem,
294 1889 349 1931 nec
363 1889 395 1930 se
410 1873 498 1948 ipsos,
513 1870 583 1947 quid
597 1871 633 1930 sit
647 1871 717 1930 illud
732 1872 869 1931 accidens
885 1872 946 1930 sine
962 1871 1102 1947 subjecto,
1113 1870 1194 1946 quod

139 1970 186 2029 sic
200 1979 374 2029 consecrant
387 1980 417 2029 et
431 1970 562 2029 adorant.

185 2064 383 2127 Considerent
404 2086 474 2145 ergo
489 2068 520 2127 hi
535 2067 647 2127 domini
661 2066 729 2127 illud
743 2067 855 2144 psalmi,
871 2068 920 2126 ubi
935 2066 1057 2144 Spiritus
1072 2066 1195 2126 Sanctus

127 2164 246 2226 -diffinit
259 2185 311 2242 per
321 2176 454 2224 sanctum
465 2164 569 2235 David,
584 2166 665 2242 quod
678 2165 707 2223 hi
722 2165 894 2224 habitabunt
907 2177 1048 2242 tauquam
1063 2166 1195 2224 membra

139 2264 174 2322 in
188 2263 374 2323 tabernaculo
389 2263 529 2323 ecclesiae
543 2264 706 2322 militantis⁶
721 2274 750 2323 et
760 2265 944 2340 requiescent
959 2264 1149 2340 postmodum
1163 2265 1194 2321 in

139 2372 243 2421 monte
263 2362 402 2421 ecclesiae
424 2360 649 2438 triumphantis⁷‚
670 2362 824 2438 inquibus
846 2363 1029 2421 conditiones
1049 2364 1121 2421 istae
1142 2380 1194 2438 per

138 2461 276 2521 ordinem
287 2472 356 2520 sunt
366 2461 546 2537 completae:
568 2461 663 2537 primo
675 2460 756 2537 quod
768 2466 775 2490 ‘
786 2461 985 2535 ingrediantur
995 2459 1057 2519 sine
1070 2459 1192 2519 macula’

141 2559 175 2618 in
189 2568 265 2618 statu
279 2559 376 2618 debite
390 2557 555 2630 militandi⁸,
570 2576 661 2635 aquo
676 2567 786 2633 puncto
800 2558 900 2617 fratres
918 2568 947 2616 et
961 2557 1073 2616 cuncti⁹
1089 2557 1192 2634 Symo·

141 2657 220 2716 niaci
233 2667 363 2732 patenter
377 2656 515 2716 deficiunt
523 2676 531 2729 ;
552 2655 684 2716 secundo
704 2655 784 2733 quod
797 2656 898 2727 viator,
913 2666 1071 2732 postquam
1089 2666 1195 2715 statum

139 2752 224 2812 illum
241 2754 395 2825 intraverit,
410 2753 526 2813 assidue
541 2759 694 2830 ‘operetur
704 2753 845 2831 justitiam
853 2753 870 2826 ;’
896 2762 926 2811 et
939 2753 1012 2812 inter
1026 2753 1097 2813 alias
1113 2753 1195 2830 justi-

141 2852 199 2911 tias
211 2849 363 2910 hominem
375 2851 474 2927 juvare
488 2852 655 2928 proximum
666 2869 752 2910 suum
767 2851 905 2928 spirituali
917 2852 1066 2928 juvamine
1080 2861 1124 2911 est
1138 2870 1196 2911 una

141 2949 308 3027 praecipua,
319 2966 388 3008 cum
402 2950 438 3007 sit
452 2949 597 3025 singulare
611 2967 687 3026 opus
701 2950 926 3021 misericordiae,
941 2949 979 3008 ad
993 2950 1075 3026 quod
1089 2968 1196 3008 omnes

142 3046 278 3106 homines
292 3047 458 3124 obligantur
466 3066 473 3119 ;
495 3048 581 3106 tertio
595 3047 677 3123 quod
690 3047 726 3106 sit
739 3065 826 3106 verax
832 3047 853 3080 ¹⁰
868 3065 929 3105 non
949 3047 1027 3105 nude
1046 3048 1077 3104 in
1093 3047 1195 3116 verbis,

143 3145 197 3205 sed
211 3145 320 3216 enimc,
335 3145 500 3222 eujusmodi
513 3155 558 3204 est
573 3145 664 3204 viator
679 3145 746 3221 ‘qui
760 3144 886 3221 loquitur
899 3145 1049 3202 veritatem
1063 3144 1093 3200 in
1108 3145 1196 3202 corde

142 3240 226 3313 suo;'
254 3252 284 3301 et
304 3252 416 3318 quartu,
435 3243 517 3319 quod
536 3261 598 3301 non
614 3239 737 3318 ‘lingua'
757 3242 826 3301 vel¹¹
848 3241 974 3300 sensibili
994 3240 1141 3317 colloquio
1161 3242 1197 3299 sit

143 3340 285 3399 ‘dolosus
293 3340 310 3412 ;’
340 3341 442 3416 quinto
461 3340 542 3417 quod
561 3346 640 3399 ‘non
655 3341 804 3416 injurietur
816 3337 973 3417 proximo‚'
988 3339 1032 3397 vel
1047 3340 1198 3415 corporale

144 3438 307 3497 subsidium
325 3438 371 3496 vel
389 3439 543 3514 spirituale,
558 3438 639 3515 quod
656 3439 751 3513 magis
764 3448 809 3496 est
828 3438 967 3519 debitum,
982 3436 1179 3496 subtrahendo
1188 3456 1196 3508 ;

146 3547 230 3597 sexto
251 3537 301 3612 qui
322 3554 385 3594 non
405 3547 538 3612 acceptat
558 3546 587 3594 et
606 3553 666 3593 non
688 3536 779 3595 credit
798 3535 992 3612 obpropriosa
1012 3537 1099 3594 verba
1120 3536 1199 3594 dicta

144 3636 183 3694 de
204 3635 276 3706 aliis,
296 3635 460 3711 cujusmodi
483 3634 633 3710 potissime
654 3642 723 3692 sunt
743 3634 871 3705 crimina,
891 3633 966 3692 ille¹²
985 3651 1047 3692 non
1068 3634 1199 3710 accipit¹³

180 3765 190 3794 ¹
207 3763 247 3815 Cf.
261 3778 272 3813 ι
286 3763 343 3830 Joh.
355 3765 388 3813 iv.
402 3776 424 3812 r.
473 3763 483 3792 ¹
499 3763 592 3829 hostia]
602 3771 752 3821 consecrata,
760 3764 805 3814 ins.
814 3764 853 3814 ed.
862 3780 899 3829 pr.
948 3762 959 3792 ¹
975 3763 1096 3827 subjecta]
1106 3761 1197 3825 subjec-

145 3837 206 3886 tata,
219 3830 264 3886 (λς
283 3831 415 3886 substrata,
427 3829 461 3877 D.
473 3830 511 3879 cd.
524 3845 561 3894 pr.
638 3828 647 3858 ‘
664 3829 726 3894 sive]
738 3830 798 3886 sine,
810 3830 848 3879 cd.
861 3846 898 3894 pr.
979 3829 989 3859 ⁸
1006 3828 1135 3892 Dominis]
1145 3827 1197 3876 Do·

144 3895 222 3951 mino,
233 3895 272 3945 ed.
285 3911 322 3960 pr.
412 3895 423 3924 ⁴
440 3894 599 3944 tabernaculo
609 3895 726 3945 ecclesiae
738 3895 875 3957 militantis]
887 3894 918 3944 cf.
931 3896 970 3944 Ps.
982 3911 1022 3943 xv.
1034 3895 1106 3957 (xiv.)
1122 3906 1132 3940 1
1147 3908 1197 3956 seq.

142 3959 153 3990 ⁷
172 3961 198 4009 in
209 3967 294 4010 monte
302 3959 614 4024 ecclesiaetriumphantis]
626 3958 978 4025 inecclesiatriumphante‚in
986 3967 1072 4008 monte
1080 3958 1199 4008 ecclesiae

143 4025 327 4102 triumphantis,
344 4026 453 4083 A.B.C.;
477 4024 502 4075 in
519 4025 624 4102 ecclesia
637 4026 819 4102 triumphantis.
838 4026 863 4074 in
878 4033 963 4075 monte
977 4025 1095 4100 ecclesiae
1114 4023 1200 4073 trium-

143 4091 252 4156 phantis,
269 4090 309 4139 ed.
326 4106 363 4156 pr.
548 4091 708 4154 ⁸militandi]
726 4090 891 4147 militandum,
908 4092 984 4147 B.C.;
1011 4089 1148 4145 mdrtando‚
1166 4089 1198 4136 A.

142 4156 265 4221 ”cuneffl
279 4172 373 4214 omues,
385 4156 418 4206 A.
508 4156 527 4186 ¹⁰
543 4155 795 4221 verax]inseverax‚
807 4156 837 4206 C.
848 4155 887 4204 ed.
899 4172 936 4221 pr.
1047 4157 1064 4186 ¹¹
1080 4153 1132 4219 vel]
1145 4155 1199 4210 sub,

145 4221 238 4272 ΑΒΕ.
249 4221 288 4271 ed.
301 4237 338 4286 pr.
417 4220 436 4252 ¹¹
452 4220 505 4286 ille]
517 4221 552 4271 ibi
564 4220 609 4279 illi,
618 4223 656 4271 ed.
668 4237 705 4285 pr.
782 4221 800 4252 ¹⁸
816 4221 920 4286 accipit]
932 4220 1064 4286 accipiunt,
1076 4219 1116 4270 ed.
1128 4234 1165 4286 pr.
