2864 4836
118 407 181 494 3⁶8
528 401 784 483 solurius
824 402 1058 465 errem
1249 426 1317 464 m

72 587 228 662 meggffio
262 577 403 645 perpetuo
417 576 484 625 sunt
498 565 613 624 affidati
658 562 780 635 Quietus
796 562 902 622 dutus
921 574 980 636 est,
995 566 1091 642 quod
1111 566 1217 627 fratrea
1234 564 1318 625 merli·

72 628 220 752 Q&
261 677 349 725 untur
368 683 400 725 se
420 683 486 724 esse
500 663 617 723 Christo
631 662 792 722 simillimos
811 663 842 721 in
863 664 1014 739 pauperie
1033 675 1068 724 et
1090 678 1316 743 quommcunrp

261 765 465 841 temporalium
483 761 680 841 possessione,
695 771 724 820 et
742 761 784 820 sic
797 761 827 818 in
842 760 989 820 domibus
1002 763 1160 825 reditibus
1176 774 1206 823 et
1217 764 1317 840 qmbu-

262 880 378 939 cunque
388 861 596 938 temporalibus
610 877 686 936 quae
700 858 770 936 ipsis
783 856 929 917 attinent¹.
977 857 1045 919 Sed
1058 872 1183 921 ceruam
1196 871 1240 921 est
1250 856 1315 939 quui

262 961 293 1018 in
303 959 361 1018 hoc
372 958 556 1018 committimt
569 957 599 1015 in
610 956 759 1016 Christum
769 954 980 1032 blasphemum
991 959 1215 1033 mendacium
1234 957 1317 1018 curu

262 1070 308 1117 tus
330 1058 409 1117 enim
431 1073 581 1132 nunquam
602 1054 761 1114 aedificavit
781 1052 952 1113 humanitus
973 1054 1092 1114 talem⁸
1110 1057 1317 1127 mansumiuu

262 1155 433 1231 repugnavit
459 1154 547 1212 statui
574 1170 645 1212 suae
669 1152 853 1210 innooentiae
876 1151 961 1227 quod
990 1152 1093 1214 libros
1118 1155 1274 1232 pecuniam
1294 1163 1318 1212 et

144 1280 155 1305 .
260 1253 328 1311 talia
341 1252 462 1310 visibilia
480 1250 552 1310 sibi⁸
565 1249 732 1310 cumularet
775 1247 881 1310 Sextus
893 1248 1005 1308 abieras
1019 1251 1155 1312 fratrum
1169 1264 1216 1313 eat
1229 1251 1318 1329 Sym

197 1370 204 1378 ·
262 1351 346 1408 niaca
359 1348 493 1407 collectio
507 1347 711 1425 temporalium
728 1366 781 1424 per
793 1346 921 1407 officium
940 1347 987 1407 sic
1008 1349 1203 1410 simulatorie
1219 1348 1318 1427 pnec-

262 1446 356 1506 candi.
399 1446 532 1505 Christus
552 1446 632 1504 enim
653 1445 752 1505 docuit
771 1462 842 1504 suos
859 1443 1023 1520 discipulos
1041 1444 1199 1508 Matthaei
1212 1467 1248 1520 n,
1260 1464 1317 1507 cum

261 1546 350 1621 gratis
364 1552 537 1619 acceperant
550 1542 646 1602 aDeo
657 1542 808 1603 scientiam
821 1541 1043 1618 evangelisandi
1056 1556 1156 1622 atque
1169 1545 1317 1623 potentim

263 1641 401 1701 miracula
415 1627 549 1711 faciendi,
559 1640 641 1718 quod
655 1640 744 1716 gratis
758 1639 860 1699 darent
879 1639 944 1715 ipsa
963 1643 1142 1716 egentibus,
1158 1645 1235 1703 sicin
1247 1642 1318 1701 Deus

263 1751 292 1801 et
311 1741 383 1800 boni
404 1739 499 1816 angeli
520 1738 591 1798 dant
611 1738 773 1814 gratissime
793 1754 847 1795 sua
866 1736 954 1795 dona.
997 1736 1040 1797 Et
1061 1740 1110 1799 sic
1134 1742 1213 1800 istae
1233 1753 1318 1802 secus

262 1839 380 1898 fratrum
395 1847 462 1898 sunt
475 1836 668 1914 multipliciter
682 1837 713 1894 in
726 1835 838 1894 haeresi
853 1833 1034 1912 Symoniaca
1049 1837 1217 1899 involutae.

665 2304 761 2365 CAP.
783 2302 908 2363 XXXV.

496 2461 681 2538 Persequitur
693 2462 950 2539 ulleremsrotrum
963 2459 1078 2518 abusus.

302 2617 424 2678 Alelleie.
466 2618 563 2695 Rogo,
586 2619 672 2677 frater
693 2613 873 2688 Phronesis⁴,
896 2612 1089 2693 persequere⁶
1114 2617 1154 2676 de
1180 2618 1246 2678 aliis
1268 2635 1315 2677 ser

263 2715 380 2773 fratrum
396 2718 543 2787 abusibus,
559 2718 631 2775 sicut
646 2718 778 2792 superius
788 2713 968 2792 promisisti⁸,
980 2714 1050 2789 quia
1063 2731 1128 2773 non
1143 2715 1236 2774 claret
1250 2716 1316 2774 mihi

263 2813 413 2888 quomodo
436 2826 547 2873 reatum
569 2814 690 2872 istorum
712 2814 856 2872 abusuum
878 2821 999 2888 possent
1012 2811 1148 2882 evadere,
1164 2814 1223 2872 nisi
1245 2813 1315 2872 forte

264 2911 381 2969 redeant
396 2912 433 2970 ad
447 2911 542 2988 legem
557 2912 676 2970 liberam
690 2910 760 2988 Jesu
775 2910 889 2980 Christi,
904 2911 973 2986 quia
987 2909 1088 2985 regula
1107 2927 1214 2969 mmm
1229 2924 1314 2988 atque

264 3009 371 3084 religio,
386 3019 417 3068 ut
432 3009 501 3067 mihi
516 3009 637 3078 videtur,
652 3010 808 3067 necessitat
822 3006 945 3066 adhaec
959 3006 1044 3065 mala

303 3107 466 3164 Phrenesis.
508 3105 606 3164 Placet
619 3106 690 3163 mihi
704 3106 784 3181 quod
801 3117 860 3164 tam
879 3105 1018 3162 subtiliter
1036 3104 1173 3181 concipis
1186 3105 1312 3165 radicem

263 3205 386 3262 malitiae
401 3205 505 3263 horum
519 3204 647 3273 fratrum,
659 3203 712 3262 sed
725 3203 852 3280 procede
867 3202 1011 3262 studendo
1025 3202 1146 3261 ulterius
1160 3212 1189 3262 et
1204 3203 1313 3262 videbis

263 3301 492 3361 catenationem⁷
516 3302 631 3371 diaboli,
657 3302 808 3378 quomodo
833 3302 887 3359 sibi
916 3310 982 3359 sunt
1010 3299 1197 3376 multiplicius
1227 3300 1312 3377 ligati.

127 3434 167 3459 mn
208 3465 218 3474 ..
262 3401 382 3458 Petinus
404 3411 500 3458 autem
521 3387 637 3457 eliorum
656 3418 709 3457 sex
728 3399 861 3457 abusuum
882 3408 979 3475 potest
998 3397 1054 3457 dici
1074 3399 1219 3469 oneratio,
1240 3397 1312 3475 qua⁸

73 3477 85 3499 ⁸
132 3493 147 3541 ἶ
166 3476 189 3498 ⁰⁰
207 3475 229 3499 ’Β
261 3509 363 3557 contra
391 3498 538 3558 Christum
566 3507 595 3555 et
622 3514 707 3555 suum
734 3497 900 3573 apostolum
928 3506 995 3554 sunt
1023 3495 1157 3554 fidelibus
1185 3496 1312 3555 onerosi.

262 3596 380 3655 Certum
402 3595 519 3672 quidem
541 3605 584 3653 est
605 3594 686 3671 quod
706 3595 796 3653 multa
816 3594 896 3653 milia
916 3593 1034 3652 fratrum
1049 3592 1184 3669 dispersa
1204 3595 1234 3653 in
1254 3613 1311 3653 una

261 3713 350 3769 parva
376 3694 523 3770 provincia
552 3703 619 3750 sunt
643 3693 682 3750 illi
711 3693 876 3769 provinciae
901 3692 996 3766 magis
1023 3690 1146 3749 subdole
1174 3709 1310 3762 onerosa,

261 3810 349 3869 quam
364 3791 458 3849 forent
473 3791 502 3848 in
518 3808 586 3850 casu
601 3790 679 3848 mille
694 3800 823 3866 raptores
838 3789 888 3865 qui
902 3789 981 3848 illam
999 3789 1182 3864 provinciam
1196 3790 1310 3865 publice

294 3981 302 4010 ¹
319 3978 437 4042 attinent]
450 3984 569 4033 annuunt.
577 3979 609 4027 Α.
617 3978 711 4043 primae
719 3993 814 4033 manus,
828 3977 888 4026 ΒΕ.
901 3976 1022 4026 secundae
1032 3991 1128 4026 manus.
1194 3977 1205 4006 ¹
1221 3978 1307 4044 talen]

261 4045 409 4098 talemed.
439 4060 458 4092 r.
523 4044 608 4107 ’sibi]
622 4043 711 4100 taliter,
724 4043 757 4091 D.
854 4040 1025 4105 ‘phronesin
1038 4057 1088 4091 om.
1100 4042 1134 4091 D.
1200 4043 1307 4107 ‘perse

260 4109 344 4173 quere]
357 4125 407 4158 om.
420 4060 463 4164 Ee
481 4108 555 4162 dicas.
568 4110 605 4158 ed.
618 4124 654 4172 pr.
818 4107 829 4135 ⁶
845 4107 992 4171 promisisti]
1005 4107 1156 4172 prompsisti,
1168 4105 1206 4162 B..
1217 4108 1255 4156 ed.
1269 4124 1306 4173 pr.

261 4175 268 4201 ἵ
286 4174 479 4238 ostemationem]
492 4174 697 4227 cathenationem.
710 4172 765 4222 libri
779 4173 956 4237 manuscripti.
1017 4174 1027 4201 ⁸
1044 4172 1104 4236 qua]
1118 4172 1183 4235 quia.
1196 4173 1288 4221 ΑΜ.

1156 4273 1265 4317 wien?
