2864 4836
97 307 141 317 “’
405 315 748 324 -—--———-
1118 318 1345 329 *nn—..—

88 444 172 488 cara
212 421 700 484 SUPPLEMENTUM
728 425 1021 487 TRIALOGI.
1221 445 1283 511 431

90 594 157 642 sunt
182 584 301 644 ferenda
324 585 422 645 leviter
446 587 502 646 ista
523 587 608 658 mala,
630 605 697 646 curn
719 589 805 647 nimis
827 589 949 647 multum
970 590 1140 666 perturbant

90 682 253 741 ecclesiam.
296 682 377 743 Sicut
400 686 479 743 enim
505 685 657 745 dislocatio
686 686 865 746 discrasiatio
888 687 932 746 vel
957 687 1140 746 mortificatio

89 780 176 838 unius
190 782 314 840 membri
328 781 447 841 humani
462 785 593 860 corporis
607 794 694 844 nocet
707 786 760 844 toti
774 784 901 855 residuo,
916 797 945 844 et
959 788 1011 845 toti
1025 787 1140 863 corpori

89 877 174 936 insert
201 880 345 950 morbum,
375 882 416 939 sic
444 891 488 939 est
516 881 552 939 de
580 883 709 960 partibus
737 885 869 959 corporis
892 884 1040 952 ecclesiae,
1066 901 1140 960 quae

89 973 197 1034 debent
225 977 357 1036 militanti
385 980 525 1038 ecclesiae
554 979 658 1039 cedere
683 980 721 1039 ad
742 981 888 1057 juvamen.
938 982 976 1040 Et
1000 982 1073 1041 haec
1097 991 1142 1041 est

89 1073 162 1132 ratio
190 1092 279 1150 quare
304 1077 457 1137 multitudo
479 1078 622 1150 ordinum,
648 1097 725 1156 quos
748 1079 880 1139 Christus
902 1081 1029 1152 instituit,
1055 1080 1142 1139 debet

88 1174 196 1231 servari
209 1175 240 1231 in
255 1191 309 1233 suo
323 1175 425 1234 ordine
440 1187 468 1234 et
482 1195 626 1235 mensura.

131 1269 191 1329 Sed
211 1282 313 1330 contra
335 1273 426 1332 istud¹
450 1275 632 1334 antichristus
653 1276 754 1353 objicit
775 1276 872 1336 multis
892 1276 997 1336 modis.
1039 1276 1143 1335 Prtino
1250 1307 1273 1330 a

89 1386 143 1446 per
155 1368 221 1439 hoc,
236 1370 316 1446 quod
330 1373 385 1430 ista
399 1373 512 1432 novella
525 1374 625 1449 religio
641 1385 734 1433 servat
748 1386 861 1445 cuncta,
872 1394 947 1451 quae
963 1376 1029 1436 facit
1042 1375 1142 1451 religio
1177 1348 1247 1453 ζῇ,
1270 1350 1317 1454 :J

91 1467 264 1539 Christiana,
275 1478 304 1527 et
316 1488 401 1546 super
412 1470 484 1530 haec
498 1472 588 1530 multa
606 1471 760 1530 laudabilia
775 1473 949 1549 superaddit,
961 1492 1032 1551 ergo
1047 1484 1090 1532 est
1106 1472 1142 1532 de
1210 1470 1234 1494 ¹¹¹¹
1243 1469 1265 1494 ¹¹¹

90 1576 173 1626 tanto
190 1567 352 1643 perfectior.
396 1568 454 1628 Sed
473 1571 497 1628 si
516 1571 571 1628 ista
590 1572 701 1646 argutia
721 1588 782 1628 non
802 1571 950 1647 peccaret'
963 1574 994 1630 in
1013 1572 1142 1644 materia,

91 1665 164 1725 nec³
187 1668 217 1724 in
242 1665 337 1726 forma
361 1664 519 1744 probaret⁴,
545 1668 625 1744 quod
649 1687 702 1727 sua
725 1669 885 1728 adulterina
907 1670 1007 1746 religio
1033 1670 1142 1729 nedum

90 1764 246 1825 excederet
260 1775 367 1826 statum
381 1768 574 1843 apostolicum
589 1766 641 1826 sed
655 1768 742 1825 etiam
754 1766 917 1826 Dominum
931 1767 1032 1845 Jesum
1044 1766 1142 1826 Chris-

90 1870 162 1919 tum.
204 1860 277 1919 Ideo
302 1869 412 1920 certum
434 1872 486 1932 est,
508 1860 588 1938 quod
609 1871 712 1937 peccat
733 1863 762 1919 in
784 1862 911 1932 materia,
933 1880 1001 1921 curn
1022 1863 1143 1920 assumit

91 1957 173 2033 quod
194 1968 288 2017 servat
311 1958 420 2029 omnia,
442 1978 517 2036 quae
542 1970 636 2020 servat
659 1960 825 2019 communis
846 1960 947 2035 religio
969 1958 1141 2018 Christiana.

91 2055 163 2115 Non
177 2057 256 2115 enim
270 2066 364 2116 servat
378 2075 545 2116 mensuram
559 2058 603 2116 vel
618 2058 760 2128 ordinem,
775 2076 863 2135 quem
877 2057 1009 2117 Christus
1022 2059 1143 2117 instituit

90 2153 122 2212 in
143 2171 197 2213 suo
218 2155 320 2214 ordine
341 2156 503 2228 observari;
532 2154 664 2215 Christus
684 2157 763 2215 enim
784 2157 873 2216 voluit
888 2157 1012 2234 gradum
1033 2157 1142 2214 unior-

90 2252 196 2310 mr‘totis
214 2253 320 2312 servari
339 2253 370 2311 iu
390 2253 513 2313 ecclesia
530 2255 679 2325 militante,
699 2273 787 2331 quam
809 2255 972 2314 notabiliter
991 2255 1143 2331 disrumpit

90 2350 146 2410 ista
159 2352 273 2411 novella
287 2352 394 2429 religio.
437 2351 569 2411 Christus
583 2353 669 2411 etiam
680 2353 770 2411 voluit
783 2353 936 2413 ecclesiam
950 2371 1033 2412 suam
1041 2354 1143 2428 paucis

91 2458 120 2508 et
142 2448 252 2509 levibus
276 2449 473 2509 traditionibus
497 2452 628 2523 onerari;
656 2451 774 2526 regulae
798 2461 895 2510 autem
917 2451 988 2510 istae
1012 2451 1143 2509 novellae

90 2558 229 2609 onustant
244 2565 343 2608 servos
357 2547 464 2607 Christi
481 2548 555 2607 ultra
573 2567 663 2625 quam
682 2547 756 2607 foret
775 2548 923 2607 fundabile
942 2549 1062 2608 ratione.
1105 2549 1143 2608 Et

90 2648 132 2707 sic
150 2647 235 2707 tertio
256 2645 328 2705 tollit
346 2646 507 2717 libertatem,
527 2664 602 2722 quae
621 2646 760 2705 multum⁵
774 2646 890 2706 facilitat
909 2647 946 2705 ad
965 2648 1143 2706 voluntatem

90 2745 212 2805 Domini
227 2744 401 2804 faciendam.
444 2742 530 2803 Multi
544 2745 623 2803 enim
636 2763 673 2803 ex
691 2746 750 2805 suis
764 2745 881 2822 privatis
900 2745 1050 2805 ordinibus
1071 2746 1143 2805 obli-

89 2854 162 2921 gant
185 2844 288 2902 virtute
312 2843 397 2901 suae⁶
422 2842 505 2902 fictae
530 2843 713 2903 obedientiae
737 2845 883 2921 quaedam
909 2843 1003 2904 facere
1032 2854 1061 2904 et
1089 2845 1144 2903 alia

90 2941 254 3011 obmittere,
276 2958 351 3017 quae
373 2940 506 3000 Christus
530 2951 559 2999 et
581 2941 653 3001 ratio
675 2943 855 3020 praecipiunt
875 2942 980 3003 debere
1002 2942 1078 3001 fieri'
1100 2943 1144 3002 vel

90 3040 215 3111 obmitti,
229 3049 262 3098 ut
281 3039 346 3116 quis
360 3038 517 3098 claustralis
536 3038 638 3116 saepe⁸
659 3039 814 3116 impeditur
835 3059 853 3098 a
874 3058 928 3099 suo
949 3041 1051 3099 ordine
1065 3042 1143 3100 exire

91 3137 132 3198 ad
159 3137 290 3198 seculum
317 3147 347 3196 et
373 3137 576 3214 delinquentes
610 3139 789 3197 constantius
822 3139 973 3214 increpare
1007 3157 1041 3198 ac
1070 3140 1143 3198 alios

91 3235 212 3296 fideliter
232 3235 388 3294 militantes
409 3236 580 3295 caritativius
601 3235 745 3313 adjuvare.
790 3235 922 3295 Christus
947 3238 1034 3295 etiam
1055 3237 1144 3296 voluit

89 3333 161 3394 alias
182 3332 255 3393 duas
275 3344 372 3410 partes
394 3334 533 3393 ecclesiae
547 3352 609 3392 non
624 3351 692 3391 cum
712 3334 874 3392 cleri'corum
896 3335 1068 3393 multitudiue
1083 3353 1143 3393 one-

90 3432 181 3499 rari;
209 3430 261 3490 sed
280 3430 435 3507 religiones
455 3431 526 3489 istae
545 3431 676 3490 novellae
695 3430 827 3490 laborant
848 3433 971 3490 omnino
991 3431 1028 3489 ad
1046 3443 1143 3508 partes

88 3528 692 3605 istasimproponionabiliteronerandum.
721 3529 799 3587 Nam
810 3530 840 3587 in
850 3530 1005 3589 duodecim
1015 3531 1144 3588 tribubus

89 3627 188 3698 Israel,
203 3627 323 3704 quando
338 3644 415 3685 onus
429 3626 481 3685 fuit
495 3626 587 3686 multo
601 3628 716 3702 gravius
738 3645 827 3704 quarn
847 3629 937 3687 modo
953 3639 1008 3700 est,
1020 3628 1144 3689 suffece-

88 3735 157 3784 runt
177 3724 289 3783 habiles
311 3725 400 3783 tribus
421 3724 508 3794 Levi;
540 3724 592 3784 sed
614 3724 704 3784 modo
725 3736 784 3784 tam
808 3727 837 3785 in
859 3744 982 3787 numero
1003 3745 1092 3804 quam
1114 3728 1143 3785 in

88 3822 325 3901 possessionibus
347 3832 460 3898 partem
485 3821 691 3881 duodecimam
714 3823 854 3884 ecclesiae
879 3825 1062 3884 antecellunt
1105 3824 1144 3883 Et

89 4078 99 4108 4
123 3993 310 4075 metuuntur.
323 4012 353 4062 c.
485 4009 784 4106 ’pepareupeeoerenr
797 4014 826 4063 c.
941 4014 959 4107 θ’
976 4028 1021 4063 nee
1045 4012 1101 4068 nist,
1113 4013 1144 4062 c.

88 4076 497 4256 sentirentur.
576 4076 1144 4208 sustentamenta

90 4224 155 4273 scrip
166 4221 183 4255 r.
