2864 4836
54 458 144 502 cara.
414 434 767 503 TRJALOGUS.

57 596 127 657 talis
141 602 400 660 monstruosissimi
414 602 573 663 accidentis
581 622 589 675 ;
611 613 640 661 et
654 604 738 663 tunc¹
754 604 855 663 salvari
875 615 996 680 possent
1011 607 1115 665 verba.²

58 692 130 752 fidei
144 696 311 773 scripturae,
327 708 357 757 et
371 701 412 757 sic
427 700 555 777 undique
569 703 665 778 major
678 702 785 761 utilitas
799 712 828 760 et
842 702 897 762 Dei
912 704 1007 780 major
1021 722 1116 762 rever·

57 792 141 851 enda
157 793 314 854 resultaret

41 944 50 957 ,
104 889 230 950 Smiliter
249 893 321 952 tales
341 894 504 971 blasphemi
525 896 692 956 includunt³
711 897 856 974 praelatos
877 898 1066 958 insolubiliter
1086 901 1116 958 in

26 1012 30 1016 ·
58 988 239 1065 negligentia
266 1010 326 1067 quo
359 992 397 1052 ad
429 996 645 1069 grammaticos,
675 1014 742 1054 cum
776 997 956 1071 grammatici
991 997 1117 1057 doceant

58 1088 151 1146 verba
174 1090 340 1164 supradicta
360 1089 465 1150 Latina
488 1103 656 1151 construere
681 1093 844 1153 secundum
865 1094 946 1169 quod
968 1105 1036 1152 sunt
1056 1095 1116 1152 vul-

58 1185 168 1260 gan'ter
187 1186 339 1258 intellecta,
361 1189 414 1247 sed
428 1198 548 1265 propter
569 1190 728 1265 periculum
751 1189 878 1250 haeresis
900 1188 1001 1250 debet⁴
1016 1194 1058 1250 eis
1073 1195 1116 1250 in·

56 1285 143 1361 jungi
157 1287 317 1345 secundum
337 1288 420 1346 istam
440 1287 640 1365 blasphemam
658 1292 814 1359 stultitiam,
830 1291 911 1366 quod
931 1292 972 1350 sic
992 1292 1118 1351 doceant

58 1399 169 1458 pueros
198 1402 268 1443 suos
295 1397 473 1456 construere,
499 1388 641 1463 ‘apostoli
666 1399 865 1463 cognoverunt
890 1387 1053 1446 Dominum
1081 1390 1112 1446 in

58 1478 202 1539 fractione
224 1483 316 1557 panis,
338 1482 395 1544 hoc
418 1494 461 1542 est
486 1486 515 1542 in
537 1484 677 1546 fractione
698 1485 857 1544 accidentis
880 1487 942 1544 sine
964 1483 1114 1561 subjecto,’

59 1579 130 1655 quia
140 1579 220 1637 aliter
230 1582 311 1656 pueri
326 1599 449 1657 capaces
460 1591 583 1657 possent
594 1585 748 1660 concipere
763 1582 843 1659 quod
854 1584 938 1659 panis
954 1585 1115 1642 substantia

59 1675 137 1744 foret
150 1675 240 1736 fracta
253 1696 306 1755 per
316 1677 479 1738 Dominum
484 1679 503 1749 ⁶,
515 1679 621 1755 quod⁶,
633 1691 664 1739 ut
675 1680 810 1739 haeretici
825 1682 870 1738 isti
885 1682 1027 1756 inquiunt,
1039 1680 1115 1739 foret

59 1774 174 1850 grande
187 1776 356 1852 periculum.
399 1775 478 1835 Nam
492 1779 699 1853 grammaticus
713 1777 787 1836 foret
802 1777 974 1853 culpandus,
986 1778 1036 1853 qui
1050 1795 1113 1835 non

59 1873 149 1933 istam
171 1873 441 1950 aequivocationem
470 1875 625 1951 detegeret,
650 1876 749 1934 ‘canis
772 1875 802 1932 in
831 1875 914 1933 coelo
939 1873 1033 1945 lucet,’
1058 1874 1110 1932 sed

60 1970 120 2030 sic⁷
133 1971 252 2031 doceret
265 1973 295 2030 in
306 1972 415 2047 vulgari
429 1972 585 2040 locutione,
598 1973 678 2048 quod
692 1973 800 2030 animal
814 1972 941 2031 latrabile
960 1972 999 2030 ibi
1013 1972 1105 2042 lucet;

59 2067 154 2136 multo
169 2069 263 2144 magis
277 2087 349 2145 ergo
368 2069 529 2145 culpandus
551 2070 625 2128 foret
645 2070 860 2145 grammaticus,
876 2071 926 2144 qui
947 2070 977 2127 in
998 2080 1109 2145 puncto

60 2165 198 2226 laesionis
212 2166 280 2225 fidei
294 2168 564 2242 aequivocationem
584 2167 751 2244 hujusmodi
768 2168 908 2226 reticeret.
952 2166 1010 2226 Sed
1025 2169 1114 2226 bene·

59 2263 158 2323 dictrrs
177 2266 213 2322 sit
225 2263 372 2323 Dominus
387 2264 534 2334 veritatis⁸,
550 2265 599 2340 qui
614 2266 735 2325 istorum
752 2265 964 2324 haereticorum
979 2265 1114 2323 notitiam

60 2363 105 2422 sic
118 2361 278 2432 confundit,
291 2362 374 2438 quod
388 2380 481 2438 usque
496 2362 583 2420 hodie
598 2363 731 2422 nesciunt
751 2363 788 2421 ad
803 2381 922 2422 sensum
942 2380 1026 2421 suum
1042 2380 1113 2421 con·

56 2469 172 2520 struere
186 2462 273 2518 verba
281 2460 450 2535 evangelica
461 2460 643 2535 supradicta}
681 2460 759 2518 Nam
775 2461 830 2536 ipsi
844 2479 899 2519 nec
915 2459 1113 2519 construendo

60 2576 117 2618 nec
141 2557 339 2634 praedicando
363 2558 527 2633 intelligunt
548 2576 636 2616 voces
657 2577 731 2629 suas,
753 2559 872 2634 quando
895 2559 1003 2628 dicunt,
1025 2557 1106 2634 quod

60 2657 189 2732 apostoli
200 2669 342 2715 noverunt
353 2655 501 2715 Christum
513 2656 543 2713 in
554 2656 695 2715 fractione
705 2657 798 2732 panis,
807 2655 865 2715 hoc
876 2665 921 2714 est
932 2656 961 2713 in
974 2655 1113 2714 fractione

60 2754 221 2814 accidentis
235 2754 298 2813 sine
313 2754 455 2829 subjecto.
496 2753 535 2811 Et
550 2754 591 2812 sic
606 2753 791 2812 antichristus
808 2755 839 2812 in
856 2755 912 2812 ista
931 2753 1043 2812 haeresi
1064 2752 1114 2810 de-

60 2853 144 2920 struit
157 2852 387 2928 grammaticam,
403 2851 531 2927 logicam
546 2862 574 2909 et
593 2852 744 2910 scientiam
764 2853 924 2910 naturalem
933 2872 941 2922 5
967 2852 1020 2911 sed
1034 2851 1113 2927 quod

56 2952 157 3028 magis
171 2951 330 3010 dolendum
344 2961 396 3020 est,
411 2951 484 3009 tollit
499 2969 617 3009 sensum
632 2951 783 3026 evangelii.

53 3093 58 3102 .
104 3049 162 3109 Sed
176 3049 258 3108 Deus
272 3051 346 3109 sicut
363 3066 479 3125 semper
500 3059 593 3107 servat
607 3050 738 3107 notitiam
753 3049 913 3107 naturalem
927 3050 957 3106 in
972 3049 1059 3117 laicis
1072 3049 1113 3105 sic

59 3167 178 3224 semper
195 3156 288 3207 servat
309 3165 427 3206 sensum
449 3146 623 3205 catholicum
644 3147 674 3204 in
694 3147 869 3222 quibusdam
890 3145 1008 3214 clericis,
1030 3153 1062 3201 ut
1083 3145 1113 3201 in

60 3247 187 3308 Graecia
200 3246 244 3304 vel
258 3246 334 3315 alibi,
349 3246 399 3303 ubi
413 3245 515 3320 placet.
558 3243 586 3303 Ο
600 3246 665 3320 quis
680 3253 779 3320 posset
793 3243 893 3302 fratres
907 3252 935 3299 et
950 3242 1022 3299 ahos
1041 3258 1113 3316 apo·

59 3355 151 3406 statas
172 3361 319 3414 excusare,
335 3343 416 3418 quod
436 3342 479 3401 vel
500 3344 636 3419 ignorant
656 3341 700 3398 vel
721 3359 782 3398 non
803 3341 911 3398 audent
929 3338 973 3396 vel
994 3347 1113 3414 propter

58 3443 198 3503 invidiam
213 3442 316 3501 nolunt
329 3441 417 3499 fidem
433 3458 517 3499 suam
530 3441 561 3498 in
575 3440 634 3497 istis
650 3439 785 3514 detegere
799 3450 828 3496 et
842 3436 982 3512 populum
997 3435 1112 3504 docere,

55 3542 98 3611 de
126 3559 186 3617 quo
213 3549 327 3618 praeter
354 3539 563 3615 obligationem
591 3535 752 3595 secundum
777 3551 907 3593 amorem
932 3531 1113 3591 fraternitatis

57 3640 206 3715 accipiunt
230 3649 341 3697 tantum
363 3638 484 3696 lucrum.
527 3634 640 3692 Revera
664 3633 792 3692 naturale
817 3631 966 3708 ingenium
987 3631 1113 3690 hominis

57 3737 274 3815 pseudofratres
301 3735 468 3813 hujusmodi
496 3733 714 3802 condemnaret,
743 3749 810 3790 cum
837 3742 977 3806 tanquam
1004 3730 1114 3788 inimici
1193 3759 1195 3764 ·

56 3835 211 3894 domestici
229 3834 295 3910 plus
315 3851 404 3909 quam
423 3831 562 3890 idolatrae
582 3831 685 3889 remoti
704 3829 866 3906 simplicem
886 3827 1028 3904 populum
1049 3845 1113 3902 per-

93 4007 101 4035 ¹
119 4004 190 4068 tunc]
203 4004 246 4062 sic,
259 4005 291 4053 Α.
407 4002 417 4031 ¹
433 4002 520 4066 verba]
533 4018 583 4050 om.
595 4002 634 4051 ed.
646 4018 682 4065 pr.
797 4000 807 4029 ⁸
823 3998 963 4061 includunt]
976 3998 1111 4054 involvunt,

57 4071 100 4122 ed.
112 4076 149 4135 pi.
281 4069 291 4096 ⁴
307 4067 394 4133 debet]
406 4068 515 4124 deberet.
527 4067 566 4116 ed.
578 4083 614 4131 pr.
732 4066 741 4095 ⁵
759 4063 1011 4139 DominamlDeum.
1024 4063 1062 4112 ed.
1075 4080 1111 4140 pr.

58 4134 262 4265 {qudodgrpuem
274 4134 313 4184 ed.
326 4150 362 4200 pr.
461 4133 470 4161 ⁷
488 4133 535 4196 sie]
549 4133 578 4188 si,
591 4132 650 4182 B.C.
662 4131 700 4181 ed.
713 4146 749 4195 pr.
848 4130 857 4159 ⁸
873 4126 995 4192 veniatis]
1007 4136 1111 4187 vtrlulls,

1151 925 1274 959 Grammatlca

1151 966 1220 999 tollitur
1226 965 1270 999 doc·

1151 1006 1199 1039 uina
1207 1006 1232 1040 de
1239 1011 1296 1040 trans·

1151 1047 1261 1081 substautia-

1151 1087 1208 1121 done.
