2864 4836
584 421 841 501 JOANNIS
881 422 1091 485 WICLIF
1288 443 1370 481 unu.

303 597 306 600 ⁴
321 584 396 655 fidei,
408 586 475 644 ideo
488 584 535 644 illa
549 596 600 656 est,
612 584 655 644 ut¹
672 587 895 661 pernecessaria,
909 585 1022 643 homini
1036 582 1249 661 amplectenda.
1293 581 1369 640 Sicut

320 685 399 742 enim
412 693 457 742 est
476 685 670 742 necessarium
690 683 766 742 fideli
784 683 909 753 credere,
924 681 1006 759 quod
1019 682 1101 742 Deus
1120 692 1173 752 est,
1188 691 1218 739 et
1231 680 1315 757 quod
1328 688 1369 737 est

320 790 519 840 remunerator
543 782 697 851 bonorum,
723 783 764 841 sic
789 791 833 840 est
857 782 1052 840 necessarium
1077 780 1116 838 illi
1140 778 1269 849 credere,
1291 775 1369 854 quod

320 879 436 953 spiritus
449 880 578 938 manebit
592 889 733 956 perpetuo
751 890 819 955 post
838 878 913 939 hanc
932 881 1028 938 vitam.
1070 876 1135 937 Nec
1155 887 1223 936 sunt
1242 877 1370 952 argutiae

320 975 531 1035 haereticontm
553 976 659 1053 dignae
684 979 842 1048 memoria;
874 988 999 1053 arguunt
1019 978 1108 1046 enim,
1129 975 1255 1051 quodsi
1276 975 1370 1050 aliqua

320 1072 413 1131 forma
438 1075 473 1133 sit
498 1074 697 1150 corruptibilis,
720 1085 749 1132 et
771 1075 876 1132 educta
897 1074 934 1133 de
954 1075 1085 1150 potentia
1109 1074 1257 1144 materiae,
1279 1071 1370 1130 multo

319 1173 412 1247 magis
437 1174 556 1231 materia
579 1173 746 1249 dispositior
770 1183 799 1232 et
822 1172 938 1249 dignior
961 1172 1079 1231 habebit
1105 1170 1232 1229 formam
1256 1169 1296 1229 de
1320 1187 1370 1228 sua

318 1272 447 1346 potentia
462 1271 502 1329 sic
515 1271 669 1342 eductam3
691 1272 810 1329 materia
824 1271 951 1329 hominis
965 1270 1081 1329 habebit
1095 1269 1221 1328 sormam
1235 1269 1373 1328 substan*

319 1369 414 1428 tialem
425 1381 454 1428 et
465 1388 517 1445 per
528 1387 712 1446 consequens
724 1369 940 1445 corruptibilem
952 1370 993 1428 sic
1004 1370 1157 1439 eductam;
1179 1367 1371 1427 concedenda

318 1466 377 1525 est¹
391 1467 550 1536 conclusio,
565 1468 634 1543 quia
652 1469 758 1538 anima,
772 1485 848 1543 quae
867 1466 925 1525 est⁸
941 1467 1079 1525 animatio
1098 1475 1217 1542 propter
1227 1464 1372 1541 gratiam

318 1566 449 1640 perpetui
464 1566 589 1640 spiritus,
602 1565 642 1622 sic
657 1564 789 1622 educitur
803 1574 831 1622 et
845 1565 1039 1640 corrumpitur
1053 1565 1083 1622 in
1096 1564 1227 1641 potentia
1239 1561 1370 1639 ejusdem

317 1648 454 1720 materiae
475 1663 670 1738 subjectantis.
714 1661 778 1720 Nec
798 1661 892 1732 video,
908 1661 1052 1720 subducta
1069 1661 1124 1720 hac
1143 1661 1209 1731 fide,
1225 1661 1263 1720 ad
1282 1678 1370 1737 quem

318 1759 422 1817 linem¹
432 1761 497 1836 quis
511 1762 656 1818 meritorie
671 1759 837 1830 laboraret⁸,
849 1758 901 1818 sed
912 1770 1061 1836 tamquam
1076 1759 1370 1836 insipiensfrueretur

317 1859 403 1916 bonis
424 1858 615 1928 sensibilibus,
637 1857 708 1915 dum
729 1857 776 1915 hic
798 1858 873 1915 vivit.
917 1856 997 1915 Sicut
1021 1874 1093 1933 ergo
1117 1867 1220 1916 natura
1237 1857 1370 1916 ordinate

317 1957 447 2031 procedit
472 1955 659 2015 ascendendo
683 1957 713 2014 in
742 1953 851 2025 formis,
877 1957 918 2013 sic
947 1967 991 2015 est
1019 1955 1088 2014 dare
1112 1955 1269 2014 terminum
1296 1955 1370 2013 illius

317 2054 505 2124 ascensionis,
530 2055 581 2129 qui
602 2055 742 2111 terminus
763 2063 806 2111 est
829 2053 927 2110 anima
948 2052 1128 2112 intellectiva
1170 2051 1245 2111 Ideo
1271 2052 1371 2111 dicunt

316 2151 451 2209 abstracti
476 2151 650 2227 philosophi,
678 2151 759 2227 quod
783 2153 846 2227 ipsa
869 2161 982 2208 creatur
1006 2152 1036 2209 in
1061 2149 1191 2209 confinio
1215 2147 1368 2208 orizontis¹

317 2250 507 2321 aetemitatis3
540 2258 652 2307 creatur
675 2251 763 2320 enim,
789 2266 857 2307 cum
882 2249 918 2306 sit
939 2248 1040 2306 infima
1063 2248 1252 2323 intelligentia
1279 2265 1371 2324 quam

318 2345 397 2404 Deus
412 2347 553 2421 producit,
569 2365 624 2405 nec
638 2347 724 2405 video
742 2347 782 2404 ad
801 2346 871 2422 quid
889 2356 1013 2420 oportet,
1029 2345 1110 2423 quod
1124 2347 1154 2403 in
1169 2344 1272 2404 mnndi
1288 2347 1368 2422 prin·

316 2446 392 2520 cipio
414 2446 443 2502 in
465 2463 519 2504 suo
541 2445 688 2503 individuo
710 2444 895 2521 producatur,
920 2443 972 2502 sed
993 2445 1067 2502 sicut
1092 2444 1234 2521 paulative
1260 2444 1369 2521 produ·

316 2554 420 2600 cuntur
447 2546 592 2613 materiae,
618 2544 660 2603 sie
688 2544 761 2602 ratio
789 2544 886 2618 exigit,
911 2552 943 2600 ut
970 2542 1034 2601 illae
1063 2542 1271 2618 intelligentiae
1299 2555 1369 2601 tune

316 2643 454 2717 temporis
469 2643 526 2700 sint
545 2653 674 2713 creatae;
697 2651 725 2699 et
745 2642 784 2699 ita
802 2639 904 2698 etiam⁸
918 2654 1066 2699 creaturae
1085 2641 1249 2716 peccabiles
1270 2639 1369 2699 Deum

315 2741 490 2797 necessitant
504 2738 542 2799 ad
557 2740 725 2797 creandum.
769 2738 827 2797 Sed
842 2747 902 2797 tota
921 2737 969 2796 illa
987 2739 1172 2797 necessitatio
1192 2739 1370 2814 originaliter

315 2848 358 2894 est
372 2854 390 2894 a
403 2835 480 2907 Dee,
496 2846 525 2895 et
539 2839 594 2896 ista
609 2838 716 2896 creatio
727 2838 828 2895 infima
845 2837 961 2912 requirit
981 2836 1203 2913 dispositionem
1222 2838 1369 2907 materiae,

317 2952 379 2991 non
398 2935 533 2993 obstante
552 2937 633 3012 quod
653 2938 688 2994 sit
708 2936 814 3006 libera;
845 2953 899 2993 nee
919 2946 962 2992 est
981 2937 1023 2992 vis
1043 2952 1097 3010 pro
1116 2953 1177 3010 quo
1191 2936 1311 2993 instanti
1326 2933 1370 2993 vel

315 3048 374 3106 qua
395 3043 487 3090 aetate
507 3035 588 3108 pueri
607 3033 653 3090 ille
673 3035 790 3109 spiritus
809 3030 937 3091 homini¹
958 3031 1117 3107 copuletur.
1159 3030 1273 3091 Dicitur
1290 3032 1369 3090 enim

316 3131 518 3198 communiter,
545 3129 625 3206 quod
648 3130 755 3189 animal
775 3132 871 3205 primo
894 3129 961 3188 vivit
984 3141 1016 3188 ut
1040 3129 1181 3188 embrio¹⁰
1205 3128 1369 3188 secundum

315 3228 444 3285 animam
464 3229 663 3303 vegetativam,
677 3229 792 3285 secundo
812 3229 880 3288 vivit
898 3229 956 3285 vita
975 3227 1102 3286 sensibili
1123 3229 1287 3287 secundum
1307 3229 1369 3286 ani·

314 3344 394 3384 mam
416 3327 590 3396 sensitivam,
604 3337 634 3384 et
656 3327 735 3383 terlio
755 3326 822 3385 vivit
843 3327 900 3384 vita
920 3325 1061 3393 rationali,
1077 3326 1240 3385 secundum
1260 3325 1369 3402 quod¹¹

315 3425 369 3482 sibi
378 3425 508 3501 jungitur
517 3423 706 3483 intellectio¹¹.
746 3423 784 3481 Et
792 3424 924 3499 quamvis
934 3425 963 3481 in
974 3423 1034 3483 istis
1044 3424 1229 3500 processibus
1238 3423 1369 3483 diversae

315 3521 491 3577 substantiae
506 3520 714 3595 producuntur,
730 3530 767 3589 et,
782 3530 813 3578 ut
827 3522 1001 3597 quibusdam
1021 3521 1124 3597 placet,
1140 3522 1302 3580 substantia
1314 3520 1369 3578 im·

314 3616 494 3691 perfecti0r¹³
516 3620 709 3694 corrumpitur
730 3620 759 3676 in
782 3620 908 3678 adventu
929 3621 1106 3679 substantiae
1128 3618 1193 3695 plus
1214 3618 1370 3695 perlectae,

315 3724 413 3771 tamen
428 3714 518 3772 multa
533 3714 610 3773 dicta
623 3716 653 3772 in
668 3717 722 3773 ista
736 3717 856 3775 materia
870 3727 936 3775 sunt
951 3718 1109 3775 voluntarie
1124 3717 1279 3776 mutuata

348 3868 413 3932 ¹ut]
426 3885 476 3920 om.
486 3868 579 3918 A.B.C.
591 3869 628 3918 ed.
641 3884 677 3933 pr.
777 3869 851 3934 ¹est]
864 3871 928 3920 enim
940 3878 985 3927 est,
994 3870 1087 3921 A.B.C.
1185 3870 1369 3935 'animaquae

315 3934 365 3999 est]
378 3950 427 3983 orn.
441 3936 472 3983 Λ.
538 3933 663 3998 ¹propter
674 3934 792 3999 gratiam]
805 3951 854 3983 om.
868 3936 899 3983 D.
912 3936 950 3985 ed.
963 3951 999 4000 pr.
1066 3933 1178 3999 ¹finem]
1191 3934 1273 3990 tidem,
1283 3935 1321 3986 ed.
1331 3951 1369 4012 pr.

314 3999 324 4027 ¹
341 3999 477 4062 laboraret]
490 3999 593 4055 laboret,
607 3998 668 4047 Α.Β.
742 3999 752 4027 ⁷
769 4001 886 4050 orizontis
910 4016 996 4050 omnes
1007 4002 1104 4051 codices
1114 4000 1207 4050 habent
1220 4000 1369 4050 'catonus'

315 4064 427 4139 'etiamJ
440 4080 489 4113 om.
503 4064 565 4112 ΑΒ.
642 4064 910 4115 ¹horniniom.1¹l..
984 4068 1003 4096 ¹¹
1019 4075 1046 4116 ut
1057 4065 1164 4141 embrio]
1177 4067 1370 4130 pro·ernbrvo.'

315 4129 483 4187 inembrrone,
496 4128 588 4179 Aac.
656 4130 672 4159 ¹¹
690 4130 756 4194 quod
778 4146 859 4195 quam.
872 4131 932 4179 An.
998 4130 1016 4161 ¹¹
1030 4130 1141 4195 jungitur
1151 4129 1300 4195 intellectio]
1312 4146 1371 4181 oon·

312 4192 423 4256 jongitur
435 4193 580 4250 intellectus,
590 4193 628 4244 ed.
641 4211 677 4259 pr.
744 4196 751 4225 ¹
779 4195 957 4261 imperfectior]
970 4197 1108 4261 perfectior,
1121 4196 1214 4247 ΑΜ.
1227 4196 1265 4246 ed.
1278 4210 1316 4260 pr.
