<?xml version="1.0" encoding="UTF-8"?>
<!DOCTYPE html PUBLIC "-//W3C//DTD XHTML 1.0 Transitional//EN"
    "http://www.w3.org/TR/xhtml1/DTD/xhtml1-transitional.dtd">
<html xmlns="http://www.w3.org/1999/xhtml" xml:lang="en" lang="en">
 <head>
  <title>
</title>
<meta http-equiv="Content-Type" content="text/html;charset=utf-8" />
  <meta name='ocr-system' content='tesseract 3.04.00' />
  <meta name='ocr-capabilities' content='ocr_page ocr_carea ocr_par ocr_line ocrx_word'/>
</head>
<body>
  <div class='ocr_page' id='page_1' title='image "./trialoguscumsup00lechgoog_0052.png"; bbox 0 0 2864 4836; ppageno 0'>
   <div class='ocr_carea' id='block_1_1' title="bbox 393 1193 926 1296">
    <p class='ocr_par' dir='ltr' id='par_1_1' title="bbox 393 1193 926 1296">
     <span class='ocr_line' id='line_1_1' title="bbox 393 1193 926 1296; baseline 0.013 -7"><span class='ocrx_word' id='word_1_1' title='bbox 393 1193 926 1296; x_wconf 84' lang='lat' dir='ltr'><strong>TRIALOGUS.</strong></span> 
     </span>
    </p>
   </div>
   <div class='ocr_carea' id='block_1_2' title="bbox 509 1597 820 1682">
    <p class='ocr_par' dir='ltr' id='par_1_2' title="bbox 509 1597 820 1682">
     <span class='ocr_line' id='line_1_2' title="bbox 509 1597 820 1682; baseline 0.006 -3"><span class='ocrx_word' id='word_1_2' title='bbox 509 1597 747 1681; x_wconf 90' lang='lat' dir='ltr'>LIBER</span> <span class='ocrx_word' id='word_1_3' title='bbox 787 1600 820 1682; x_wconf 90' lang='grc' dir='ltr'>Ι.</span> 
     </span>
    </p>
   </div>
   <div class='ocr_carea' id='block_1_3' title="bbox 566 1859 768 1923">
    <p class='ocr_par' dir='ltr' id='par_1_3' title="bbox 566 1859 768 1923">
     <span class='ocr_line' id='line_1_3' title="bbox 566 1859 768 1923; baseline 0 0"><span class='ocrx_word' id='word_1_4' title='bbox 566 1859 721 1923; x_wconf 77' lang='lat' dir='ltr'><strong>CAPUT</strong></span> <span class='ocrx_word' id='word_1_5' title='bbox 743 1863 768 1923; x_wconf 92' lang='lat'>1.</span> 
     </span>
    </p>
   </div>
   <div class='ocr_carea' id='block_1_4' title="bbox 324 2020 1005 2098">
    <p class='ocr_par' dir='ltr' id='par_1_4' title="bbox 324 2020 1005 2098">
     <span class='ocr_line' id='line_1_4' title="bbox 324 2020 1005 2098; baseline 0.001 -18"><span class='ocrx_word' id='word_1_6' title='bbox 324 2020 416 2081; x_wconf 82' lang='lat' dir='ltr'>Deum</span> <span class='ocrx_word' id='word_1_7' title='bbox 430 2039 485 2082; x_wconf 83' lang='lat' dir='ltr'>esse</span> <span class='ocrx_word' id='word_1_8' title='bbox 493 2023 620 2098; x_wconf 66' lang='lat' dir='ltr'>paim</span> <span class='ocrx_word' id='word_1_9' title='bbox 634 2025 755 2084; x_wconf 73' lang='lat' dir='ltr'>onmim</span> <span class='ocrx_word' id='word_1_10' title='bbox 770 2041 866 2084; x_wconf 79' lang='lat' dir='ltr'>rerum</span> <span class='ocrx_word' id='word_1_11' title='bbox 881 2041 1005 2083; x_wconf 84' lang='lat' dir='ltr'>causam.</span> 
     </span>
    </p>
   </div>
   <div class='ocr_carea' id='block_1_5' title="bbox 136 2175 1194 3039">
    <p class='ocr_par' dir='ltr' id='par_1_5' title="bbox 136 2175 1194 3039">
     <span class='ocr_line' id='line_1_5' title="bbox 179 2175 1192 2259; baseline 0.001 -21"><span class='ocrx_word' id='word_1_12' title='bbox 179 2175 302 2238; x_wconf 74' lang='lat' dir='ltr'>Aleihtie.</span> <span class='ocrx_word' id='word_1_13' title='bbox 343 2175 428 2238; x_wconf 89' lang='lat' dir='ltr'>Licet</span> <span class='ocrx_word' id='word_1_14' title='bbox 446 2178 519 2240; x_wconf 80' lang='lat' dir='ltr'>dixit</span> <span class='ocrx_word' id='word_1_15' title='bbox 536 2179 677 2259; x_wconf 83' lang='lat' dir='ltr'>insipiens</span> <span class='ocrx_word' id='word_1_16' title='bbox 697 2179 729 2239; x_wconf 89' lang='lat' dir='ltr'>in</span> <span class='ocrx_word' id='word_1_17' title='bbox 747 2180 837 2241; x_wconf 92' lang='lat' dir='ltr'>corde</span> <span class='ocrx_word' id='word_1_18' title='bbox 856 2198 920 2251; x_wconf 88' lang='lat' dir='ltr'>suo,</span> <span class='ocrx_word' id='word_1_19' title='bbox 941 2183 1077 2240; x_wconf 87' lang='lat' dir='ltr'>‘nonest</span> <span class='ocrx_word' id='word_1_20' title='bbox 1091 2178 1192 2252; x_wconf 85' lang='lat' dir='ltr'>Deus,&#39;</span> 
     </span>
     <span class='ocr_line' id='line_1_6' title="bbox 137 2275 1193 2356; baseline 0 -18"><span class='ocrx_word' id='word_1_21' title='bbox 137 2285 238 2338; x_wconf 84' lang='lat' dir='ltr'>tamen</span> <span class='ocrx_word' id='word_1_22' title='bbox 258 2275 371 2336; x_wconf 90' lang='lat' dir='ltr'>videtur</span> <span class='ocrx_word' id='word_1_23' title='bbox 390 2278 619 2355; x_wconf 90' lang='lat' dir='ltr'>supponendum</span> <span class='ocrx_word' id='word_1_24' title='bbox 640 2279 722 2339; x_wconf 88' lang='lat' dir='ltr'>omni</span> <span class='ocrx_word' id='word_1_25' title='bbox 746 2278 884 2352; x_wconf 89' lang='lat' dir='ltr'>homini¹,</span> <span class='ocrx_word' id='word_1_26' title='bbox 908 2276 1001 2339; x_wconf 84' lang='lat' dir='ltr'>Deum</span> <span class='ocrx_word' id='word_1_27' title='bbox 1024 2296 1095 2351; x_wconf 82' lang='lat' dir='ltr'>esse;</span> <span class='ocrx_word' id='word_1_28' title='bbox 1125 2279 1193 2356; x_wconf 88' lang='lat' dir='ltr'>quia</span> 
     </span>
     <span class='ocr_line' id='line_1_7' title="bbox 137 2357 1193 2454; baseline 0.002 -23"><span class='ocrx_word' id='word_1_29' title='bbox 137 2357 220 2432; x_wconf 81' lang='lat' dir='ltr'>¹aliter</span> <span class='ocrx_word' id='word_1_30' title='bbox 233 2373 285 2432; x_wconf 91' lang='lat' dir='ltr'>tibi</span> <span class='ocrx_word' id='word_1_31' title='bbox 298 2392 387 2433; x_wconf 92' lang='lat' dir='ltr'>nemo</span> <span class='ocrx_word' id='word_1_32' title='bbox 402 2370 536 2451; x_wconf 80' lang='lat' dir='ltr'>negaret¹</span> <span class='ocrx_word' id='word_1_33' title='bbox 550 2372 659 2452; x_wconf 86' lang='lat' dir='ltr'>aliquid</span> <span class='ocrx_word' id='word_1_34' title='bbox 672 2376 717 2435; x_wconf 83' lang='lat' dir='ltr'>vel</span> <span class='ocrx_word' id='word_1_35' title='bbox 730 2376 858 2454; x_wconf 81' lang='lat' dir='ltr'>aliquam</span> <span class='ocrx_word' id='word_1_36' title='bbox 872 2376 1021 2435; x_wconf 84' lang='lat' dir='ltr'>veritatem</span> <span class='ocrx_word' id='word_1_37' title='bbox 1035 2393 1109 2446; x_wconf 90' lang='lat' dir='ltr'>esse,</span> <span class='ocrx_word' id='word_1_38' title='bbox 1124 2393 1193 2435; x_wconf 92' lang='lat' dir='ltr'>cum</span> 
     </span>
     <span class='ocr_line' id='line_1_8' title="bbox 136 2470 1193 2553; baseline 0.003 -22"><span class='ocrx_word' id='word_1_39' title='bbox 136 2470 275 2547; x_wconf 84' lang='lat' dir='ltr'>negando</span> <span class='ocrx_word' id='word_1_40' title='bbox 289 2470 360 2531; x_wconf 87' lang='lat' dir='ltr'>illud</span> <span class='ocrx_word' id='word_1_41' title='bbox 374 2473 471 2532; x_wconf 84' lang='lat' dir='ltr'>statim</span> <span class='ocrx_word' id='word_1_42' title='bbox 482 2474 658 2534; x_wconf 86' lang='lat' dir='ltr'>concederet</span> <span class='ocrx_word' id='word_1_43' title='bbox 672 2474 736 2552; x_wconf 88' lang='lat' dir='ltr'>ejus</span> <span class='ocrx_word' id='word_1_44' title='bbox 750 2475 937 2552; x_wconf 82' lang='lat' dir='ltr'>oppositum3</span> <span class='ocrx_word' id='word_1_45' title='bbox 960 2475 1030 2551; x_wconf 88' lang='lat' dir='ltr'>quia</span> <span class='ocrx_word' id='word_1_46' title='bbox 1044 2475 1068 2534; x_wconf 91' lang='lat' dir='ltr'>si</span> <span class='ocrx_word' id='word_1_47' title='bbox 1083 2474 1193 2553; x_wconf 89' lang='lat' dir='ltr'>aliquid</span> 
     </span>
     <span class='ocr_line' id='line_1_9' title="bbox 137 2567 1194 2644; baseline 0.004 -16"><span class='ocrx_word' id='word_1_48' title='bbox 137 2579 192 2640; x_wconf 88' lang='lat' dir='ltr'>est,</span> <span class='ocrx_word' id='word_1_49' title='bbox 214 2568 283 2628; x_wconf 90' lang='lat' dir='ltr'>illud</span> <span class='ocrx_word' id='word_1_50' title='bbox 304 2569 348 2628; x_wconf 90' lang='lat' dir='ltr'>vel</span> <span class='ocrx_word' id='word_1_51' title='bbox 369 2580 414 2630; x_wconf 88' lang='lat' dir='ltr'>est</span> <span class='ocrx_word' id='word_1_52' title='bbox 434 2567 562 2631; x_wconf 83' lang='lat' dir='ltr'>finitum³</span> <span class='ocrx_word' id='word_1_53' title='bbox 582 2570 628 2632; x_wconf 83' lang='lat' dir='ltr'>vel</span> <span class='ocrx_word' id='word_1_54' title='bbox 646 2571 800 2643; x_wconf 87' lang='lat' dir='ltr'>infinitum,</span> <span class='ocrx_word' id='word_1_55' title='bbox 821 2573 881 2632; x_wconf 91' lang='lat' dir='ltr'>sive</span> <span class='ocrx_word' id='word_1_56' title='bbox 903 2572 955 2643; x_wconf 89' lang='lat' dir='ltr'>sic,</span> <span class='ocrx_word' id='word_1_57' title='bbox 977 2572 1037 2631; x_wconf 87' lang='lat' dir='ltr'>sive</span> <span class='ocrx_word' id='word_1_58' title='bbox 1058 2571 1117 2644; x_wconf 91' lang='lat' dir='ltr'>sic;</span> <span class='ocrx_word' id='word_1_59' title='bbox 1148 2570 1194 2632; x_wconf 89' lang='lat' dir='ltr'>vel</span> 
     </span>
     <span class='ocr_line' id='line_1_10' title="bbox 138 2665 1194 2747; baseline 0.006 -23"><span class='ocrx_word' id='word_1_60' title='bbox 138 2665 209 2735; x_wconf 83' lang='lat' dir='ltr'>illud</span> <span class='ocrx_word' id='word_1_61' title='bbox 222 2665 268 2725; x_wconf 89' lang='lat' dir='ltr'>vel</span> <span class='ocrx_word' id='word_1_62' title='bbox 283 2684 373 2726; x_wconf 86' lang='lat' dir='ltr'>causa</span> <span class='ocrx_word' id='word_1_63' title='bbox 385 2667 461 2728; x_wconf 88' lang='lat' dir='ltr'>illius</span> <span class='ocrx_word' id='word_1_64' title='bbox 474 2678 519 2728; x_wconf 91' lang='lat' dir='ltr'>est</span> <span class='ocrx_word' id='word_1_65' title='bbox 537 2669 637 2742; x_wconf 87' lang='lat' dir='ltr'>Deus;</span> <span class='ocrx_word' id='word_1_66' title='bbox 659 2688 728 2730; x_wconf 90' lang='lat' dir='ltr'>cum</span> <span class='ocrx_word' id='word_1_67' title='bbox 746 2669 929 2746; x_wconf 87' lang='lat' dir='ltr'>supponitur,</span> <span class='ocrx_word' id='word_1_68' title='bbox 943 2687 1033 2729; x_wconf 91' lang='lat' dir='ltr'>omne</span> <span class='ocrx_word' id='word_1_69' title='bbox 1051 2668 1132 2747; x_wconf 89' lang='lat' dir='ltr'>quod</span> <span class='ocrx_word' id='word_1_70' title='bbox 1150 2681 1194 2730; x_wconf 88' lang='lat' dir='ltr'>est</span> 
     </span>
     <span class='ocr_line' id='line_1_11' title="bbox 137 2762 1193 2841; baseline 0.007 -20"><span class='ocrx_word' id='word_1_71' title='bbox 137 2762 233 2841; x_wconf 88' lang='lat' dir='ltr'>prima</span> <span class='ocrx_word' id='word_1_72' title='bbox 254 2782 351 2836; x_wconf 86' lang='lat' dir='ltr'>causa,</span> <span class='ocrx_word' id='word_1_73' title='bbox 366 2782 429 2824; x_wconf 89' lang='lat' dir='ltr'>non</span> <span class='ocrx_word' id='word_1_74' title='bbox 448 2777 599 2828; x_wconf 88' lang='lat' dir='ltr'>causatum</span> <span class='ocrx_word' id='word_1_75' title='bbox 618 2768 656 2826; x_wconf 92' lang='lat' dir='ltr'>ab</span> <span class='ocrx_word' id='word_1_76' title='bbox 675 2767 742 2838; x_wconf 87' lang='lat' dir='ltr'>alio,</span> <span class='ocrx_word' id='word_1_77' title='bbox 756 2785 821 2827; x_wconf 84' lang='lat' dir='ltr'>esse</span> <span class='ocrx_word' id='word_1_78' title='bbox 841 2766 948 2827; x_wconf 91' lang='lat' dir='ltr'>Deum.</span> <span class='ocrx_word' id='word_1_79' title='bbox 991 2762 1045 2827; x_wconf 87' lang='lat' dir='ltr'>Et⁴</span> <span class='ocrx_word' id='word_1_80' title='bbox 1065 2768 1193 2828; x_wconf 88' lang='lat' dir='ltr'>extendo</span> 
     </span>
     <span class='ocr_line' id='line_1_12' title="bbox 136 2855 1193 2943; baseline 0.006 -23"><span class='ocrx_word' id='word_1_81' title='bbox 136 2855 196 2921; x_wconf 86' lang='lat' dir='ltr'>hoc</span> <span class='ocrx_word' id='word_1_82' title='bbox 214 2878 324 2920; x_wconf 89' lang='lat' dir='ltr'>nomeu</span> <span class='ocrx_word' id='word_1_83' title='bbox 339 2861 480 2938; x_wconf 80' lang='lat' dir='ltr'>‘aliqmii&#39;</span> <span class='ocrx_word' id='word_1_84' title='bbox 495 2863 533 2923; x_wconf 87' lang='lat' dir='ltr'>ad</span> <span class='ocrx_word' id='word_1_85' title='bbox 551 2881 641 2924; x_wconf 91' lang='lat' dir='ltr'>omne</span> <span class='ocrx_word' id='word_1_86' title='bbox 660 2882 723 2937; x_wconf 87' lang='lat' dir='ltr'>ens,</span> <span class='ocrx_word' id='word_1_87' title='bbox 737 2864 782 2924; x_wconf 89' lang='lat' dir='ltr'>vel</span> <span class='ocrx_word' id='word_1_88' title='bbox 802 2883 855 2941; x_wconf 91' lang='lat' dir='ltr'>per</span> <span class='ocrx_word' id='word_1_89' title='bbox 874 2882 906 2924; x_wconf 89' lang='lat' dir='ltr'>se</span> <span class='ocrx_word' id='word_1_90' title='bbox 925 2864 970 2924; x_wconf 80' lang='lat' dir='ltr'>vel</span> <span class='ocrx_word' id='word_1_91' title='bbox 991 2875 1193 2943; x_wconf 81' lang='lat' dir='ltr'>aggregatum,</span> 
     </span>
     <span class='ocr_line' id='line_1_13' title="bbox 137 2957 1068 3039; baseline 0.005 -21"><span class='ocrx_word' id='word_1_92' title='bbox 137 2958 184 3019; x_wconf 86' lang='lat' dir='ltr'>vel</span> <span class='ocrx_word' id='word_1_93' title='bbox 198 2957 397 3018; x_wconf 84' lang='lat' dir='ltr'>affirmativam</span> <span class='ocrx_word' id='word_1_94' title='bbox 411 2957 472 3020; x_wconf 83' lang='lat' dir='ltr'>vel⁶</span> <span class='ocrx_word' id='word_1_95' title='bbox 486 2961 651 3039; x_wconf 83' lang='lat' dir='ltr'>negativam</span> <span class='ocrx_word' id='word_1_96' title='bbox 664 2962 711 3022; x_wconf 90' lang='lat' dir='ltr'>vel</span> <span class='ocrx_word' id='word_1_97' title='bbox 725 2962 895 3039; x_wconf 71' lang='lat' dir='ltr'>possibilem</span> <span class='ocrx_word' id='word_1_98' title='bbox 909 2963 1068 3023; x_wconf 81' lang='lat' dir='ltr'>veritatem.</span> 
     </span>
    </p>
   </div>
   <div class='ocr_carea' id='block_1_6' title="bbox 1227 2195 1343 2234">
    <p class='ocr_par' dir='ltr' id='par_1_6' title="bbox 1227 2195 1343 2234">
     <span class='ocr_line' id='line_1_14' title="bbox 1227 2195 1343 2234; baseline 0.017 -2"><span class='ocrx_word' id='word_1_99' title='bbox 1227 2195 1343 2234; x_wconf 68' lang='lat' dir='ltr'>nemm-</span> 
     </span>
    </p>
   </div>
   <div class='ocr_carea' id='block_1_7' title="bbox 178 3056 1330 3136">
    <p class='ocr_par' dir='ltr' id='par_1_7' title="bbox 178 3056 1330 3136">
     <span class='ocr_line' id='line_1_15' title="bbox 178 3056 1330 3136; baseline 0.002 -20"><span class='ocrx_word' id='word_1_100' title='bbox 178 3056 316 3116; x_wconf 78' lang='lat' dir='ltr'>Pseuslis.</span> <span class='ocrx_word' id='word_1_101' title='bbox 357 3056 508 3134; x_wconf 90' lang='lat' dir='ltr'>Praecipui</span> <span class='ocrx_word' id='word_1_102' title='bbox 533 3058 621 3135; x_wconf 80' lang='lat' dir='ltr'>logici</span> <span class='ocrx_word' id='word_1_103' title='bbox 646 3057 857 3136; x_wconf 82' lang='lat' dir='ltr'>multipliciter⁶</span> <span class='ocrx_word' id='word_1_104' title='bbox 877 3060 920 3120; x_wconf 90' lang='lat' dir='ltr'>sic</span> <span class='ocrx_word' id='word_1_105' title='bbox 940 3061 1098 3121; x_wconf 81' lang='lat' dir='ltr'>instarent:</span> <span class='ocrx_word' id='word_1_106' title='bbox 1127 3077 1190 3119; x_wconf 86' lang='lat' dir='ltr'>nou</span> <span class='ocrx_word' id='word_1_107' title='bbox 1224 3067 1330 3110; x_wconf 69' lang='lat' dir='ltr'>lunum</span> 
     </span>
    </p>
   </div>
   <div class='ocr_carea' id='block_1_8' title="bbox 137 3152 1195 3335">
    <p class='ocr_par' dir='ltr' id='par_1_8' title="bbox 137 3152 1195 3335">
     <span class='ocr_line' id='line_1_16' title="bbox 137 3152 1195 3231; baseline 0.004 -17"><span class='ocrx_word' id='word_1_108' title='bbox 137 3152 247 3228; x_wconf 84' lang='lat' dir='ltr'>claudit</span> <span class='ocrx_word' id='word_1_109' title='bbox 260 3155 521 3215; x_wconf 85' lang='lat' dir='ltr'>contradictionem</span> <span class='ocrx_word' id='word_1_110' title='bbox 533 3155 694 3229; x_wconf 81' lang='lat' dir='ltr'>formalem,</span> <span class='ocrx_word' id='word_1_111' title='bbox 706 3157 817 3217; x_wconf 89' lang='lat' dir='ltr'>nullum</span> <span class='ocrx_word' id='word_1_112' title='bbox 827 3176 881 3219; x_wconf 86' lang='lat' dir='ltr'>ens</span> <span class='ocrx_word' id='word_1_113' title='bbox 894 3177 969 3231; x_wconf 81' lang='lat' dir='ltr'>esse,</span> <span class='ocrx_word' id='word_1_114' title='bbox 980 3179 1049 3219; x_wconf 93' lang='lat' dir='ltr'>cum</span> <span class='ocrx_word' id='word_1_115' title='bbox 1063 3178 1100 3219; x_wconf 88' lang='lat' dir='ltr'>ex</span> <span class='ocrx_word' id='word_1_116' title='bbox 1114 3159 1195 3219; x_wconf 92' lang='lat' dir='ltr'>nulla</span> 
     </span>
     <span class='ocr_line' id='line_1_17' title="bbox 138 3252 1195 3335; baseline 0.003 -22"><span class='ocrx_word' id='word_1_117' title='bbox 138 3255 273 3331; x_wconf 86' lang='lat' dir='ltr'>negativa</span> <span class='ocrx_word' id='word_1_118' title='bbox 303 3262 439 3330; x_wconf 89' lang='lat' dir='ltr'>sequatur</span> <span class='ocrx_word' id='word_1_119' title='bbox 466 3252 625 3314; x_wconf 81' lang='lat' dir='ltr'>formaliter</span> <span class='ocrx_word' id='word_1_120' title='bbox 651 3254 821 3316; x_wconf 88' lang='lat' dir='ltr'>affirmativa</span> <span class='ocrx_word' id='word_1_121' title='bbox 828 3275 837 3330; x_wconf 69' lang='grc' dir='ltr'><strong><em>ς</em></strong></span> <span class='ocrx_word' id='word_1_122' title='bbox 871 3274 933 3316; x_wconf 90' lang='lat' dir='ltr'>non</span> <span class='ocrx_word' id='word_1_123' title='bbox 966 3276 1038 3335; x_wconf 83' lang='lat' dir='ltr'>ergo</span> <span class='ocrx_word' id='word_1_124' title='bbox 1066 3258 1195 3334; x_wconf 90' lang='lat' dir='ltr'>sequitur</span> 
     </span>
    </p>
   </div>
   <div class='ocr_carea' id='block_1_9' title="bbox 1226 3116 1364 3192">
    <p class='ocr_par' dir='ltr' id='par_1_9' title="bbox 1226 3116 1364 3192">
     <span class='ocr_line' id='line_1_18' title="bbox 1226 3116 1364 3192; baseline 0 -34"><span class='ocrx_word' id='word_1_125' title='bbox 1226 3116 1364 3192; x_wconf 52' lang='lat' dir='ltr'>fflm*</span> 
     </span>
    </p>
   </div>
   <div class='ocr_carea' id='block_1_10' title="bbox 137 3347 1239 3431">
    <p class='ocr_par' dir='ltr' id='par_1_10' title="bbox 137 3347 1239 3431">
     <span class='ocr_line' id='line_1_19' title="bbox 137 3347 1239 3431; baseline 0.005 -23"><span class='ocrx_word' id='word_1_126' title='bbox 137 3351 255 3428; x_wconf 88' lang='lat' dir='ltr'>proprie</span> <span class='ocrx_word' id='word_1_127' title='bbox 273 3347 397 3427; x_wconf 79' lang='lat' dir='ltr'>logico&#39;,</span> <span class='ocrx_word' id='word_1_128' title='bbox 416 3349 515 3409; x_wconf 93' lang='lat' dir='ltr'>Deum</span> <span class='ocrx_word' id='word_1_129' title='bbox 534 3369 607 3422; x_wconf 85' lang='lat' dir='ltr'>esse,</span> <span class='ocrx_word' id='word_1_130' title='bbox 627 3352 697 3427; x_wconf 89' lang='lat' dir='ltr'>quia</span> <span class='ocrx_word' id='word_1_131' title='bbox 715 3361 785 3412; x_wconf 91' lang='lat' dir='ltr'>tunc</span> <span class='ocrx_word' id='word_1_132' title='bbox 800 3362 969 3431; x_wconf 89' lang='lat' dir='ltr'>sequeretur</span> <span class='ocrx_word' id='word_1_133' title='bbox 982 3352 1150 3424; x_wconf 84' lang='lat' dir='ltr'>formaliter,</span> <span class='ocrx_word' id='word_1_134' title='bbox 1169 3354 1194 3413; x_wconf 90' lang='lat' dir='ltr'>si</span> <span class='ocrx_word' id='word_1_135' title='bbox 1237 3378 1239 3382; x_wconf 51' lang='lat'><strong><em>¹</em></strong></span> 
     </span>
    </p>
   </div>
   <div class='ocr_carea' id='block_1_11' title="bbox 136 3440 1195 3822">
    <p class='ocr_par' dir='ltr' id='par_1_11' title="bbox 136 3440 1195 3822">
     <span class='ocr_line' id='line_1_20' title="bbox 137 3440 1192 3527; baseline 0.003 -20"><span class='ocrx_word' id='word_1_136' title='bbox 137 3440 210 3507; x_wconf 84' lang='lat' dir='ltr'>nihil</span> <span class='ocrx_word' id='word_1_137' title='bbox 224 3459 277 3519; x_wconf 88' lang='lat' dir='ltr'>est,</span> <span class='ocrx_word' id='word_1_138' title='bbox 292 3444 478 3525; x_wconf 56' lang='lat' dir='ltr'>aliqndtest.</span> <span class='ocrx_word' id='word_1_139' title='bbox 519 3445 606 3508; x_wconf 66' lang='lat' dir='ltr'>lem*</span> <span class='ocrx_word' id='word_1_140' title='bbox 620 3459 686 3522; x_wconf 89' lang='lat' dir='ltr'>stat,</span> <span class='ocrx_word' id='word_1_141' title='bbox 700 3450 848 3509; x_wconf 90' lang='lat' dir='ltr'>veritatem</span> <span class='ocrx_word' id='word_1_142' title='bbox 861 3468 936 3522; x_wconf 90' lang='lat' dir='ltr'>esse,</span> <span class='ocrx_word' id='word_1_143' title='bbox 948 3469 1016 3509; x_wconf 91' lang='lat' dir='ltr'>cum</span> <span class='ocrx_word' id='word_1_144' title='bbox 1029 3449 1096 3521; x_wconf 91' lang='lat' dir='ltr'>hoc,</span> <span class='ocrx_word' id='word_1_145' title='bbox 1110 3449 1192 3527; x_wconf 89' lang='lat' dir='ltr'>quod</span> 
     </span>
     <span class='ocr_line' id='line_1_21' title="bbox 137 3545 1195 3625; baseline 0.006 -20"><span class='ocrx_word' id='word_1_146' title='bbox 137 3563 200 3606; x_wconf 87' lang='lat' dir='ltr'>non</span> <span class='ocrx_word' id='word_1_147' title='bbox 215 3545 251 3605; x_wconf 89' lang='lat' dir='ltr'>sit</span> <span class='ocrx_word' id='word_1_148' title='bbox 265 3545 373 3623; x_wconf 86' lang='lat' dir='ltr'>aliquid</span> <span class='ocrx_word' id='word_1_149' title='bbox 381 3565 390 3618; x_wconf 92' lang='lat'>;</span> <span class='ocrx_word' id='word_1_150' title='bbox 412 3563 480 3605; x_wconf 92' lang='lat' dir='ltr'>cum</span> <span class='ocrx_word' id='word_1_151' title='bbox 493 3548 597 3606; x_wconf 85' lang='lat' dir='ltr'>veritas</span> <span class='ocrx_word' id='word_1_152' title='bbox 610 3556 709 3625; x_wconf 91' lang='lat' dir='ltr'>potest</span> <span class='ocrx_word' id='word_1_153' title='bbox 723 3565 797 3618; x_wconf 89' lang='lat' dir='ltr'>esse,</span> <span class='ocrx_word' id='word_1_154' title='bbox 811 3547 893 3624; x_wconf 92' lang='lat' dir='ltr'>quod</span> <span class='ocrx_word' id='word_1_155' title='bbox 911 3547 983 3607; x_wconf 92' lang='lat' dir='ltr'>nihil</span> <span class='ocrx_word' id='word_1_156' title='bbox 1001 3548 1038 3608; x_wconf 84' lang='lat' dir='ltr'>sit</span> <span class='ocrx_word' id='word_1_157' title='bbox 1045 3567 1054 3621; x_wconf 89' lang='lat'>;</span> <span class='ocrx_word' id='word_1_158' title='bbox 1075 3558 1105 3609; x_wconf 91' lang='lat' dir='ltr'>et</span> <span class='ocrx_word' id='word_1_159' title='bbox 1124 3558 1195 3611; x_wconf 89' lang='lat' dir='ltr'>tunc</span> 
     </span>
     <span class='ocr_line' id='line_1_22' title="bbox 137 3634 1195 3725; baseline 0.003 -21"><span class='ocrx_word' id='word_1_160' title='bbox 137 3634 201 3705; x_wconf 83' lang='lat' dir='ltr'>non</span> <span class='ocrx_word' id='word_1_161' title='bbox 227 3654 272 3704; x_wconf 88' lang='lat' dir='ltr'>est</span> <span class='ocrx_word' id='word_1_162' title='bbox 299 3642 418 3721; x_wconf 88' lang='lat' dir='ltr'>aliquid.</span> <span class='ocrx_word' id='word_1_163' title='bbox 470 3643 509 3703; x_wconf 91' lang='lat' dir='ltr'>Et</span> <span class='ocrx_word' id='word_1_164' title='bbox 533 3647 612 3703; x_wconf 78' lang='lat' dir='ltr'>lern&#39;o</span> <span class='ocrx_word' id='word_1_165' title='bbox 635 3645 774 3723; x_wconf 90' lang='lat' dir='ltr'>possibile</span> <span class='ocrx_word' id='word_1_166' title='bbox 798 3655 852 3718; x_wconf 90' lang='lat' dir='ltr'>est,</span> <span class='ocrx_word' id='word_1_167' title='bbox 877 3664 942 3705; x_wconf 88' lang='lat' dir='ltr'>esse</span> <span class='ocrx_word' id='word_1_168' title='bbox 967 3664 1139 3725; x_wconf 90' lang='lat' dir='ltr'>processum</span> <span class='ocrx_word' id='word_1_169' title='bbox 1164 3649 1195 3706; x_wconf 91' lang='lat' dir='ltr'>in</span> 
     </span>
     <span class='ocr_line' id='line_1_23' title="bbox 136 3739 1195 3822; baseline 0.002 -20"><span class='ocrx_word' id='word_1_170' title='bbox 136 3740 283 3802; x_wconf 87' lang='lat' dir='ltr'>infinitum</span> <span class='ocrx_word' id='word_1_171' title='bbox 307 3739 338 3799; x_wconf 88' lang='lat' dir='ltr'>in</span> <span class='ocrx_word' id='word_1_172' title='bbox 361 3740 619 3804; x_wconf 72' lang='lat' dir='ltr'>causationibus¹⁰t</span> <span class='ocrx_word' id='word_1_173' title='bbox 644 3758 707 3802; x_wconf 88' lang='lat' dir='ltr'>non</span> <span class='ocrx_word' id='word_1_174' title='bbox 731 3760 803 3821; x_wconf 80' lang='lat' dir='ltr'>ergo</span> <span class='ocrx_word' id='word_1_175' title='bbox 827 3744 966 3822; x_wconf 87' lang='lat' dir='ltr'>sequitur,</span> <span class='ocrx_word' id='word_1_176' title='bbox 987 3745 1012 3804; x_wconf 87' lang='lat' dir='ltr'>si</span> <span class='ocrx_word' id='word_1_177' title='bbox 1033 3761 1122 3806; x_wconf 81' lang='lat' dir='ltr'>causa</span> <span class='ocrx_word' id='word_1_178' title='bbox 1142 3755 1195 3818; x_wconf 86' lang='lat' dir='ltr'>est,</span> 
     </span>
    </p>
   </div>
   <div class='ocr_carea' id='block_1_12' title="bbox 136 3919 1197 4249">
    <p class='ocr_par' dir='ltr' id='par_1_12' title="bbox 136 3919 1197 4249">
     <span class='ocr_line' id='line_1_24' title="bbox 176 3919 1197 3988; baseline 0.001 -17"><span class='ocrx_word' id='word_1_179' title='bbox 176 3920 264 3972; x_wconf 73' lang='lat' dir='ltr'>‘omui</span> <span class='ocrx_word' id='word_1_180' title='bbox 275 3920 383 3986; x_wconf 88' lang='lat' dir='ltr'>homini]</span> <span class='ocrx_word' id='word_1_181' title='bbox 395 3922 507 3972; x_wconf 86' lang='lat' dir='ltr'>omnium</span> <span class='ocrx_word' id='word_1_182' title='bbox 518 3919 656 3980; x_wconf 81' lang='lat' dir='ltr'>hominum,</span> <span class='ocrx_word' id='word_1_183' title='bbox 668 3921 707 3972; x_wconf 79' lang='lat' dir='ltr'>ed.</span> <span class='ocrx_word' id='word_1_184' title='bbox 715 3937 754 3988; x_wconf 91' lang='lat' dir='ltr'>pr.</span> <span class='ocrx_word' id='word_1_185' title='bbox 819 3921 953 3988; x_wconf 56' lang='grc' dir='ltr'>’πεζικῇ</span> <span class='ocrx_word' id='word_1_186' title='bbox 965 3928 1048 3987; x_wconf 73' lang='lat' dir='ltr'>neget,</span> <span class='ocrx_word' id='word_1_187' title='bbox 1060 3921 1094 3971; x_wconf 92' lang='lat' dir='ltr'>D.</span> <span class='ocrx_word' id='word_1_188' title='bbox 1102 3920 1197 3987; x_wconf 87' lang='lat' dir='ltr'>primae</span> 
     </span>
     <span class='ocr_line' id='line_1_25' title="bbox 138 3985 1196 4064; baseline -0.003 -25"><span class='ocrx_word' id='word_1_189' title='bbox 138 4003 235 4039; x_wconf 81' lang='lat' dir='ltr'>manus.</span> <span class='ocrx_word' id='word_1_190' title='bbox 308 3987 389 4037; x_wconf 76' lang='lat' dir='ltr'>&#39;esse</span> <span class='ocrx_word' id='word_1_191' title='bbox 406 4002 463 4037; x_wconf 87' lang='lat' dir='ltr'>cum</span> <span class='ocrx_word' id='word_1_192' title='bbox 480 3987 667 4052; x_wconf 77' lang='lat' dir='ltr'>negando-vel</span> <span class='ocrx_word' id='word_1_193' title='bbox 684 3997 722 4038; x_wconf 85' lang='lat' dir='ltr'>est</span> <span class='ocrx_word' id='word_1_194' title='bbox 738 3985 910 4052; x_wconf 84' lang='lat' dir='ltr'>finitum]om.</span> <span class='ocrx_word' id='word_1_195' title='bbox 923 3987 952 4036; x_wconf 86' lang='lat' dir='ltr'>B.</span> <span class='ocrx_word' id='word_1_196' title='bbox 1024 3986 1088 4064; x_wconf 67' lang='lat' dir='ltr'>‘eq</span> <span class='ocrx_word' id='word_1_197' title='bbox 1099 4002 1149 4037; x_wconf 89' lang='lat' dir='ltr'>om.</span> <span class='ocrx_word' id='word_1_198' title='bbox 1161 3986 1196 4036; x_wconf 91' lang='lat' dir='ltr'>D.</span> 
     </span>
     <span class='ocr_line' id='line_1_26' title="bbox 136 4050 1197 4121; baseline -0.003 -18"><span class='ocrx_word' id='word_1_199' title='bbox 136 4052 216 4118; x_wconf 77' lang='lat' dir='ltr'>⁸vel]</span> <span class='ocrx_word' id='word_1_200' title='bbox 234 4059 284 4106; x_wconf 80' lang='lat' dir='ltr'>aut.</span> <span class='ocrx_word' id='word_1_201' title='bbox 301 4051 341 4101; x_wconf 88' lang='lat' dir='ltr'>ed.</span> <span class='ocrx_word' id='word_1_202' title='bbox 353 4067 390 4118; x_wconf 90' lang='lat' dir='ltr'>pr.</span> <span class='ocrx_word' id='word_1_203' title='bbox 483 4051 496 4121; x_wconf 9' lang='grc' dir='ltr'>’Ἰ</span> <span class='ocrx_word' id='word_1_204' title='bbox 510 4051 690 4119; x_wconf 87' lang='lat' dir='ltr'>multipliciter]</span> <span class='ocrx_word' id='word_1_205' title='bbox 708 4052 805 4104; x_wconf 85' lang='lat' dir='ltr'>omD.</span> <span class='ocrx_word' id='word_1_206' title='bbox 894 4051 1045 4118; x_wconf 73' lang='lat' dir='ltr'>&#39;propriel</span> <span class='ocrx_word' id='word_1_207' title='bbox 1089 4050 1133 4115; x_wconf 89' lang='lat' dir='ltr'>co]</span> <span class='ocrx_word' id='word_1_208' title='bbox 1150 4065 1197 4116; x_wconf 86' lang='lat' dir='ltr'>pro</span> 
     </span>
     <span class='ocr_line' id='line_1_27' title="bbox 137 4114 1196 4184; baseline -0.004 -14"><span class='ocrx_word' id='word_1_209' title='bbox 137 4120 208 4170; x_wconf 92' lang='lat' dir='ltr'>bono</span> <span class='ocrx_word' id='word_1_210' title='bbox 219 4117 312 4182; x_wconf 77' lang='lat' dir='ltr'>logico.</span> <span class='ocrx_word' id='word_1_211' title='bbox 324 4116 373 4173; x_wconf 84' lang='lat' dir='ltr'>D.;</span> <span class='ocrx_word' id='word_1_212' title='bbox 391 4133 437 4182; x_wconf 92' lang='lat' dir='ltr'>pro</span> <span class='ocrx_word' id='word_1_213' title='bbox 448 4116 530 4183; x_wconf 90' lang='lat' dir='ltr'>primo</span> <span class='ocrx_word' id='word_1_214' title='bbox 540 4117 606 4174; x_wconf 83' lang='lat' dir='ltr'>loco,</span> <span class='ocrx_word' id='word_1_215' title='bbox 617 4118 655 4168; x_wconf 90' lang='lat' dir='ltr'>ed.</span> <span class='ocrx_word' id='word_1_216' title='bbox 668 4133 705 4184; x_wconf 89' lang='lat' dir='ltr'>pr.</span> <span class='ocrx_word' id='word_1_217' title='bbox 718 4116 778 4169; x_wconf 88' lang='lat' dir='ltr'>B.C.</span> <span class='ocrx_word' id='word_1_218' title='bbox 835 4116 966 4182; x_wconf 78' lang='lat' dir='ltr'>&#39;aliquid]</span> <span class='ocrx_word' id='word_1_219' title='bbox 979 4124 1038 4167; x_wconf 90' lang='lat' dir='ltr'>tunc</span> <span class='ocrx_word' id='word_1_220' title='bbox 1074 4114 1150 4180; x_wconf 82' lang='lat' dir='ltr'>rquid,</span> <span class='ocrx_word' id='word_1_221' title='bbox 1162 4115 1196 4166; x_wconf 85' lang='grc' dir='ltr'>Ι).</span> 
     </span>
     <span class='ocr_line' id='line_1_28' title="bbox 138 4179 1180 4249; baseline -0.004 -11"><span class='ocrx_word' id='word_1_222' title='bbox 138 4186 149 4218; x_wconf 78' lang='grc'>’</span> <span class='ocrx_word' id='word_1_223' title='bbox 167 4183 244 4248; x_wconf 87' lang='lat' dir='ltr'>Item]</span> <span class='ocrx_word' id='word_1_224' title='bbox 256 4183 359 4241; x_wconf 82' lang='lat' dir='ltr'>lterum,</span> <span class='ocrx_word' id='word_1_225' title='bbox 372 4182 405 4233; x_wconf 87' lang='lat' dir='ltr'>D.</span> <span class='ocrx_word' id='word_1_226' title='bbox 471 4183 491 4214; x_wconf 78' lang='lat'>¹⁰</span> <span class='ocrx_word' id='word_1_227' title='bbox 507 4181 703 4249; x_wconf 72' lang='lat' dir='ltr'>concanonibus]</span> <span class='ocrx_word' id='word_1_228' title='bbox 715 4182 813 4243; x_wconf 69' lang='lat' dir='ltr'>talibus,</span> <span class='ocrx_word' id='word_1_229' title='bbox 825 4182 874 4242; x_wconf 89' lang='lat' dir='ltr'>D.;</span> <span class='ocrx_word' id='word_1_230' title='bbox 893 4181 1040 4241; x_wconf 79' lang='lat' dir='ltr'>causalibus,</span> <span class='ocrx_word' id='word_1_231' title='bbox 1049 4179 1088 4232; x_wconf 82' lang='lat' dir='ltr'>ed.</span> <span class='ocrx_word' id='word_1_232' title='bbox 1099 4195 1137 4247; x_wconf 90' lang='lat' dir='ltr'>pr.</span> <span class='ocrx_word' id='word_1_233' title='bbox 1149 4180 1180 4234; x_wconf 83' lang='lat' dir='ltr'>C.</span> 
     </span>
    </p>
   </div>
   <div class='ocr_carea' id='block_1_13' title="bbox 526 4474 541 4508">
    <p class='ocr_par' dir='ltr' id='par_1_13' title="bbox 526 4474 541 4508">
     <span class='ocr_line' id='line_1_29' title="bbox 526 4474 541 4508; baseline 0 0"><span class='ocrx_word' id='word_1_234' title='bbox 526 4474 541 4508; x_wconf 65' lang='grc' dir='ltr'><em>Ι</em></span> 
     </span>
    </p>
   </div>
   <div class='ocr_carea' id='block_1_14' title="bbox 0 0 1441 4836">
    <p class='ocr_par' dir='ltr' id='par_1_14' title="bbox 0 0 1441 4836">
     <span class='ocr_line' id='line_1_30' title="bbox 0 0 1441 4836; baseline 0 0"><span class='ocrx_word' id='word_1_235' title='bbox 0 0 1441 4836; x_wconf 95' lang='lat' dir='ltr'> </span> 
     </span>
    </p>
   </div>
  </div>
 </body>
</html>
