2864 4836
138 438 222 477 cana
505 414 846 478 TRIALOGUS.

137 585 275 636 mentum
288 577 429 655 topicum,
444 577 526 655 quod
545 577 638 637 homo
658 586 796 653 comptus
817 585 862 634 est
876 592 913 633 err
933 574 1002 632 hinc
1017 574 1193 645 luxuriosus,

138 674 183 735 sic
205 683 250 734 est
270 685 476 752 argumentum
497 675 640 752 topicum,
658 675 730 734 ‘ista
751 674 854 752 opinio
875 674 1036 750 originatur
1057 689 1075 729 a
1096 671 1193 742 fratre,

137 787 215 848 ergo
229 781 275 831 est
288 771 378 844 falsa'
392 791 463 832 nam
477 791 580 832 eorum
593 771 748 832 mendacia
761 772 871 831 iaciunt
885 770 1061 830 evidentiam
1081 768 1119 828 ad
1134 769 1193 829 hoc

137 869 273 947 topicam
292 881 505 948 argumentum.
546 871 649 929 Primo
667 869 760 930 enim¹
781 868 897 946 arguo¹,
911 868 993 946 quod
1009 870 1092 946 juxta
1109 869 1194 928 istam

137 968 219 1028 viam
233 985 339 1044 corpus
353 967 461 1028 Christi
480 980 508 1027 et
527 969 569 1028 sic
583 967 715 1028 Christus
734 966 911 1045 glorificatus
930 968 962 1026 in
981 985 1105 1043 corpore
1122 968 1194 1025 reci·

88 1051 94 1065 '
137 1075 224 1143 peret
250 1082 356 1125 omnes
380 1067 636 1126 transmutationes
659 1065 705 1125 vel
729 1066 985 1125 denominationes
1009 1082 1082 1142 quas
1107 1066 1193 1142 panis

135 1161 205 1223 ille·
231 1163 381 1241 reciperet,
409 1174 438 1223 et
466 1163 508 1223 sic
536 1182 644 1241 corpus
672 1163 780 1224 Christi
807 1164 917 1223 nedum
942 1164 1017 1223 foret
1042 1162 1151 1222 facturn
1177 1181 1195 1221 a

136 1259 311 1339 presbytero
332 1260 497 1320 celebrante
518 1262 572 1321 sed
592 1280 610 1320 a
630 1263 747 1340 pistore,
761 1273 790 1321 et
812 1281 890 1321 nunc
911 1262 1131 1338 multiplicatum
1152 1262 1194 1320 sic

136 1356 223 1435 quod
244 1356 376 1419 Christus
396 1359 516 1420 haberet
536 1360 622 1420 simul
643 1361 734 1420 multa
754 1378 890 1437 corpora,
910 1370 940 1418 et
956 1376 1061 1418 omnes
1082 1357 1195 1434 praedi·

137 1454 281 1527 meones
295 1475 369 1534 quas
384 1458 470 1535 panis
484 1459 538 1518 iste
555 1460 665 1535 recipit,
681 1454 802 1536 corpus⁴
816 1457 921 1517 Christi
941 1459 1091 1533 reciperet,
1105 1465 1134 1514 et
1153 1457 1195 1515 sic

138 1571 210 1614 mus
228 1572 337 1632 corpus
351 1554 457 1616 Christi
475 1557 659 1628 comederet,
665 1557 762 1634 ipsum
781 1573 888 1632 corpus
903 1553 1010 1616 Christi
1029 1555 1195 1632 putrefieret

139 1669 318 1713 conversum
336 1653 367 1712 in
381 1672 504 1726 vermes,
518 1664 548 1713 et
566 1655 738 1733 generaliter
757 1653 895 1714 sacerdos
914 1653 1064 1712 celebrans
1085 1652 1193 1711 collum

139 1759 172 1813 et
200 1751 301 1810 omnia
326 1753 461 1812 membra
483 1751 591 1813 Christi
618 1752 764 1829 frangeret
770 1771 779 1823 ;
811 1751 865 1811 sed
888 1747 959 1827 quid
983 1749 1126 1810 infidelius
1150 1748 1196 1808 vel

140 1846 387 1909 abhominabilius
401 1849 537 1910 desolans
548 1849 724 1910 catholicum
738 1850 899 1908 viatorem?
933 1847 971 1907 Et
986 1846 1196 1923 consequentia

140 1956 232 2025 patet,
251 1947 320 2023 quia
340 1948 461 2024 quando
481 1948 557 2008 duae
578 1958 698 2008 naturae
720 1946 934 2007 identificantur
953 1947 984 2004 in
1005 1945 1108 2004 eadem
1130 1962 1196 2021 per·

141 2061 228 2110 sona,
248 2055 279 2105 ut
302 2055 382 2122 patet
405 2046 436 2105 in
460 2047 580 2106 materia
603 2045 640 2104 de
663 2045 872 2116 incarnatione,
895 2045 992 2103 omnis
1016 2043 1194 2120 praedicatio

141 2141 260 2203 alterius
276 2155 396 2202 naturae
415 2144 512 2203 eidem
531 2162 677 2221 personae
695 2144 840 2203 convenit
884 2142 932 2202 Sic
952 2142 1032 2201 enim
1045 2160 1112 2201 vere
1133 2158 1196 2200 cre·

142 2237 263 2311 dimns',
285 2241 396 2301 nedum
416 2241 497 2318 quod
519 2241 651 2301 Christus
672 2242 725 2301 sed
749 2241 832 2318 quod
852 2241 934 2300 Deus
957 2240 1009 2298 fuit
1032 2239 1195 2309 crucifixus,

141 2349 275 2399 mortuus
289 2349 319 2397 et
328 2339 467 2417 sepultus,
479 2339 553 2399 sicut
563 2358 616 2417 per
626 2350 693 2399 ante
707 2339 761 2399 fuit
775 2338 972 2417 temporaliter
985 2338 1101 2414 genitus
1116 2347 1145 2396 et
1159 2355 1196 2396 ex

142 2435 264 2496 muliere
277 2436 380 2496 lactus.
416 2437 552 2497 Similiter
562 2439 586 2497 si
601 2439 655 2498 iste
670 2439 755 2514 panis
769 2439 810 2496 sic
825 2437 918 2496 factus
932 2436 1077 2496 identifice
1089 2454 1196 2512 corpus

143 2532 262 2605 Christi,
281 2545 310 2594 et
324 2534 394 2594 illud
413 2553 520 2613 corpus
539 2545 584 2594 est
603 2517 715 2595 realiter
733 2536 796 2612 ipse
811 2534 952 2605 Christus,
967 2552 1038 2611 ergo
1051 2533 1098 2592 ille
1112 2533 1197 2610 panis

142 2643 190 2693 est
216 2631 310 2693 lactus
334 2634 447 2694 realiter
471 2633 605 2695 Christus
629 2633 721 2693 Deus.
775 2632 834 2692 Sed
862 2651 937 2710 quae
962 2631 1095 2692 idolatria
1122 2631 1197 2690 foret

142 2730 270 2807 amplius
283 2731 474 2792 detestanda?
509 2731 558 2792 Sic
571 2732 650 2791 enirn
664 2731 782 2791 haberet
801 2732 946 2808 quaelibet
960 2731 1085 2791 ecclesia
1098 2728 1196 2788 Deum

143 2845 239 2899 suum,
261 2830 311 2904 qui
332 2830 473 2906 reciperet
494 2829 726 2905 praedicationes
747 2828 980 2888 abhominabiles
1006 2827 1196 2904 supradictas,
1285 2839 1287 2844 '

142 2934 173 2984 et
194 2926 236 2984 sic
256 2924 357 2985 Deitas
378 2926 453 2985 foret
477 2928 643 3003 turpissima
663 2945 709 2986 res
733 2928 763 2985 in
789 2927 910 2987 mundo.
953 2927 1089 2985 Similiter
1111 2927 1135 2985 si
1159 2924 1197 2983 ad

143 3040 264 3083 sensum
277 3025 444 3100 expositum
461 3022 537 3082 foret
550 3025 710 3100 impanatio
725 3026 798 3085 sicut
818 3035 862 3084 est
881 3025 1051 3096 incarnatio,
1067 3026 1197 3099 impana-

144 3121 234 3181 tionis
254 3119 392 3180 festivitas
416 3119 491 3181 foret
511 3121 679 3181 solemniter
701 3122 883 3194 celebranda,
904 3132 933 3181 et
954 3120 1087 3181 Christus
1108 3120 1197 3178 foret⁶

143 3216 183 3278 ad
204 3235 324 3278 sensum
349 3219 533 3278 consimilem
557 3219 650 3300 factus
675 3231 759 3297 petra
778 3195 873 3296 agnus
901 3220 963 3279 ovis
991 3219 1095 3277 vitulus
1124 3219 1197 3277 aries

144 3334 266 3392 serpens
286 3327 341 3376 etc.
361 3316 413 3376 sed
433 3317 504 3393 quid
523 3316 655 3376 stultius?
690 3317 764 3376 ldeo
783 3328 894 3375 certum
913 3327 957 3374 est
975 3333 1012 3374 ex
1034 3316 1099 3386 fide,
1116 3315 1196 3391 quod

145 3415 232 3474 istam
253 3414 442 3492 scripturam*
459 3414 535 3474 ‘hoc
552 3425 597 3473 est
615 3432 722 3490 corpus
736 3414 853 3485 meum,'
869 3414 942 3472 sicut
956 3412 1026 3472 alias
1039 3414 1066 3471 ei
1080 3413 1195 3481 similes,

143 3522 261 3590 oportet
271 3513 302 3571 in
316 3513 532 3590 praedicatione
543 3512 706 3571 secundum
717 3509 916 3569 habitudinem
929 3521 1088 3586 acceptare.
1123 3510 1196 3568 Ideo

144 3610 276 3669 notanda
296 3620 341 3670 est
362 3611 447 3669 nobis
469 3629 529 3669 una
550 3609 711 3668 differentia
730 3609 804 3666 inter
824 3608 1072 3684 praedicationem
1093 3607 1196 3666 identi-

144 3707 232 3768 licam
246 3718 275 3767 et
288 3708 536 3786 praedicationem
551 3707 713 3767 secundum
732 3704 943 3764 habitudinem.
984 3704 1063 3765 Nam
1076 3706 1196 3782 quando

144 3806 220 3865 duae
246 3816 365 3865 naturae
389 3805 602 3865 identificantur
627 3804 723 3864 eidem
747 3821 900 3880 personae,
921 3815 953 3863 ut
977 3801 1135 3880 contingit⁸
1159 3802 1196 3862 de

178 3994 186 4024 ¹
202 3992 281 4058 enim]
293 4007 361 4058 ergo,
373 3993 407 4041 D.
505 3992 515 4022 ¹
531 3992 621 4057 arguo]
633 3999 720 4042 contra
732 3992 798 4042 istud
810 4007 896 4056 arguo.
906 3990 939 4040 D.
951 3991 989 4042 ed.
1002 4007 1039 4055 pr.
1115 3991 1125 4020 ⁸
1141 3990 1195 4056 ille]

144 4058 246 4108 omed.
259 4074 296 4124 pr.
394 4057 768 4122 ⁴corpus]etcorpus,ed.pr.
861 4055 1195 4120 ‘concedimus]credimus,

145 4123 239 4173 hac.
338 4122 565 4186 ‘Christuslorefl
579 4122 741 4179 sictoretn.
843 4120 1195 4186 'scripturam]sententiam,

144 4188 183 4238 ed.
196 4204 234 4253 pr.
367 4190 376 4219 ⁸
392 4188 527 4253 contingit]
539 4187 652 4253 contigit.
664 4188 697 4236 Α.
