2864 4836
50 484 154 529 mr,
418 462 760 527 rnrnnooun
1198 458 1261 545 289

10 680 12 685 .
102 621 267 683 Phrnusr's.
310 624 409 686 Placet
422 626 502 705 quod
517 628 559 687 sic
572 628 700 687 inculcas
714 627 803 688 dubia
816 627 886 686 satis
899 624 1039 704 pulchra3
1060 625 1113 686 sed

10 749 21 804 χ
54 720 176 782 videtur
202 722 282 795 mihi,
311 724 392 801 quod
420 725 514 783 mr
540 726 698 802 uitgularis
730 724 871 803 puniendi
900 724 1056 784 damnatos
1084 723 1115 782 in

10 893 13 899 Ι
55 817 179 879 Mauo
198 821 357 880 viatoribus
380 831 412 880 ut
432 823 626 881 communiter
646 831 690 882 est
711 822 837 899 ignotus,
855 821 996 898 generata
1015 830 1115 879 tamen

10 906 14 925 ¹
57 916 158 976 nodas
175 918 330 994 puniendi¹
345 919 501 978 damnatos
520 937 556 978 ex
575 921 725 997 principiis
744 919 811 979 fidei
829 921 898 978 satis
919 919 1115 994 cognoscitur.

58 1011 196 1074 Poenam
210 1025 307 1074 autem
321 1015 419 1075 damni
430 1034 568 1076 vocamus
582 1017 732 1088 damnum,
747 1017 828 1094 quod
840 1019 920 1094 justo
931 1015 988 1075 Dei
1000 1016 1112 1092 judicio
1151 1032 1293 1118 pugg-3333&

59 1121 111 1172 eat
123 1110 295 1186 inflictum²3
319 1125 348 1174 et
361 1113 431 1172 illud
444 1111 602 1173 damnum⁸
616 1133 672 1174 nec
686 1125 731 1174 est
745 1125 827 1174 actus
846 1133 902 1174 nec
921 1114 1045 1190 qualitas
1064 1112 1118 1171 sed
1152 1113 1283 1198 ww

61 1209 187 1286 privatio
204 1229 241 1270 ex
256 1213 383 1272 carentia
396 1213 492 1283 boni‘,
506 1212 589 1289 quod
602 1222 646 1272 est
659 1231 696 1272 ex
711 1212 767 1272 Dei
787 1213 880 1290 gratia
892 1213 923 1271 in
936 1212 1037 1270 beatis.
1079 1210 1118 1271 Et
1151 1205 1224 1232 “m

61 1302 108 1362 sic
124 1302 308 1382 distinguitur
320 1321 418 1382 poena
432 1306 532 1365 damni
546 1315 575 1365 et
593 1324 692 1383 poena
711 1323 816 1365 sensus
836 1316 976 1383 tanquam
995 1305 1117 1381 privatio

60 1409 95 1460 et
108 1411 191 1461 actus
203 1403 369 1462 immanens
383 1403 428 1462 vel
442 1404 565 1480 qualitas
579 1404 710 1481 positiva
753 1402 792 1462 Et
807 1404 919 1463 existis
938 1403 1118 1480 quandoque

62 1496 148 1558 innui
162 1500 367 1560 conclusiones
381 1501 486 1577 dignas
499 1503 650 1561 memoria.
977 1507 979 1511 ’

108 1594 225 1668 Prrina,
240 1597 321 1675 quod
334 1598 365 1657 in
382 1599 527 1659 damnatis
544 1617 643 1677 poena
662 1598 763 1659 damni
784 1608 829 1658 est
841 1599 986 1659 infinitum
1007 1602 1122 1679 gravior

61 1711 164 1771 poena
174 1711 284 1766 sensus,
296 1696 365 1773 quia
378 1714 447 1756 cum
461 1696 735 1774 quantumcunque⁸
745 1698 825 1773 gravi
839 1715 937 1773 poena
948 1718 1054 1759 sensus
1063 1710 1120 1758 stat

61 1791 223 1863 beatitudo,
234 1803 266 1852 ut
279 1803 360 1871 patet
371 1794 408 1853 de
418 1793 553 1867 Christ03
575 1795 628 1854 sed
638 1811 753 1870 poenae
763 1793 863 1852 damni
874 1806 1019 1871 repugnat
1029 1795 1121 1854 beati-

60 1888 138 1950 tudo
158 1889 324 1952 formaliter.
365 1892 440 1952 Ideo
457 1911 526 1952 cum
543 1892 689 1951 inlinitum
708 1908 848 1967 magnam
866 1909 995 1968 poenam
1015 1910 1120 1951 seusus

62 1995 164 2065 potest
195 1987 287 2049 bomo
320 1989 397 2067 juste
421 1990 541 2050 sufferre
568 1989 606 2050 ad
633 1989 834 2049 evacuandum
862 1989 917 2048 sibi
945 2001 1116 2067 perpetuam

63 2101 196 2162 poenam
209 2084 318 2158 damm,
331 2086 444 2146 videtur
462 2087 656 2159 martenum,
670 2087 751 2164 quod
769 2105 867 2163 poena
885 2087 985 2146 damni
1004 2090 1041 2148 sit
1055 2088 1120 2146 inli-

64 2182 162 2242 nitum
171 2185 288 2260 gravior
297 2201 525 2262 poenasensus3
548 2204 615 2246 cum
627 2185 706 2244 enim
717 2184 798 2244 illae⁸
808 2203 923 2262 poenae
934 2186 992 2246 sint
1002 2186 1122 2245 rationis

64 2289 129 2339 tam
141 2279 266 2358 disparis
281 2282 363 2359 quod
384 2301 446 2342 non
460 2293 597 2361 poterunt
619 2284 774 2360 coaequari
795 2284 833 2342 ad
853 2284 988 2355 invicem,
1002 2301 1064 2342 non
1078 2302 1122 2343 se·

63 2378 171 2456 quur,
192 2379 217 2439 si
238 2398 298 2439 una
318 2381 354 2441 sit
373 2381 518 2441 infinitum
539 2382 654 2458 gravior
674 2398 763 2457 quarn
785 2380 902 2457 reliqua,
924 2382 1005 2458 quod
1026 2399 1124 2459 poena

63 2477 182 2554 gravior
194 2477 231 2537 sit
243 2478 388 2538 infinitum
408 2481 513 2557 grevia
554 2478 619 2539 Nec
633 2489 678 2537 est
697 2478 861 2555 putandum
879 2479 962 2556 quod
974 2481 1123 2556 quantitas

64 2575 213 2652 gravitatis
227 2591 342 2653 poenae
361 2577 462 2637 damni
476 2577 586 2637 attendi
605 2576 692 2636 debet
711 2577 879 2653 simpliciter
897 2595 989 2654 penes
1006 2577 1121 2655 quanti·

65 2682 157 2733 tatem
171 2674 321 2734 commodi
335 2675 416 2752 quod
437 2674 601 2735 nonhabet
621 2675 663 2734 sic
683 2676 810 2751 punitus,
825 2676 894 2752 quia
915 2676 956 2734 sic
977 2675 1123 2735 infinitum

65 2771 164 2849 gravis
177 2770 252 2831 foret
265 2772 411 2849 quaelibet
424 2790 522 2850 poena
537 2773 645 2834 damni.
687 2773 786 2832 Nemo
797 2774 876 2831 enim
890 2772 979 2832 habet
993 2791 1122 2850 poenam

66 2869 168 2929 damni
181 2870 238 2929 nisi
251 2869 298 2929 ille
317 2871 367 2947 qui
386 2889 448 2931 non
470 2871 559 2932 babet
578 2873 639 2931 imo
658 2871 708 2949 qui
727 2880 806 2931 caret
825 2870 985 2930 commodo
1000 2871 1123 2930 infinito.

66 2966 142 3026 Ideo
167 2968 192 3027 si
215 2985 309 3044 penes
333 2971 525 3046 quantitatem
550 2970 614 3029 talis
638 2969 869 3029 non-habitionis
894 2969 953 3028 sive
978 2969 1123 3028 carentiae

66 3064 223 3125 attenditur
243 3067 368 3143 gravitas
388 3084 503 3143 poenae
524 3066 633 3138 damni,
648 3068 728 3127 nulla
748 3068 813 3132 talis
829 3084 927 3143 poena
940 3065 1015 3125 foret
1028 3066 1123 3142 major

66 3179 158 3240 quam
167 3163 287 3241 reliqua,
301 3165 353 3225 sed
367 3164 441 3225 soret
455 3165 600 3242 quaelibet
614 3166 735 3224 infinita.
777 3163 850 3223 Ideo
865 3163 933 3235 dixi,
948 3163 1067 3240 quando
1082 3162 1124 3221 sui

63 3260 173 3339 junior,
194 3261 275 3339 quod
295 3263 441 3339 quantitas
462 3281 576 3340 poenae
598 3263 699 3323 damni
719 3262 876 3321 attenditur
894 3278 988 3338 penes
1007 3260 1124 3337 quanti·

66 3367 158 3419 tatem
172 3360 331 3431 commodi,
345 3359 425 3436 quod
440 3359 596 3420 damnatus
609 3361 737 3431 haberet,
749 3361 773 3418 si
788 3359 912 3436 ipsemet
925 3375 987 3416 non
1000 3366 1124 3434 poneret

68 3456 186 3516 obicem
206 3458 237 3516 in
257 3457 419 3535 peccando,
461 3457 521 3518 Sed
535 3457 626 3518 modo
640 3467 761 3535 apparet
775 3456 846 3514 mihi
860 3454 935 3514 istud
954 3455 1124 3531 inbrigabile

67 3563 188 3632 propter
211 3555 318 3615 multa:
349 3556 446 3633 primo
469 3557 539 3634 quia
562 3556 718 3632 positivum
742 3563 772 3614 et
795 3553 967 3632 privativum
994 3571 1056 3611 non
1082 3552 1124 3611 sic

67 3663 206 3730 poterunt
225 3654 391 3732 coaequari,
409 3654 542 3715 secundo
561 3653 638 3732 quia,
658 3652 742 3712 cumi
761 3652 863 3712 omnia
882 3669 958 3728 quae
979 3651 1124 3722 evenient,

102 3816 156 3892 iiu
171 3841 431 3910 inferno-puniendi]
449 3859 499 3894 om.
517 3843 556 3901 B..
573 3844 606 3893 ὰ
624 3843 719 3910 primae
738 3858 840 3900 mamm
862 3842 1005 3908 generalem
1021 3839 1124 3890 modurn

70 3908 271 4023 -ffinoscitm
283 3909 328 3966 C.;
346 3909 487 4004 generalem
497 3909 816 4003 modum—eognoscimus:
827 3907 866 3958 ed.
878 3923 915 3974 pr.
946 3971 952 3982 Ι
989 3969 996 3981 .
1031 3904 1041 3934 ¹
1057 3903 1125 3980 quod

70 4053 246 4154 cumgredntia
256 4076 401 4220 bonissboui
413 4105 565 4162 etcarmtia,
576 4104 616 4154 ed
627 4120 664 4168 pr.
870 4073 1124 4167 tqinntumcunque]

70 4175 267 4299 mtracunque,
279 4171 312 4221 Α.
336 4169 374 4221 .C.
386 4169 425 4222 ed.
436 4185 474 4235 pr.
567 4169 662 4234 ‘rllael
674 4168 766 4226 nullae,
777 4168 816 4219 ed.
828 4183 865 4234 pr.
963 4164 1060 4229 lcum]
1072 4179 1124 4214 orn.

112 4333 294 4377 mumque.
588 4335 608 4377 U
