2864 4836
495 335 948 398 Pronnoonnnm.
1253 353 1291 421 31

188 493 252 556 Etsi
281 496 340 556 duo
369 495 423 556 soli
449 496 513 556 libri
541 508 571 558 et
599 497 771 575 Trialogum
800 510 828 558 et
857 496 1099 575 Supplementum
1128 496 1296 565 exhibeant,

148 604 267 662 nonnisi
281 622 357 664 unus
371 604 448 664 hunc
462 615 614 665 tractatum
625 605 766 682 Trialogo
780 604 835 683 ipsi
849 623 909 663 uno
924 605 1008 680 quasi
1021 614 1122 662 tenore
1136 577 1296 663 succeden-

146 718 209 768 tem
232 713 379 787 praebeat,
400 722 498 771 tamen
522 730 584 771 non
609 712 713 771 desunt
737 713 864 788 vestigia,
890 711 995 788 quibus
1020 720 1125 787 pateat,
1150 710 1297 787 discipulis

147 815 253 875 Wiclifi
274 817 352 877 hunc
372 825 526 878 tractatum
547 819 641 878 visum
661 836 726 878 esse
748 828 827 877 arcta
847 818 974 895 quadam
996 817 1208 877 necessitudine
1228 835 1296 875 cum

146 923 288 1001 Trialogo
310 904 507 1002 conjunctum.
549 925 663 986 Scilicet
686 927 716 985 in
738 926 845 1003 duplici
866 926 1005 1011 librorum
1029 935 1058 985 et
1082 936 1254 985 tractatuum
1278 947 1296 986 a

145 1028 263 1090 Wicliso
277 1034 510 1109 conscriptorum
529 1033 634 1102 indice,
649 1033 742 1108 quiin
757 1033 906 1092 codicibus
920 1031 1201 1093 vindobonensibus
1221 1030 1294 1114 (No.
1402 1030 1405 1034 ’

146 1152 203 1210 391
235 1146 264 1196 et
293 1155 361 1213 393,
391 1135 496 1216 De‘nrir)
529 1138 761 1216 deprehenditur,
789 1147 926 1198 tractatus
958 1139 1012 1197 iste
1041 1138 1293 1215 ‘supplementum

145 1240 286 1320 Trialogi'
306 1244 476 1321 appellatur,
490 1245 544 1304 etsi
565 1246 595 1304 in
615 1255 738 1323 utroque
759 1245 910 1323 dupliciter
930 1245 1099 1303 inscribitur.
1143 1244 1180 1304 In
1202 1229 1294 1304 altero

144 1349 225 1408 enim
248 1348 333 1429 (393)
355 1351 536 1411 invenimus:
569 1350 632 1411 ‘De
655 1350 810 1412 dotacione
834 1351 956 1410 ecclesie
981 1368 1033 1409 seu
1058 1341 1293 1427 supplementum

143 1455 289 1533 trialogi;'
319 1457 350 1515 in
370 1457 461 1516 altero
481 1476 550 1517 vero
572 1454 675 1536 (391):
708 1457 968 1534 ‘Supplementum
990 1455 1112 1533 trialogi,
1134 1458 1165 1516 id
1187 1469 1231 1516 est
1246 1456 1293 1517 ¹de

144 1562 301 1622 dotacione
325 1563 456 1636 ecclesie,
481 1574 511 1623 et
535 1563 622 1624 debet
645 1574 721 1623 stare
745 1563 911 1623 immediate
934 1572 1003 1640 post
1025 1562 1196 1640 trialogum!
1246 1563 1293 1625 Cf.

144 1667 330 1742 Smunuu‚A
347 1670 595 1750 Catologuerffthe
610 1670 745 1749 Ornatur
762 1670 857 1731 Workr
870 1670 987 1750 osJolrn
1003 1672 1112 1750 Wyclfi
1124 1671 1192 1732 Oxt'.
1207 1675 1294 1748 1865,

143 1793 173 1852 p.
189 1776 227 1849 56
243 1793 294 1854 sq,
309 1778 478 1854 praesertim
492 1797 521 1856 p.
536 1780 583 1839 62.
599 1779 647 1837 68.

184 1882 296 1942 Verum
310 1886 396 1944 etiam
410 1886 573 1957 adversarii,
585 1886 634 1963 qui
649 1884 696 1944 illa
709 1893 803 1944 aetate
816 1883 982 1955 flomerunt‚
994 1894 1147 1943 tractatum
1161 1896 1292 1945 nostrum
1421 1935 1431 1960 ,

142 1999 175 2047 ut
189 1990 330 2068 Trialogo
344 2010 492 2050 annexum
506 2001 745 2050 commemorant
787 1990 857 2050 Duo
873 2000 950 2050 certe
969 1991 1028 2062 viri,
1043 1992 1093 2067 qni
1107 1991 1189 2050 initio
1203 1991 1292 2051 seculi

143 2095 203 2154 XV
221 2098 358 2156 adversus
372 2097 520 2157 Wiclifum
538 2099 658 2176 eiusque
679 2097 803 2157 asseclas
823 2097 1006 2174 scripserunt,
1024 2106 1053 2155 et
1071 2095 1243 2173 Trialogum
1262 2107 1293 2157 et

144 2200 388 2278 supplementum
407 2204 538 2281 Trialogi
558 2204 712 2281 appellant.
757 2203 936 2264 Gur'lr'elmum
957 2203 1149 2281 Woodsordum
1167 2204 1292 2264 dicimus

142 2321 231 2387 atque
248 2310 382 2369 turmam
399 2310 571 2369 Waldensenr.
613 2309 665 2368 Ille
676 2311 707 2368 in
719 2311 966 2369 commentatione
977 2310 1132 2386 inscripta:
1154 2310 1291 2370 ‘Articuli

142 2415 286 2494 Johannis
316 2416 429 2476 Wiclefi
461 2416 558 2492 Angli,
591 2416 753 2493 impugnati
789 2434 807 2476 a
840 2417 981 2475 Wlhelmo
1017 2415 1190 2495 Wodsordo,'¹
1211 2418 1290 2495 apud

142 2521 322 2581 Edwardum
336 2522 455 2594 Brown,
471 2522 654 2583 ‘Fasciculus
673 2541 769 2582 rerum
782 2524 1011 2600 expetendarum
1025 2533 1054 2582 et
1068 2522 1290 2599 fugiendarum'

142 2627 240 2688 Lond.
260 2631 346 2705 1690,
361 2629 379 2688 s.
394 2630 483 2689 Tom.
501 2648 526 2688 r.
541 2647 569 2706 p.
588 2643 655 2704 217,
671 2628 899 2707 ‘Supplementi'
914 2629 1094 2688 mentionem
1108 2630 1198 2706 injicit
1212 2631 1290 2706 capi·

140 2736 179 2795 tis
193 2736 285 2812 quinti
295 2736 392 2795 locum
403 2736 529 2813 aliquem
543 2735 677 2796 afferens.
708 2735 768 2796 Hic
782 2738 912 2814 inopere
926 2736 1081 2812 inscripto:
1102 2735 1289 2796 ‘Doctrinale

140 2844 344 2920 antiquitatum
358 2843 425 2902 fidei
438 2843 576 2903 ecclesiae
591 2839 767 2915 catholicae,'
778 2843 871 2920 capite
885 2861 921 2915 24
933 2843 996 2902 libri
1007 2843 1101 2920 primi,
1116 2844 1289 2902 sententiam

140 2948 270 3025 aliquam
287 2950 388 3026 capitis
403 2951 421 3006 8
438 2950 513 3026 (ipse
527 2951 660 3009 nominat
675 2967 699 3008 c.
710 2945 741 3027 9)
756 2968 794 3008 ex
805 2949 1026 3027 ‘supplemento
1043 2949 1164 3026 trialogi’
1179 2951 1288 3021 recitat,

140 3073 199 3114 nec
213 3072 274 3114 non
288 3055 351 3115 aliis
365 3056 395 3114 in
407 3055 480 3115 locis
493 3066 646 3115 tractatum
660 3058 747 3117 istum
761 3057 881 3116 nomine
895 3056 953 3116 hoc
967 3055 1102 3135 appellat.

184 3160 249 3221 Nec
264 3162 397 3239 discipuli
411 3174 461 3221 aut
480 3161 634 3222 adversarii
653 3162 708 3222 soli
727 3163 767 3223 ita
780 3163 907 3223 sensisse
926 3163 1068 3234 videntur,
1084 3161 1136 3221 sed
1150 3161 1290 3239 magister

141 3278 172 3328 et
189 3279 291 3328 auctor
310 3269 372 3346 ipse
392 3269 671 3328 commentationem
690 3269 767 3329 hanc
787 3288 856 3329 cum
869 3269 1011 3347 Trialogo
1031 3278 1108 3330 arcte
1127 3269 1288 3344 conjunxit.

108 3424 114 3432 .
141 3373 279 3451 Namque
303 3387 372 3453 post
391 3377 494 3454 capitis
517 3377 604 3454 primi
627 3377 740 3436 initium
764 3376 847 3436 locus
868 3376 971 3452 aliquis
992 3374 1122 3451 Trialogi
1143 3375 1183 3434 ita
1206 3392 1288 3434 com·

140 3495 329 3557 memoratur,
352 3495 385 3544 ut
407 3485 455 3543 hic
480 3495 617 3544 tractatus
641 3502 709 3561 pars
732 3484 879 3561 quaedam
904 3482 1035 3559 Trialogi
1059 3500 1125 3542 esse
1150 3481 1288 3541 videatur.

141 3589 220 3651 Cum
234 3593 313 3650 enim
333 3592 456 3668 scriptor
474 3590 554 3668 leges
573 3590 716 3669 quasdam
731 3591 880 3652 ‘recitatas
900 3589 1015 3649 decimo
1035 3589 1137 3666 quinto
1157 3597 1185 3647 et
1204 3588 1289 3648 sede-

139 3699 220 3758 cimo
235 3700 367 3777 capitulis
380 3700 474 3776 quarti
488 3700 560 3759 libri'
575 3699 708 3777 appellet,
722 3698 802 3759 haud
816 3699 896 3759 aliter
909 3699 1035 3775 loquitur
1048 3686 1083 3757 ac
1098 3697 1122 3758 si
1142 3696 1172 3756 in
1186 3696 1288 3773 quinto

139 3804 276 3882 ejusdem
289 3806 386 3882 operis
401 3806 474 3864 libro
489 3805 645 3865 scribendo
659 3816 743 3866 esset
786 3805 909 3866 Prorsus
923 3805 1031 3864 eodem
1051 3802 1143 3862 modo
1157 3801 1289 3880 Joannes

139 3911 274 3971 Wiclilus
289 3912 319 3970 in
333 3911 516 3972 voluminosa
534 3913 589 3984 illa,
604 3911 657 3972 sed
676 3912 754 3972 hunc
774 3912 921 3989 usquead
940 3911 1018 3970 diem
1032 3926 1152 3986 prorsus
1170 3907 1288 3978 inedita,

138 4014 290 4076 ‘Summa'
304 4016 387 4078 locos
400 4018 544 4096 quosdam
559 4019 689 4095 priorum
702 4018 818 4096 quadem
832 4017 929 4094 operis
943 4017 1092 4086 librorum,
1106 4014 1185 4073 verbi
1200 4029 1290 4082 causa

137 4124 238 4200 operis
260 4122 307 4182 De
327 4123 468 4196 Dominio,
491 4124 521 4182 in
543 4124 685 4184 lectorum
708 4123 882 4184 memoriam
904 4139 1040 4182 revocare
1062 4120 1144 4180 solet.
1185 4120 1290 4196 Itaque

139 4229 215 4290 baec
236 4229 345 4290 citandi
366 4230 461 4291 forma
481 4232 604 4292 innuere
622 4232 743 4305 videtur,
762 4231 801 4289 ab
821 4239 940 4290 auctore
961 4229 1026 4305 ipso
1048 4227 1292 4307 supplementum
1326 4265 1328 4269 ψ
