2864 4836
525 421 787 501 JOANNIS
810 422 1044 485 'WICLIF
1232 449 1315 486 uara.

264 587 419 645 verborum
431 585 538 646 Christi
552 587 693 646 Matthaei
707 586 819 659 ultimo,
831 586 955 646 ecclesia
969 595 1074 648 nostra
1088 588 1212 650 adducit
1224 588 1313 648 fideles

264 703 318 760 pro
342 685 452 743 infante
477 686 528 761 qui
553 684 758 744 discretionem
786 703 848 744 non
875 686 1009 762 attigerat
1038 687 1264 763 respondentes,
1286 696 1312 744 et

265 783 335 842 tales
350 794 515 859 compatres
529 784 724 843 communiter
741 783 851 843 faciunt
868 782 949 860 quod
968 783 1020 842 filii
1035 784 1091 856 sui,
1107 803 1188 861 quos
1200 786 1238 845 de
1250 786 1312 861 bap

264 881 351 939 tismo
370 880 492 952 elevant,
512 881 544 938 in
562 882 693 940 oratione
713 880 872 941 Dominica
889 891 919 940 et
937 881 1076 957 symbolo
1098 884 1161 942 sint
1179 884 1314 953 insum

264 989 292 1036 et
320 977 367 1037 alii
394 980 445 1055 qui
473 979 679 1038 discretionem
707 980 870 1056 attigerant,
895 979 966 1038 dum
994 979 1184 1040 instruuntur
1210 982 1241 1040 in
1265 979 1315 1038 fide

264 1075 372 1136 Christi
386 1088 453 1135 ante
468 1095 554 1136 suum
569 1078 747 1153 baptismum
762 1088 903 1137 vocantur
915 1079 1130 1138 catecumeni¹.

304 1174 376 1233 Hoc
399 1185 495 1234 autem
518 1186 732 1235 sacramentum
753 1184 798 1235 est
818 1185 879 1234 tam
902 1178 1087 1234 necessariam
1109 1178 1224 1249 viatori,
1243 1175 1316 1254 qnod

263 1272 395 1332 Christus
408 1273 477 1333 dicit
490 1273 658 1333 Nicodemo
674 1273 817 1352 Johannis
831 1273 886 1332 iii:
914 1272 986 1331 ‘nisi
1004 1273 1073 1349 quis
1094 1287 1218 1335 renatum
1239 1274 1315 1335 tueri
1353 1293 1355 1296 ⁴

262 1390 299 1430 ex
314 1389 391 1448 aqua
404 1381 433 1431 et
448 1371 564 1448 Spiritu,
576 1390 638 1431 non
652 1381 750 1449 potest
760 1372 877 1431 introire
891 1371 922 1428 in
931 1388 1057 1447 regnum
1070 1371 1151 1432 Dei!
1187 1374 1234 1433 Ex
1243 1376 1316 1433 tanta

263 1469 358 1544 itaque
374 1470 541 1530 auctoritate
560 1469 628 1529 fidei
646 1472 806 1547 scripturae
825 1479 893 1529 sunt
911 1469 1012 1528 fideles
1031 1471 1214 1545 generaliter
1230 1470 1315 1549 bapti·

262 1568 325 1637 sati,
350 1577 379 1626 et
407 1568 549 1628 ordinavit
575 1568 700 1628 ecclesia
727 1569 809 1646 quod
835 1567 981 1645 quaelibet
1008 1585 1140 1645 persona
1168 1571 1314 1632 fitklisin

262 1667 441 1726 necessitatis
455 1667 575 1726 articulo
591 1668 698 1744 poterit
713 1665 884 1745 baptisare¹.

158 1818 182 1841 ,ω
303 1764 351 1822 Ad
365 1765 588 1842 baptisationem
602 1776 700 1824 autem
714 1766 815 1824 dicunt
827 1764 933 1841 requiri
946 1781 1049 1839 aquam
1062 1764 1243 1842 simplicem,
1256 1784 1312 1826 non

165 1860 183 1884 ³·
260 1861 374 1921 urinam
393 1863 438 1921 vel
456 1863 599 1939 liquorem
617 1863 715 1934 alium,
730 1881 798 1922 cum
816 1862 874 1921 hoc
892 1879 954 1920 non
973 1862 1010 1921 sit
1028 1859 1200 1923 aDomino
1219 1881 1313 1924 exem·

260 1959 379 2036 platum.
422 1959 487 2019 Nec
508 1960 595 2019 refert
615 1961 674 2019 sive
695 1962 904 2036 immergantur
922 1959 1013 2018 semel
1027 1959 1072 2018 vel
1092 1970 1145 2032 ter,
1162 1962 1224 2022 sive
1241 1979 1314 2039 aqna

261 2077 347 2135 super
375 2058 470 2134 capita
497 2076 550 2116 sua
577 2057 773 2130 effundatur³;
805 2057 858 2116 sed
885 2056 1053 2116 faciendum
1081 2068 1127 2117 est
1152 2060 1312 2120 secundum

261 2157 503 2215 consuetudinem
517 2156 583 2228 loci,
597 2174 687 2233 quem
706 2156 771 2232 quis
790 2154 898 2226 incolit,
913 2164 973 2213 tam
987 2155 1018 2212 in
1038 2172 1099 2213 uno
1114 2155 1171 2214 ritu
1186 2157 1314 2235 legitimo

261 2271 350 2329 quam
371 2254 401 2311 in
422 2254 488 2324 alio,
502 2254 570 2330 quia
591 2265 702 2313 certum
722 2264 767 2312 est
787 2252 868 2330 quod
889 2251 1048 2330 corporalis
1073 2252 1235 2330 baptisatio
1259 2256 1314 2314 sive

261 2347 330 2405 lotio
345 2346 494 2406 modicum
510 2347 592 2418 valet,
603 2349 658 2407 nisi
672 2348 741 2407 assit
755 2346 825 2406 lotio
840 2347 945 2406 mentis
959 2364 1011 2423 per
1022 2344 1162 2423 Spiritum
1175 2346 1315 2408 Sanctum

261 2463 279 2502 a
293 2455 414 2521 peccato
429 2446 563 2522 originali
576 2445 622 2504 vel
641 2445 744 2506 actuali
756 2465 764 2518 ;
792 2444 850 2504 hoc
870 2445 949 2504 enim
963 2456 1008 2504 est
1024 2445 1203 2522 principium
1216 2448 1248 2507 in
1262 2447 1314 2506 hac

260 2543 327 2614 fide,
355 2543 436 2619 quod
465 2545 632 2621 quicunque
659 2546 711 2603 rite
739 2544 900 2620 baptisatus
928 2542 1019 2612 fuerit,
1044 2544 1212 2619 baptismus
1242 2545 1314 2605 delet

262 2642 459 2718 quodcunque
487 2652 641 2719 peccatum
670 2644 809 2701 invenerit
836 2643 867 2700 in
895 2639 1014 2700 homine
1044 2641 1233 2717 baptisando.
1279 2642 1314 2702 Et

262 2740 330 2814 quia
350 2738 388 2797 ad
409 2740 584 2798 deletionem
603 2742 714 2817 peccati
734 2742 886 2817 requiritur
907 2739 1071 2809 satisfactio,
1086 2750 1116 2797 et
1138 2758 1200 2799 non
1221 2751 1314 2818 potest

262 2837 322 2894 fieri
343 2837 499 2897 satisfactio
519 2858 573 2915 pro
593 2850 715 2915 peccato
734 2839 790 2897 nisi
812 2857 864 2914 per
883 2847 1008 2896 mortem
1027 2836 1143 2908 Christi,
1164 2840 1233 2898 ideo
1249 2839 1313 2899 dicit

262 2935 412 3010 apostolus
424 2935 512 2994 Rom.
529 2938 564 2994 vi.
576 2956 582 2994 :
605 2939 788 3013 ‘quicunque
799 2937 933 3013 baptisati
945 2952 1046 2994 sumus
1059 2936 1090 2993 in
1102 2933 1221 2996 Christo
1235 2936 1313 3015 Jesu,

261 3034 292 3091 in
307 3045 401 3092 morte
416 3035 520 3110 ipsius⁴
535 3035 669 3110 baptisati
684 3035 801 3093 sumus!

116 3145 138 3168 ¹¹¹
192 3134 226 3170 '²⁵
302 3133 422 3190 Alrihriz.
465 3133 563 3191 Placet
585 3132 621 3190 de
643 3133 697 3192 ista
717 3151 821 3209 grossa
838 3133 967 3202 materia,
989 3131 1062 3190 sicut
1082 3142 1150 3190 sunt
1172 3133 1229 3193 alia
1250 3135 1315 3194 fidei

91 3226 95 3248 ¹
149 3227 185 3249 ‘¹¹‘
261 3231 433 3289 rudimenta.
488 3230 547 3289 Sed
576 3231 631 3301 dic,
660 3248 743 3306 rog0,
772 3230 885 3300 clarius,
913 3229 1066 3306 quomodo
1095 3229 1238 3302 Christus,
1267 3234 1315 3311 qui

85 3303 189 3414 ‘³⁰⁸3'
261 3340 373 3388 tantum
394 3329 483 3388 odivit
505 3330 589 3405 signa
613 3327 767 3399 sensibilia,
789 3339 900 3387 tantam
924 3328 1125 3387 necessitatem
1148 3330 1315 3390 salvationis

70 3425 163 3494 „stifft
261 3429 358 3505 posuit
378 3429 407 3485 in
427 3427 594 3505 hujusmodi
613 3427 757 3486 lotione⁶i
798 3425 920 3485 Videtur
938 3426 1017 3484 enim
1036 3424 1179 3502 derogare
1202 3428 1313 3488 divinae

258 3523 398 3586 libertati⁰
419 3537 506 3603 atque
528 3528 686 3603 potentiae,
700 3526 781 3602 quod
799 3524 881 3584 Deus
901 3542 963 3584 non
981 3535 1082 3601 posset
1102 3525 1314 3586 intercedente²

259 3635 321 3684 toto
343 3625 447 3683 merito
469 3643 522 3683 suo
544 3635 630 3701 atque
652 3627 789 3701 passione
813 3623 922 3682 salvare
948 3621 1089 3681 infantem
1110 3624 1156 3682 vel
1182 3625 1313 3684 adultum

259 3721 384 3793 fidelem,
409 3723 463 3780 nisi
490 3741 507 3780 a
532 3723 628 3781 vetula
652 3721 696 3780 vel
724 3723 781 3780 alio
809 3722 904 3780 viante
933 3721 1092 3797 baptisetur
1119 3726 1313 3784 communiter

257 3819 390 3880 infideli⁸.
445 3819 580 3878 Similiter
608 3819 704 3878 delato
729 3820 839 3878 infante
867 3819 997 3877 fidelium
1025 3819 1063 3877 ad
1091 3820 1257 3889 ecclesiam,
1281 3833 1311 3881 ut

291 3969 299 3998 ¹
317 3967 482 4031 catecumeni]
495 3966 673 4021 cathecumeni.
686 3967 742 4015 libri
754 3982 828 4015 manu
840 3965 933 4030 scripti.
1057 3965 1066 3993 ¹
1083 3965 1222 4032 baptisare]
1234 3967 1310 4042 bapti·

257 4034 314 4090 sari,
326 4034 365 4084 ed.
377 4050 414 4098 pr.
522 4031 697 4107 {effundatufl
709 4032 870 4089 effundantur,
883 4033 916 4081 D.
928 4031 966 4107 ed.
978 4047 1069 4107 pr..¹
1127 4032 1310 4148 ‘fipsluffi‘l'h

256 4100 296 4149 ed.
309 4115 346 4163 pr.
462 4097 595 4160 tlotione]
608 4097 740 4154 locutione,
753 4098 781 4145 B.
896 4095 1205 4157 ‘libertatdlrheralrtatn
1249 4115 1310 4163 .pr,

257 4163 387 4214 A.B.C.D.
397 4163 517 4212 secundae
524 4178 619 4211 manus.
685 4162 695 4191 ⁷
712 4162 888 4227 intercedente]
897 4161 1054 4218 intercedere,
1063 4161 1102 4211 ed.
1112 4177 1149 4227 pr.
1216 4165 1307 4214 'oom-

256 4229 362 4278 muniter
373 4227 478 4293 infideli]
491 4230 531 4278 ie.
544 4228 585 4292 qui
597 4228 662 4277 haud
676 4244 730 4277 raro
742 4227 852 4277 infideles
864 4236 928 4278 sunt.
