2864 4836
121 462 224 499 carm
492 441 834 504 TRIALOGUS.

124 601 283 673 naturalis,
297 603 373 662 sicut
393 601 475 663 actus
496 604 657 681 superbiae,
679 613 761 664 actus
781 605 840 662 irae
854 614 883 663 et
901 613 984 664 actus
1002 603 1097 682 gulae,
1118 607 1188 678 imo,

124 710 161 759 ut
181 699 282 776 placet
301 701 488 777 sapientibus,
509 710 592 761 actus
612 702 732 778 quilibet
752 703 901 778 positivus,
916 714 984 762 cum
1005 704 1042 763 sit
1056 715 1188 764 creatura

125 794 296 875 phoenter¹
315 798 457 875 producta
477 817 496 858 a
516 797 656 858 Domino.
699 799 773 858 Ideo
794 817 855 859 non
871 799 1002 872 dubium,
1022 803 1094 879 quin
1115 803 1187 863 tales

126 888 217 955 auus
235 905 360 971 possunt
379 914 444 956 esse
465 897 605 956 meritorii
625 907 654 957 et
666 897 792 956 virtuose
811 897 979 969 laudabiles,
994 917 1063 958 cum
1082 918 1186 961 occur-

126 992 221 1052 mint
240 993 473 1054 circumstantiae
493 994 532 1054 ad
552 994 822 1054 denominationem
842 997 952 1056 virtutis
972 996 1069 1057 debite
1088 1002 1186 1077 requi·

125 1090 213 1161 sitae,
228 1099 262 1150 ut
278 1108 435 1168 procreans
452 1093 616 1151 secundum
635 1092 875 1153 ‘fonticationem
894 1095 1068 1172 simplicem'
1083 1107 1185 1156 natum

124 1202 167 1248 ex
179 1186 293 1248 femina
305 1189 418 1265 potest¹
427 1191 458 1249 in
471 1189 577 1249 eodem
591 1200 723 1267 tempore
737 1192 898 1252 secundum
912 1193 1071 1269 ligamenta
1086 1197 1185 1254 matri-

125 1286 224 1347 monii
237 1304 275 1345 ex
289 1287 408 1347 eadem⁸
420 1288 548 1348 eundem
560 1306 683 1364 puerum
702 1307 864 1366 procreare,
879 1301 908 1349 et
927 1300 996 1351 tunc
1011 1291 1084 1351 loret
1103 1305 1186 1353 actus

124 1402 167 1445 ex
186 1386 376 1446 matrimonio
396 1387 465 1447 satis
485 1387 579 1447 licitus
600 1390 679 1447 etin
700 1406 772 1448 casu
790 1390 962 1461 meritorius,
984 1392 1034 1449 ubi
1054 1391 1116 1468 jam
1140 1403 1186 1450 est

125 1483 231 1544 vitium
257 1485 483 1560 reprobandum.
535 1485 608 1545 Ideo
635 1486 734 1546 dicunt
761 1487 952 1565 metaphisici,
977 1487 1058 1566 quod
1085 1489 1186 1547 vitium

125 1578 199 1645 dicit
211 1601 281 1643 cum
294 1583 395 1644 habitu
405 1585 451 1644 vel
464 1595 533 1645 actn
544 1585 713 1662 hujusmodi
725 1578 956 1646 circumstantiae
969 1587 1068 1646 bonae
1082 1604 1185 1645 caren-

125 1682 201 1743 tiam
221 1681 268 1742 vel
289 1681 444 1755 delectum,
465 1694 494 1744 et
515 1702 568 1760 per
587 1685 646 1744 hoc
666 1685 766 1744 dicunt
786 1684 867 1760 quod
887 1685 976 1743 virtus
1000 1702 1063 1742 non
1084 1693 1184 1759 potest

125 1796 195 1841 eme
209 1780 310 1839 vitium
324 1780 385 1840 vel‘
398 1799 415 1841 e
430 1792 539 1841 contra.
582 1780 647 1842 Nec
661 1783 762 1842 vitium
776 1792 819 1841 est
835 1781 931 1841 solus⁶
945 1791 1026 1840 actus
1040 1781 1086 1839 vel
1100 1780 1185 1838 habi·

126 1886 185 1949 tus,
198 1877 254 1937 sed
268 1888 459 1955 aggregatum
477 1897 515 1938 ex
534 1879 588 1939 illis
606 1890 636 1940 et
654 1880 869 1940 circumstantia
887 1879 998 1949 vitiosa,
1012 1878 1079 1937 licet
1094 1878 1182 1936 virtus

127 1985 159 2036 et
182 1975 284 2034 vititmr
308 1977 406 2036 dicant
426 1979 620 2037 communiter
642 1979 731 2037 talem
755 1977 886 2036 habitum
907 1988 1048 2053 tanquam
1069 1985 1184 2051 partem

127 2075 194 2152 ejus
222 2072 480 2153 principaliorem⁶.
531 2075 569 2134 Et
596 2077 627 2135 in
654 2077 709 2136 ista
736 2077 974 2154 aequivocatione
1002 2075 1185 2134 contendunt

127 2172 213 2232 multi
232 2173 364 2244 inaniter,
386 2182 415 2232 et
436 2173 477 2231 sic
498 2174 654 2249 positivum
678 2174 708 2231 in
732 2173 838 2233 talibus
859 2191 877 2232 a
898 2172 965 2232 Deo
987 2172 1143 2231 intenditur
1156 2181 1185 2230 et

127 2279 251 2343 ercam,
265 2281 294 2330 et
312 2288 374 2329 non
394 2271 551 2330 intenditur
570 2289 625 2330 nec
640 2271 687 2331 fit⁷
700 2289 718 2330 a
731 2270 808 2341 Deo,
823 2271 903 2348 quod
918 2271 953 2330 sit
973 2271 1089 2329 habitus
1102 2269 1185 2329 vitio·

127 2367 204 2430 ω’.
245 2367 283 2428 Et
297 2370 339 2428 sic
353 2368 484 2428 notanda
497 2379 541 2427 est
555 2369 606 2427 tibi
620 2368 767 2428 distinctio
780 2386 835 2444 pro
850 2369 1031 2428 dissensione
1046 2367 1185 2438 sedanda,

126 2467 282 2546 quomodo
302 2467 424 2527 nomina
446 2467 546 2526 talium
566 2467 702 2526 vitiorum
726 2466 904 2542 quandoque
926 2465 1091 2542 significant
1113 2481 1184 2522 con-

126 2567 234 2627 cretive
255 2575 390 2642 respectu
409 2565 473 2624 talis
494 2566 605 2641 peceati
627 2565 794 2641 simpliciter
807 2582 861 2639 pro
883 2573 946 2622 toto
968 2571 1136 2639 aggregato,
1152 2572 1181 2619 et

126 2662 307 2741 quandoque
334 2663 524 2739 personaliter
547 2680 601 2738 pro
625 2662 793 2738 huJusmodi
821 2672 960 2731 creatura,
985 2670 1018 2718 ut
1045 2667 1111 2717 actu
1136 2659 1182 2718 vel

126 2762 230 2822 habitu
253 2763 366 2839 inquo
390 2761 520 2821 desectus
543 2761 711 2838 hujusmodi
734 2772 777 2819 est
803 2760 947 2819 fundatus.
1002 2759 1082 2818 Sicut
1106 2760 1186 2818 enim

126 2855 278 2919 diabolus⁰
298 2877 360 2918 non
380 2869 478 2936 potest
499 2877 563 2918 esse
584 2861 647 2918 sine
668 2858 743 2924 Deo,
765 2860 806 2918 sic
829 2869 982 2935 peccatum
1004 2877 1064 2917 non
1087 2868 1184 2935 potest

125 2975 194 3017 esse
215 2957 270 3017 nisi
292 2957 445 3017 strndatum
469 2956 580 3016 fuerit¹⁰
600 2958 631 3014 in
657 2968 788 3017 creatura
810 2957 899 3016 bona.
942 2956 1066 3015 Videtur
1087 2965 1185 3014 tamen

127 3055 201 3115 milri
221 3054 302 3132 quod
326 3054 408 3114 multi
432 3055 548 3114 babitus
569 3055 663 3113 vitiosi
684 3065 751 3114 sunt
771 3055 999 3131 inseparabiliter
1020 3053 1097 3123 mali,
1119 3053 1186 3112 licet

126 3152 359 3229 inseparabilitas
379 3153 493 3229 peccati
516 3169 577 3210 non
602 3170 654 3229 per
678 3170 710 3210 se
733 3154 800 3211 insit
823 3163 972 3211 creaturae
996 3151 1062 3208 Dei.
1104 3150 1186 3209 Deus

127 3268 202 3328 ergo
216 3250 285 3310 iacit
298 3249 521 3310 fundamentum
535 3251 656 3326 peccati,
668 3262 697 3309 et
712 3262 843 3309 creatura
856 3250 933 3307 mala
948 3247 1016 3307 lacit
1031 3246 1184 3317 delectum,

127 3350 167 3409 de
191 3366 251 3426 quo
273 3347 355 3407 Deus
376 3349 502 3424 gratiose
528 3347 596 3407 lacit
618 3349 738 3407 bonum.
789 3347 826 3406 Et
851 3349 892 3406 sic
917 3356 961 3405 est
986 3346 1072 3403 nimis
1095 3345 1185 3420 turpis

127 3447 273 3523 deceptio,
293 3447 317 3505 si
338 3446 501 3505 luxuriosus
520 3455 552 3504 ut
570 3446 795 3505 instrumentum
810 3444 866 3503 Dei
886 3443 955 3502 facit
973 3444 1086 3501 bonum
1107 3442 1186 3518 posi·

127 3546 231 3615 tivum,
246 3555 316 3602 tunc
334 3561 396 3602 non
409 3544 440 3601 in
454 3543 512 3602 hoc
526 3555 570 3602 est
589 3544 749 3620 culpabilis,
764 3559 832 3601 cum
851 3540 961 3599 saciat¹²
979 3540 1090 3598 bonum
1109 3540 1185 3597 male

127 3661 185 3702 nec
204 3643 318 3718 attingit
338 3641 375 3700 ad
395 3640 623 3701 causationem¹'
642 3641 758 3716 spiritus
777 3639 906 3709 humani,
922 3638 988 3697 ideo
1008 3655 1070 3697 non
1089 3639 1185 3714 potius

128 3742 198 3801 lacit
212 3740 362 3799 hominem
378 3757 468 3815 quam
483 3739 616 3797 diabolus
631 3737 698 3797 facit
713 3738 932 3797 beatitudinem.

134 3933 141 3940 .
162 3898 169 3927 ¹
187 3894 325 3960 placenter]
337 3894 471 3960 placerent,
483 3895 521 3943 ed.
533 3909 569 3958 pr.
685 3892 695 3921 ²
710 3892 806 3958 potest]
819 3899 895 3957 patet,
905 3890 943 3941 ed.
953 3906 990 3955 pr.
1060 3891 1069 3917 ³
1086 3888 1184 3953 eadem]

126 3961 223 4017 eodetn,
235 3961 273 4010 ed.
285 3976 322 4025 pr.
453 3959 462 3986 l
479 3959 530 4022 vel]
542 3973 596 4013 nec,
607 3957 646 4008 ed.
658 3974 695 4023 pr.
833 3957 843 3986 ⁸
859 3955 938 4019 solus]
951 3955 1040 4010 solum,
1053 3955 1085 4003 D.
1097 3953 1136 4004 ed.
1148 3970 1184 4017 pr.

126 4027 136 4057 ⁸
153 4024 365 4091 principaliorem]
382 4024 551 4089 principalem,
570 4023 663 4073 ΑΒΕ.
844 4021 915 4071 'nec
932 4020 971 4083 fit]
989 4028 1017 4068 ut
1034 4018 1073 4073 sit.
1092 4020 1184 4068 ΑΒΕ.

126 4096 136 4121 ¹
152 4091 268 4155 vitiosus]
280 4098 304 4140 et
317 4091 427 4145 vitiosus.
439 4091 477 4144 C..
490 4090 518 4137 B.
531 4089 624 4153 primae
636 4105 730 4137 manus.
828 4088 838 4114 ⁹
855 4084 981 4148 diabolus]
993 4085 1098 4134 dicimus
1109 4084 1184 4141 dives,

126 4157 156 4206 B.
168 4156 304 4211 secundam
322 4155 394 4206 nobis
405 4156 482 4209 dives.
494 4154 527 4202 D.
628 4155 646 4183 ¹⁰
663 4155 708 4203 nisi
720 4153 849 4202 fundatum
861 4151 944 4214 fuerit]
955 4151 1007 4198 sine
1016 4149 1184 4206 fundamento,

128 4221 220 4272 A.B.C.
233 4221 272 4271 ed.
284 4237 320 4286 pr.
386 4221 403 4251 ¹¹
422 4219 508 4284 iaciat]
521 4219 587 4276 iacit,
600 4219 692 4268 ΑΒΕ.
760 4220 778 4248 ¹²
794 4214 974 4278 causationem]
983 4216 1140 4272 creationem,
1153 4217 1183 4264 Α.

1259 461 1333 530 ‚205
