2864 4836
324 327 521 336 --—--

503 432 757 515 Jonmvrs
797 434 1011 496 arcera*
1202 457 1282 495 mn

225 599 301 660 foret
324 598 496 658 omnimode
522 600 609 659 nimis
631 598 726 670 stulta,
747 608 809 655 tum
835 598 923 655 etiam
947 598 1020 675 quia
1042 596 1186 658 Christus
1209 595 1281 656 alites

225 699 311 757 nimis
329 698 460 757 illuderet
478 716 548 757 suae
567 697 724 770 ecclesiae;
753 707 782 755 et
801 697 855 757 ista
875 697 948 755 ratio
968 695 1006 755 de
1027 695 1277 756 demonstratione

225 797 410 871 pronominis
425 796 506 855 daret
521 795 655 854 fidelibus
669 795 787 871 plenam
802 796 900 856 fidem.

266 892 341 952 Item
362 893 611 952 demonstratione
635 895 790 953 verborum
813 894 921 954 Christi
945 892 1114 953 ostenditur
1138 890 1210 951 illud
1229 905 1276 968 pet

225 990 307 1068 quod
327 991 466 1068 apostolis
487 992 636 1068 pertinens
657 993 758 1050 notitia
770 993 956 1069 gigneretur3
985 991 1040 1050 sed
1060 989 1125 1049 hoc
1146 1007 1208 1048 non
1226 995 1276 1048 snt

226 1107 294 1147 cum
314 1088 381 1162 hoc,
395 1089 476 1166 quod
498 1089 575 1148 nude
596 1107 705 1166 corpus
719 1088 826 1149 Christi
840 1091 871 1149 in
891 1098 995 1148 natura
1015 1088 1141 1165 propria
1161 1086 1275 1146 demon·

226 1185 354 1257 stretur¹‚
369 1205 442 1263 ergo
463 1189 611 1262 pertinens
632 1196 677 1246 est
697 1189 795 1247 sensui
816 1189 971 1246 verborum
984 1185 1112 1245 Domini
1133 1184 1213 1246 aliud
1231 1183 1275 1243 de·

225 1285 389 1355 monstrari,
405 1284 459 1344 sed
479 1284 550 1343 nihil
569 1286 758 1361 pertinentius
777 1302 866 1362 quam
884 1285 969 1361 panis
988 1301 1079 1360 quem
1094 1282 1277 1344 Christmeit

225 1393 401 1458 porrexerat.
444 1383 475 1441 Si
502 1383 581 1441 enim
609 1382 687 1441 nude
715 1382 942 1442 demonstretur¹
969 1399 1078 1458 corpus
1103 1381 1227 1442 Domini
1249 1381 1277 1439 in

226 1492 336 1552 natura,
356 1492 425 1539 tunc
445 1482 500 1539 ista
517 1480 592 1540 foret
610 1481 717 1540 homm
734 1483 889 1540 verbomm
906 1479 1013 1540 Christi
1035 1483 1192 1550 sententia,
1210 1477 1277 1537 ‘hoc

226 1595 332 1654 corpus
346 1597 445 1637 meum
456 1589 501 1637 est
514 1596 622 1655 corpus
636 1598 734 1639 meum
743 1579 761 1652 ;'
783 1580 835 1638 sed
845 1578 921 1638 istud
932 1577 1058 1655 apostoli
1068 1580 1143 1638 satis
1152 1578 1277 1656 superitn

225 1687 435 1751 cognoverunt,
450 1688 479 1735 et
497 1676 572 1736 soret
591 1678 808 1754 impertinenter
828 1695 996 1736 connexum
1016 1677 1072 1748 isti,
1090 1677 1176 1754 quod
1195 1693 1277 1735 man·

227 1773 369 1833 ducerent
383 1775 489 1852 singuli
504 1794 541 1833 ex
556 1775 614 1834 hoc
629 1794 715 1852 pane.
749 1775 826 1834 Item
840 1776 864 1834 si
876 1775 1087 1833 demonstratio
1101 1772 1279 1851 pronominis

228 1873 443 1931 sacramentalis
464 1872 538 1932 foret
557 1873 747 1949 impertinens
767 1873 806 1932 illi
827 1873 905 1949 pani,
927 1871 1081 1949 quomodo
1107 1873 1280 1948 pertinenter

229 1968 329 2028 doceri
338 1971 453 2046 poterit,
465 1970 546 2046 quod
557 1971 659 2029 virtute
673 1970 788 2028 illorum
802 1971 957 2028 verborum
971 1969 1229 2028 sacramentalium
1239 1974 1281 2026 est

228 2066 303 2125 illius
317 2069 403 2143 panis
420 2069 687 2128 transubstantiatio
705 2067 857 2128 accidens⁸
870 2068 932 2126 sine
951 2067 1094 2144 subjecto,
1108 2076 1139 2126 et
1154 2066 1280 2143 corporis

228 2164 335 2224 Christi
349 2165 379 2222 in
397 2164 464 2224 loco
485 2167 571 2242 panis
593 2166 808 2226 sacramentalis
829 2165 998 2225 innovatio?
1033 2165 1095 2224 Ista
1114 2177 1216 2224 autern
1234 2163 1281 2223 lic·

228 2262 289 2320 titia
303 2262 559 2323 demonstrationis
579 2264 789 2341 pronominum
809 2265 932 2323 omnino
950 2263 1088 2322 interimit
1107 2264 1280 2324 sententiam

229 2360 410 2418 sacramenti.

57 2486 81 2552 “a
87 2526 107 2552 a
124 2486 137 2510 u
163 2486 196 2551 ”t
269 2457 344 2516 Item
359 2459 495 2518 secundis
505 2461 599 2519 verbis
612 2461 877 2531 sacramentalibus,
888 2460 994 2536 quihus
1003 2460 1105 2518 vinum
1119 2460 1282 2529 conficitur,

110 2568 189 2636 jugg,
229 2556 298 2614 illud
313 2557 412 2614 vinum
426 2558 457 2615 in
476 2558 565 2617 calice
586 2558 808 2629 demonstratur,
824 2577 895 2635 ergo
916 2576 968 2635 per
986 2558 1085 2616 locum
1100 2577 1119 2616 a
1133 2557 1283 2616 sufficienti

41 2640 90 2674 '⁰³¹²‘
141 2639 195 2689 ’Ψ
231 2653 418 2712 similitudine
444 2656 575 2732 subjecto
600 2657 809 2732 propositionis
834 2650 1066 2715 sacramentalis⁴
1087 2656 1203 2730 prioris,
1228 2672 1284 2732 qua

230 2753 313 2826 panis
325 2753 475 2824 sacratur⁶‚
486 2754 677 2813 demonstrari
689 2753 776 2813 debet
785 2756 872 2813 etiam
883 2753 961 2812 idem
969 2753 1064 2829 panis.
1091 2752 1283 2830 Assumptum

230 2860 308 2924 patet
328 2868 365 2907 ex
386 2851 452 2922 hoc,
474 2852 555 2927 quod
577 2853 671 2911 nullus
692 2852 851 2910 catholicus
873 2851 972 2927 linget,
993 2851 1066 2927 quin
1086 2852 1282 2909 metonomice

231 2946 398 3006 manifeste⁶
413 2931 626 3008 demonstratur
641 2960 813 3008 contentum
827 2951 858 3008 in
872 2949 970 3019 calice,
984 2948 1104 3026 quando
1119 2949 1163 3007 sic
1180 2949 1283 3008 dicittn

231 3043 325 3104 Marci
339 3047 395 3104 xiv.
417 3046 482 3105 ‘hic
497 3059 539 3106 est
559 3049 678 3123 sanguis
697 3066 781 3107 meus
800 3048 869 3107 novi
888 3047 1070 3107 testamenti!
1110 3045 1186 3119 Non
1205 3048 1283 3106 enim

231 3144 362 3220 intelligit
389 3146 482 3221 quivis
511 3146 679 3216 catholicus,
705 3146 787 3221 quod
815 3146 885 3204 illud
908 3163 1016 3222 corpus
1044 3143 1224 3204 metallicum
1248 3146 1285 3203 sit

231 3243 474 3300 sacramentaliter
499 3245 617 3318 sanguis
642 3243 757 3314 Christi,
783 3244 835 3302 sed
860 3243 897 3301 de
921 3244 990 3301 vino
1015 3252 1156 3302 contento
1181 3245 1212 3301 in
1234 3243 1283 3301 illo

231 3338 329 3398 calice.
373 3340 432 3398 Sed
457 3340 495 3398 ad
520 3342 717 3417 detegendum
739 3359 859 3399 omnem
880 3342 1147 3417 tergiversationem
1170 3341 1284 3416 sophis-

231 3438 318 3495 ticam
333 3437 474 3495 ordinavit
489 3437 612 3514 Spiritus
628 3439 760 3508 Sanctus,
776 3449 808 3496 ut
819 3438 929 3496 dicatur
943 3438 973 3495 in
985 3437 1145 3495 masculino
1159 3455 1284 3513 genere:

232 3534 296 3591 ‘hic
321 3543 365 3591 est
390 3535 510 3610 sanguis
534 3535 635 3594 meus!
687 3534 774 3593 Unde
799 3536 874 3593 inter
899 3544 1010 3593 ceteras
1035 3534 1223 3593 certitudines
1247 3534 1284 3593 de

233 3632 443 3709 significatione
464 3634 621 3710 scripturae
635 3634 709 3692 haec
723 3644 768 3692 est
786 3652 845 3692 una
864 3634 901 3692 de
915 3632 1058 3702 maximis,
1072 3632 1154 3708 quod
1168 3633 1199 3690 in
1216 3649 1285 3708 pro·

232 3731 376 3807 positione
399 3731 445 3788 illa
465 3731 667 3789 sacramentali
689 3731 901 3790 demonstratur
922 3731 1006 3806 panis
1026 3741 1077 3788 aut
1095 3732 1205 3801 vinum,
1223 3748 1284 3807 quo

233 3828 331 3887 habito
346 3830 555 3888 transeundum
570 3839 614 3887 est
625 3829 769 3888 catholico
784 3830 822 3889 ad
837 3829 1081 3905 significationem
1096 3830 1285 3906 complexam

267 4011 274 4039 ¹
292 4010 484 4072 demonstretur]
493 4010 683 4067 demonstratur.
695 4010 788 4060 ΑΜ,
947 4007 958 4036 ²
973 4008 1169 4073 demonstretur]
1181 4009 1285 4058 dnon-

234 4081 331 4130 stratur.
343 4077 436 4125 A.B.C.
447 4075 487 4125 ed.
498 4092 535 4140 pr.
633 4075 643 4105 ⁸
659 4074 785 4139 accidens]
797 4075 823 4124 in
834 4074 955 4131 accidens,
967 4075 998 4124 C.
1009 4074 1049 4123 od.
1060 4089 1098 4138 pr.
1181 4073 1190 4103 ⁴
1206 4089 1286 4124 saera·

230 4140 358 4205 mentalis]
371 4156 421 4189 om.
433 4142 464 4191 C.
475 4142 514 4191 ed.
526 4156 563 4204 pr.
693 4141 839 4206 ‘sacratur]
850 4147 959 4189 sacratur
969 4138 1236 4197 sacramentalitened„
1247 4156 1285 4204 pr.

233 4208 243 4234 ⁶
260 4205 400 4269 manifeste]
411 4222 462 4255 om.
475 4207 506 4255 A.
518 4206 556 4255 ed.
568 4221 620 4270 pr.;
638 4205 797 4256 methaiorice
808 4205 944 4261 manifeste,
956 4205 985 4254 C.
