2864 4836
57 445 141 496 wu-
417 419 759 484 TRIALOGUS.

58 588 118 646 nisi
144 585 228 646 Deus
255 586 299 646 sit
345 585 418 645 Ideo
442 584 538 645 bene¹
562 584 663 644 dicunt
686 581 876 660 metaphisici,
901 579 982 658 quod
1006 578 1110 636 veritas

57 687 156 762 prima
188 701 314 760 sequens
344 682 383 742 ad
414 678 591 760 quamlibet¹
618 681 705 740 aliam
737 691 790 751 est,
823 678 916 737 Deum
942 696 1004 746 esre,
1035 692 1111 753 quae

59 799 125 852 pon
147 782 242 842 differt
263 801 281 840 a
304 780 396 840 Deum
413 792 493 857 porse
512 800 574 852 erse,
596 790 647 840 aut
671 780 769 840 Deum
786 796 848 838 non
868 796 933 837 esse
954 776 1111 845 diabolum,

62 891 92 941 et
113 882 155 940 sic
176 880 212 939 de
232 881 295 940 aliis
315 881 479 940 veritatibus
500 880 649 956 negativis.
691 877 804 937 Verum
824 886 923 936 amen
943 874 990 933 hic
1005 872 1113 932 faciunt

60 977 150 1057 logici
164 979 380 1038 distinctionem
393 975 549 1048 insulem&
564 978 644 1055 quod
657 978 754 1053 aliqua
767 986 812 1035 est
827 974 973 1035 distinctio
987 972 1071 1031 realis
1085 979 1114 1029 et

61 1076 119 1136 alia
132 1076 278 1137 distinctio
287 1077 415 1137 rationis.
456 1077 598 1150 Quamvis
610 1088 706 1135 autem
717 1078 791 1134 inter
805 1074 896 1134 dictas
910 1075 1041 1132 veritates
1052 1088 1114 1128 non

61 1175 101 1233 sit
114 1175 261 1234 distinctio
280 1175 373 1245 realis,
387 1185 431 1235 est
445 1184 544 1233 ta'rnen
558 1175 632 1232 inter
646 1192 696 1233 eas
710 1172 856 1232 distinctio
870 1171 990 1230 rationis
998 1189 1006 1241 ;
1029 1179 1058 1228 et
1072 1169 1115 1228 sic

62 1271 131 1333 licet
154 1272 247 1330 Deum
270 1293 326 1332 esse
350 1273 386 1332 sit
409 1275 504 1349 prima
527 1274 639 1342 veritas,
664 1283 763 1331 tamen
785 1270 878 1328 Deum
897 1280 977 1345 posse
998 1277 1115 1327 esseest

62 1371 144 1447 prior
156 1372 260 1430 veritas
278 1368 499 1431 rationabiliter⁴
518 1369 716 1446 intelligendo.
757 1369 819 1428 Ista
837 1377 935 1427 autem
949 1366 1036 1425 verba
1049 1374 1116 1424 sunt

60 1466 242 1533 infuctuosa
265 1479 295 1529 ct
318 1471 518 1542 contentiosa;
549 1471 618 1529 ideo
645 1468 749 1528 sufficit
776 1467 915 1543 theologo
944 1465 1115 1534 concedere,

64 1565 145 1641 quod
169 1567 264 1643 prima
287 1567 390 1627 veritas
415 1568 451 1626 sit
472 1566 564 1625 Deum
591 1586 655 1637 esse,
678 1576 707 1625 et
734 1565 783 1625 illa
806 1575 851 1623 est
878 1575 981 1623 natura
1010 1561 1116 1632 divina,

63 1663 191 1723 inferens
219 1683 272 1741 per
299 1683 331 1727 se
357 1665 402 1725 vel
431 1683 485 1742 per
514 1662 627 1725 media⁸
656 1665 815 1742 quamlibet
841 1664 928 1723 aliam
957 1661 1115 1721 veritatem.

64 1759 104 1819 Et
131 1762 285 1824 instantiae
314 1764 509 1842 sophistarum
538 1766 569 1823 in
597 1763 645 1823 illa
671 1764 792 1823 materia
823 1779 886 1822 non
914 1770 983 1821 sunt
1010 1760 1115 1836 dignae

64 1877 216 1921 memoria.

505 2085 610 2147 CAP.
631 2086 671 2145 11.

317 2254 411 2316 Deum
425 2259 591 2333 repertorem
604 2276 661 2316 esse
673 2259 750 2316 omni
753 2274 861 2333 genere

107 2417 227 2479 Alrihr‘a
269 2418 390 2492 Habito,
406 2422 487 2499 quod
505 2424 600 2501 prima
616 2424 721 2483 veritas
739 2424 783 2494 sit,
802 2422 900 2481 Deum
915 2439 979 2481 esse
998 2416 1116 2480 natura⁶
1149 2427 1220 2463 Dm
1207 2435 1269 2469 ΜΨ

65 2514 163 2575 divina
176 2517 241 2576 vel
233 2535 298 2594 rpsa
314 2519 406 2580 deitas
425 2531 453 2579 et
467 2521 509 2578 sic
523 2522 656 2579 omnium
670 2520 892 2579 nominabilium
910 2521 1004 2597 prima
1017 2536 1114 2589 causa,
1147 2476 1302 2544 ffifflm‘*

63 2608 252 2673 marusestmn
273 2626 325 2687 est,
348 2616 429 2693 quod
450 2635 512 2676 non
533 2619 570 2676 sit
591 2615 724 2695 aliquod⁷
745 2635 839 2694 genus
859 2617 903 2676 vel
924 2617 988 2694 ejus
1013 2616 1115 2675 indivi-

62 2711 167 2786 duum,
181 2711 233 2771 sed
246 2713 411 2773 neutraliter
425 2732 513 2791 supra
526 2733 620 2792 genus
628 2735 636 2787 ;
666 2715 735 2792 quia
753 2715 777 2774 si
794 2714 868 2774 soret
886 2703 980 2792 genus
994 2715 1039 2773 vel
1052 2715 1121 2792 ejus¹

62 2809 254 2899 individuum,
268 2813 416 2889 reciproce
431 2824 603 2885 causaretur,
618 2832 685 2873 cum
703 2831 791 2873 omne
809 2813 974 2873 universale
984 2814 1117 2890 superius

66 2919 169 2968 causat
196 2928 282 2969 suum
309 2911 427 2970 inferius
454 2922 483 2970 et
510 2930 527 2970 e
548 2921 658 2982 contra,
680 2931 748 2971 cum
769 2912 800 2969 in
821 2912 940 2972 diversis
961 2913 1118 2989 generibus

63 3007 208 3067 'causandi
223 3010 417 3068 communiter
431 3009 488 3068 hoc
503 3010 652 3087 contingit.
694 3008 747 3069 Est
766 3027 838 3086 ergo
857 3008 954 3068 Deum
973 3028 1038 3069 esse
1052 3022 1119 3068 ante

66 3105 158 3163 omne
172 3123 276 3182 genus,
300 3124 421 3166 omnem
446 3109 575 3184 speciem
599 3107 644 3166 vel
668 3126 758 3167 omne
781 3107 971 3179 individuum,
993 3126 1062 3167 cum
1084 3107 1120 3166 sit

64 3220 157 3275 causa
178 3203 330 3280 cujuslibet
350 3202 489 3277 illorum⁸,
511 3216 540 3265 et
560 3223 622 3264 non
642 3207 790 3283 reciproce
815 3215 859 3265 est
883 3216 1042 3266 causatum.
1083 3204 1121 3263 Et

67 3318 136 3359 cum
157 3310 251 3360 totum
271 3319 365 3378 genus
386 3320 492 3362 causae
513 3303 668 3362 materialis
689 3322 707 3363 a
726 3321 834 3380 genere
848 3302 969 3373 formae,
985 3313 1014 3361 et
1027 3313 1120 3363 totum

66 3417 163 3475 genus
177 3394 304 3458 sormae⁹
316 3417 370 3476 per
387 3417 419 3459 se
434 3409 569 3460 causatur
582 3419 600 3460 a
613 3418 702 3460 causa
715 3401 857 3460 efficiente
875 3411 904 3459 et
922 3400 1009 3469 finali,
1028 3401 1120 3458 mani·

67 3496 176 3556 festum
194 3505 247 3566 est,
262 3496 343 3573 quod
361 3496 453 3556 deitas
472 3499 509 3557 sit
527 3499 640 3557 causa¹⁰
657 3498 787 3558 efficiens
807 3508 836 3558 et
857 3498 950 3557 finalis
969 3491 1121 3574 cujuslibet

61 3594 150 3672 quod
164 3605 315 3668 causatur;
338 3604 368 3654 et
381 3614 435 3671 per
448 3614 635 3673 consequens
655 3597 719 3672 ipsa
737 3605 781 3655 est
800 3596 979 3655 indivisibilis
998 3597 1120 3674 omnino

68 3691 232 3752 secundum
247 3702 343 3770 partes
357 3693 567 3771 quantitativas,
578 3693 758 3771 qualitativas
773 3695 818 3754 vel
827 3694 1038 3818 quidditativaS,
1053 3712 1120 3754 cum

103 3877 111 3907 ¹
66 3824 206 3942 bene]
224 3893 287 3935 vere,
305 3878 339 3929 D.
444 3878 624 3945 ‘quamlibeq
647 3896 825 3946 quamcunque,
840 3881 879 3932 ed.
897 3897 950 3976 pr.;
977 3895 1033 3930 cum
1055 3879 1119 3930 B..D

66 3943 218 4008 ³inufflem]
239 3944 409 4009 multiplicem
427 3945 487 3996 B..C
521 3946 553 3994 Α.
570 3947 664 4010 primae
680 3963 775 3997 manus.
866 3979 869 3983 -
906 3945 1119 4010 ‘rationabilited

67 4008 229 4064 rationaliter,
241 4009 279 4058 ed.
291 4022 328 4074 pr.
432 4010 550 4074 media]
568 4012 683 4067 mediam.
696 4013 724 4061 B.
821 4011 936 4061 ‘natura
952 4011 1121 4075 divina-ipsa

67 4074 181 4123 deitas-
181 4075 261 4140 prima
272 4073 357 4138 causa]
346 4073 718 4151 ]naturamdivinam-ipsam
734 4077 989 4171 deitatem—primam
1000 4083 1121 4130 naturam.

68 4140 109 4191 ed
128 4154 165 4204 pr.
394 4140 457 4204 uod]
478 4140 553 4207 aliud.
570 4141 609 4191 ed.
627 4157 664 4205 pr.
795 4141 922 4191 ⁸illorum
955 4142 1067 4199 istorum,
1087 4141 1119 4191 D.

66 4200 201 4270 Hormiae]
213 4204 352 4264 fortissime
319 4140 402 4257 aa.
414 4221 451 4272 pr.
552 4207 571 4238 ¹⁰
587 4207 672 4272 causa]
684 4223 734 4258 om
747 4208 784 4257 ed
797 4223 833 4273 pr.
846 4223 943 4259 cum.
