2864 4836
135 459 225 506 cana
267 438 758 500 SUPPLEMENTUM
791 440 1084 502 TRIALoGI.

186 603 245 664 Sed
269 605 388 664 ulterius
411 604 565 674 dubitatur,
591 604 743 680 quomodo
771 604 837 663 licet
861 603 1035 663 rectoribus¹
1062 603 1194 678 accipere

139 701 273 763 decimas
288 703 325 762 de
339 702 484 780 subjectis,
498 720 564 761 cum
579 721 615 761 err
630 702 737 761 minori
751 721 840 778 quarn
855 713 936 778 parte
951 701 1065 761 decima
1080 700 1194 760 contin-

140 800 242 879 geret¹
259 801 367 861 multos
386 801 551 861 sacerdotes
571 800 738 877 hujusmodi
757 802 917 871 sustentari,
932 811 961 858 et
980 799 1111 858 Christus
1126 799 1195 857 dicit

140 898 177 959 in
199 916 253 959 suo
275 899 419 977 apostolo,
444 899 525 976 quod
551 899 604 957 ‘de
630 898 772 957 alimentis
800 910 828 957 et
853 899 1028 974 tegumentis
1053 897 1195 956 debemus

141 1008 286 1076 tanquam
300 996 408 1057 Christi
426 1015 568 1074 pauperes
587 997 780 1056 contentari³.'
823 997 882 1056 Hic
897 997 1009 1055 videtur
1027 995 1098 1054 mihi
1114 994 1194 1053 salvo

142 1096 257 1155 meliori
273 1095 393 1173 judicio,
408 1095 488 1172 quod
507 1095 575 1153 licet
593 1095 697 1153 rectori
717 1104 746 1152 et
765 1095 880 1153 cuilibet
898 1091 1043 1170 praelato⁴
1057 1095 1195 1153 ecclesiae

142 1194 277 1271 accipere
292 1193 436 1252 decimam
450 1193 499 1251 vel
509 1206 746 1269 quotamcunque
766 1194 851 1252 aliam
871 1205 984 1270 partem
1003 1193 1151 1261 ecclesiae,
1166 1192 1196 1249 in

113 1276 127 1299 ‘
142 1309 216 1352 casu
236 1310 296 1370 quo
309 1302 393 1368 egeat
407 1309 462 1368 pro
483 1291 651 1367 impletione
673 1293 716 1349 sui
738 1290 841 1363 officii;
870 1301 899 1349 et
917 1291 987 1366 quid
1009 1309 1098 1367 supra
1112 1289 1197 1348 illud³

141 1399 287 1467 acceptat,
307 1390 418 1449 nedum
442 1399 486 1448 est
508 1408 526 1447 a
549 1389 645 1448 malo⁸
666 1390 718 1448 sed
739 1391 836 1465 ipsum
857 1390 976 1457 malurn,
996 1399 1025 1447 et
1045 1399 1114 1447 tunc
1136 1405 1197 1447 non

143 1497 312 1549 taxarentur
332 1498 459 1547 rectores
482 1507 534 1565 per
556 1505 625 1546 suos
646 1488 791 1564 praelatos
815 1496 846 1545 ut
869 1488 969 1556 modu,
991 1504 1046 1545 nec
1071 1485 1197 1544 lacerent

143 1585 314 1664 regulariter
336 1586 475 1655 convivia,
497 1603 552 1644 nec
575 1585 736 1644 conderent
758 1586 799 1643 sic
821 1585 985 1643 seculariter
1005 1593 1195 1656 testamenta;

143 1695 177 1745 et
195 1685 291 1761 maior
304 1702 372 1761 pars
392 1685 491 1760 legum
506 1683 646 1743 ecclesiae
668 1684 704 1742 de
723 1683 843 1742 decimis
864 1692 893 1741 et
914 1682 1109 1742 oblationibus
1123 1681 1197 1741 soret

144 1783 250 1860 sopita,
272 1793 302 1841 et
321 1782 448 1859 populus
469 1783 558 1858 gratis
577 1782 639 1840 sine
660 1782 813 1840 exactione
835 1781 958 1839 solveret
979 1781 1123 1840 sacerdoti
1144 1797 1198 1839 suo

144 1881 243 1941 debite
264 1881 444 1939 ministranti.
487 1878 575 1938 Unde
593 1896 653 1937 non
668 1879 753 1938 video
772 1879 992 1938 excusationem
1012 1880 1198 1937 exactionum

144 1977 484 2039 excommunicationum
498 1987 527 2036 et
545 1977 772 2053 occupationum
792 1976 968 2052 hujusmodi,
983 1977 1089 2053 quibus
1108 1977 1198 2035 curati

144 2077 225 2137 circa
248 2093 319 2136 suos
342 2075 472 2135 redditus
496 2076 538 2133 sic
559 2074 748 2134 contendunt.
799 2073 931 2133 Omnino
957 2086 1054 2133 autem
1075 2074 1200 2133 licitum⁷

145 2177 260 2237 videtur
274 2175 345 2234 mihi
366 2186 440 2235 stare
455 2176 485 2233 in
508 2174 574 2233 data
595 2174 734 2252 parochia
748 2184 776 2232 et
798 2174 950 2233 aedificare
971 2174 1114 2251 populum
1129 2191 1200 2233 con·

145 2273 277 2334 formiter
290 2273 347 2349 legi
361 2271 468 2331 Christi
482 2282 512 2331 et
524 2273 656 2348 accipere
671 2273 709 2330 ab
723 2290 759 2331 eo
775 2273 816 2332 sic
831 2272 968 2332 alimenta
984 2283 1013 2332 et
1032 2282 1200 2350 tegumenta

145 2390 216 2433 cum
229 2371 429 2431 moderamine
443 2370 532 2446 gratis
546 2370 630 2442 data;
652 2380 680 2428 et
695 2370 771 2429 istud
785 2370 897 2429 videtur
914 2371 984 2429 mihi
1004 2371 1200 2447 exemplatum

145 2469 207 2531 est⁸
231 2489 250 2529 a
273 2468 388 2529 Christo
413 2479 442 2528 et
466 2469 526 2527 suis
554 2468 694 2544 apostolis
721 2478 750 2527 et
778 2485 943 2527 consonum
971 2470 1083 2528 rationi.
1136 2468 1200 2527 Nec

148 2577 310 2628 murmuret
332 2576 456 2639 curatus,
471 2565 551 2643 quod
572 2565 631 2624 hoc
653 2567 688 2625 sit
708 2566 825 2636 malum,
841 2567 909 2644 quia
929 2583 989 2625 non
1004 2566 1090 2624 video
1111 2584 1200 2641 quare

147 2667 191 2727 sic
205 2665 311 2725 faceret
325 2665 380 2723 nisi
395 2675 514 2742 propter
528 2665 709 2740 corporalem
724 2664 915 2723 elemosinam
934 2664 1140 2741 partiendam,
1155 2664 1200 2723 vel

147 2765 181 2824 in
202 2781 273 2825 casu
293 2780 353 2840 quo
375 2763 522 2822 deveniret
543 2763 580 2821 ad
602 2764 741 2839 inopiam,
757 2763 830 2822 foret
851 2762 887 2821 de
909 2764 1034 2839 propriis
1052 2763 1200 2822 relevatus.

150 2861 211 2922 Sed
232 2860 270 2921 ad
285 2863 411 2937 pronum
433 2872 513 2937 patet
531 2879 568 2919 ex
586 2861 694 2918 aclr'bus
711 2862 893 2936 apostolorum
901 2861 930 2931 ¹⁰,
950 2861 1031 2936 quod
1052 2871 1095 2919 est
1114 2862 1201 2920 nimis

149 2959 223 3020 rude
243 2969 272 3018 et
292 2959 391 3017 laicale
412 2960 559 3017 servitium
579 2960 622 3018 sic
643 2959 814 3035 temporalia
832 2961 1010 3036 pauperibus
1029 2958 1201 3034 impartiri¹¹.

149 3057 191 3117 Et
203 3057 298 3134 major
315 3055 445 3115 detectus
464 3057 545 3115 istius
565 3056 652 3115 officii
672 3058 814 3133 contingit
832 3068 864 3115 ut
883 3057 1039 3133 plurimum
1057 3057 1088 3114 in
1108 3074 1202 3115 sacer-

150 3154 268 3216 dotibus
286 3171 376 3231 quam
396 3154 427 3212 in
447 3155 579 3230 personis
599 3154 791 3226 secularibus;
822 3155 889 3213 ideo
908 3154 1075 3214 sacerdotes
1096 3153 1203 3212 debent

150 3264 291 3331 tanquam
306 3252 431 3328 apostoli
449 3254 526 3311 circa
539 3253 818 3329 contemplationem
838 3262 867 3310 et
881 3252 1063 3326 evangelium
1083 3251 1202 3310 dimisso

150 3352 202 3413 tali
226 3350 324 3410 officio
350 3351 495 3428 occupari.
547 3350 617 3409 Non
642 3361 741 3409 tamen
765 3350 850 3409 video
875 3351 946 3425 quin
970 3349 1035 3408 licet
1062 3350 1203 3425 episcopo

151 3449 295 3510 inferioris
309 3460 400 3509 status
414 3459 444 3507 et
458 3448 619 3507 literaturae
634 3448 737 3507 debilis
751 3449 826 3507 circa
840 3448 907 3506 talia
922 3464 989 3505 cum
1003 3447 1203 3505 moderamine

152 3548 299 3626 occupari,
327 3565 395 3606 cum
420 3546 570 3623 apostolus
595 3546 682 3605 docet
705 3546 792 3604 talem
817 3546 989 3621 episcopum
1010 3563 1079 3603 suae
1105 3544 1204 3603 domui

153 3645 340 3724 providere¹'.
383 3646 429 3705 Ex
443 3645 489 3705 his
503 3655 591 3721 patet,
606 3662 694 3723 quarn
710 3645 868 3721 proditorie
889 3643 1049 3703 cardinales
1067 3653 1095 3702 et
1110 3644 1205 3702 clerici

188 3832 418 3897 ¹rectoribus]i.e.
448 3832 554 3883 arochis.
718 3833 814 3897 ’parte
826 3833 921 3883 decima
933 3830 1097 3896 contingeret]
1110 3834 1205 3893 partem

152 3898 277 3949 decimam
288 3900 406 3955 continet,
443 3935 448 3947 .
538 3896 595 3948 'ci
611 3911 621 3946 r
640 3897 828 3948 Timoth.vi.8.
943 3896 1057 3945 ‘rectori
1069 3902 1094 3945 et
1105 3894 1206 3943 cuilibet

154 3963 280 4029 praelato]
292 3964 382 4013 rectori
393 3963 493 4013 cuilibet
505 3972 530 4013 et
541 3963 641 4012 cuilibet
653 3963 771 4027 praelato.
784 3965 813 4013 C.
951 3961 961 3991 ⁸
978 3961 1036 4025 quid
1048 3976 1121 4024 supra
1132 3959 1192 4008 illud

155 4029 224 4094 quod
235 4045 309 4093 supra
320 4029 354 4084 id,
366 4031 394 4078 C.
526 4029 536 4059 ⁶
553 4028 583 4078 ci.
596 4028 687 4077 Matth.
699 4045 722 4077 v.
735 4040 775 4091 37.
894 4027 903 4056 ⁷
920 4027 1015 4076 licitum
1027 4026 1121 4074 videtur
1133 4024 1193 4072 mihi

154 4094 252 4144 videtur
269 4094 328 4143 mihi
346 4094 448 4149 licitum,
466 4093 496 4144 C.
672 4095 681 4122 ⁵
698 4093 863 4158 exemplatum
880 4093 929 4157 est]
947 4098 1082 4140 extractum
1099 4106 1160 4146 esse,
1176 4091 1206 4139 C.

114 4164 117 4168 ’
154 4159 351 4224 ’partiendam
364 4160 554 4225 percipiendam,
565 4158 645 4209 a.b.C.
739 4160 758 4187 ¹⁰
774 4158 804 4208 cs.
817 4160 874 4207 Act.
886 4159 917 4206 vi.
932 4172 953 4207 a.
1039 4157 1055 4186 ¹¹
1074 4155 1206 4220 impartiri]

156 4224 291 4290 impertire,
303 4226 333 4274 C.
450 4225 468 4252 '²
484 4224 514 4273 ci.
529 4238 539 4272 1
553 4223 664 4274 Timoth.
677 4224 710 4274 iii.
723 4240 745 4286 4.

645 4325 725 4367 nea

1275 451 1339 518 419

1229 613 1315 649 Parochis
1322 615 1354 648 rnl·

1228 656 1277 690 alme
1284 656 1327 690 licet
1334 655 1384 690 decl·

1228 705 1268 732 mes
1275 695 1366 738 accipere.
