2864 4836
582 418 834 499 JOANNIS
861 417 1071 480 vvrcrrr
1287 438 1362 474 nr.

309 595 406 642 tamen
417 582 532 640 cuilibet
543 599 695 657 personae,
706 599 780 657 quae
793 592 836 640 est
851 581 951 650 deitas,
964 573 1036 639 sicut
1046 596 1174 656 persona
1187 589 1232 637 est
1246 578 1362 637 incom-

310 681 493 739 municabilis
507 681 545 738 ad
559 679 637 739 hunc
652 698 777 751 sensum,
793 679 873 755 quod
888 680 923 737 sit
937 678 1094 736 multorum
1108 677 1306 753 singularium,
1317 674 1362 733 et¹

308 787 406 837 tamen
421 779 671 848 communicabile,
686 779 754 853 quia
768 790 870 835 natura
884 776 988 835 divina.
1029 774 1068 833 Et
1080 775 1187 834 eodem
1200 774 1294 833 modo
1308 791 1361 831 na·

306 887 369 934 tura
383 887 426 934 est
443 875 726 945 incommunicabile,
741 876 809 952 quia
828 893 962 951 persona,
981 883 1079 932 tamen
1098 884 1141 932 est
1155 873 1358 930 communica-

307 973 394 1044 bilis²‚
423 975 491 1049 quia
519 974 604 1033 trium
628 991 818 1050 personarum
843 983 885 1031 est
911 972 1062 1049 quaelibet.
1115 969 1179 1029 Nec
1208 980 1252 1030 est
1276 969 1359 1028 facile

308 1070 425 1146 fingere,
441 1090 530 1148 quare
549 1090 610 1129 non
628 1071 772 1148 quaelibet
792 1071 876 1130 trium
891 1088 987 1128 rerum
1006 1070 1093 1128 creati
1108 1071 1222 1146 spiritus
1241 1071 1276 1127 sit
1295 1087 1360 1146 per·

307 1187 388 1238 sona,
400 1188 468 1228 cum
483 1171 518 1228 sit
532 1169 678 1228 rationalis
692 1180 811 1227 naturae
822 1167 1104 1226 incommunicabilis
1117 1167 1271 1226 existentia
1279 1185 1287 1238 ;
1309 1165 1359 1224 de·

308 1267 365 1326 ficit
384 1279 482 1326 tamen
501 1267 571 1325 mihi
590 1267 744 1326 auctoritas
763 1267 803 1325 sic
818 1265 964 1342 loquendi.
1005 1264 1120 1323 Boedas
1137 1275 1235 1324 autem
1249 1265 1361 1324 videtur

307 1365 410 1437 dicere,
425 1365 504 1442 quod
524 1383 650 1441 persona
668 1366 702 1423 sit
722 1365 868 1423 rationalis
886 1375 1005 1422 naturae
1025 1363 1172 1421 individua
1190 1363 1359 1432 substantia,

306 1475 335 1521 et
350 1462 422 1521 forte
436 1464 567 1540 intelligit
580 1482 632 1539 per
646 1463 834 1522 substantiam
853 1462 1075 1542 subsistentiam,
1090 1472 1224 1538 quaeest
1242 1460 1360 1519 inferius

307 1580 396 1637 quam
412 1556 578 1634 substantia,
594 1573 622 1619 et
642 1573 711 1620 tunc
727 1578 853 1637 persona
872 1561 974 1620 dicitur
988 1559 1191 1636 ethimologice
1210 1561 1296 1636 quasi
1309 1569 1360 1634 per

306 1678 334 1717 se
358 1679 424 1717 uno.
466 1659 570 1718 Homo
592 1661 676 1735 igitur
697 1659 764 1718 licet
789 1660 825 1717 sit
849 1670 909 1717 tam
934 1673 1040 1734 corpus
1064 1676 1153 1734 quam
1177 1659 1284 1729 anima,
1305 1659 1359 1716 ista

307 1768 405 1815 tamen
425 1769 491 1816 sunt
505 1757 633 1815 diversae
654 1768 789 1828 naturae;
811 1756 878 1815 ideo
898 1756 1077 1815 individuum
1095 1756 1222 1815 hominis
1240 1773 1304 1814 non
1318 1755 1359 1814 sic

307 1857 539 1915 communicatur
559 1855 654 1914 eidem
674 1866 802 1926 naturae,
819 1874 873 1913 nec
889 1854 1039 1930 specifice*
1052 1872 1107 1913 nec
1125 1854 1281 1913 individue.
1322 1853 1361 1912 Et

307 1953 344 2012 ad
364 1955 532 2013 communia
547 1963 719 2030 argumenta
737 1954 843 2029 quibus
861 1962 1085 2029 argumentatur,
1100 1952 1182 2029 quod
1201 1963 1278 2011 esset
1291 1969 1361 2029 pro·

306 2070 405 2111 cessus
418 2048 560 2110 infinitus⁴
571 2052 601 2109 in
616 2034 795 2122 trinita'tibus,
808 2069 875 2109 cum
890 2069 1015 2127 persona
1029 2051 1123 2127 prima
1136 2049 1243 2110 habeat
1256 2062 1361 2127 poten-

306 2150 375 2207 tiam
390 2151 522 2208 notitiam
536 2161 566 2209 et
580 2142 831 2226 complacentiam,
847 2167 922 2224 quae
936 2139 999 2225 pari
1013 2149 1157 2208 evidentia
1175 2149 1360 2225 distinguun-

307 2257 360 2317 tur,
382 2264 440 2322 qua
460 2258 518 2305 tres
535 2265 677 2323 personae
698 2248 820 2317 divinae,
841 2257 870 2304 et
888 2245 962 2305 foret
982 2264 1137 2323 processus
1153 2246 1183 2305 in
1202 2246 1358 2304 infinitum.

308 2344 419 2402 Solutio
439 2356 492 2414 est,
507 2344 587 2421 quod
607 2346 701 2421 prima
719 2363 847 2421 persona
866 2345 962 2403 divina
976 2363 1012 2403 ex
1033 2363 1064 2404 se
1083 2355 1127 2404 est
1146 2345 1295 2421 potentia;
1317 2355 1361 2403 est

307 2453 403 2500 autem
414 2443 593 2513 intellectiva,
608 2443 676 2519 quia
689 2443 857 2501 communis
871 2453 982 2512 natura,
997 2461 1065 2501 curn
1080 2441 1254 2500 intellectiva
1265 2460 1360 2518 quan·

307 2540 403 2616 doque
419 2541 558 2616 accipitur
572 2540 761 2616 personaliter
776 2552 805 2599 et
819 2541 995 2617 quandoque
1011 2540 1191 2612 naturaliter;
1218 2550 1246 2598 et
1261 2541 1304 2600 sic
1317 2551 1362 2599 est

307 2639 342 2697 de
357 2639 472 2697 duobus
487 2639 548 2696 aliis
562 2639 739 2704 nominibus,
755 2639 861 2698 scilicet
875 2640 1005 2715 potentia
1023 2650 1052 2698 et
1071 2639 1280 2698 benevolentia.
1323 2638 1360 2696 Et

306 2737 345 2793 ita
353 2750 395 2794 est
406 2736 549 2812 quaedam
561 2737 731 2794 insensualis
743 2738 871 2813 nugati0,
883 2737 1041 2812 procedere
1053 2754 1139 2812 super
1150 2737 1203 2795 tria
1213 2738 1243 2794 in
1255 2747 1361 2795 natura

307 2834 410 2902 divina,
426 2853 493 2892 cum
512 2835 642 2910 potentia
659 2834 723 2893 talis
744 2836 890 2910 potentiae
910 2834 985 2892 soret
1007 2835 1085 2893 illam
1104 2833 1253 2893 naturam⁸
1272 2852 1360 2912 posse

306 2950 402 3009 posse,
422 2943 451 2990 et
472 2932 660 3007 intelligentia
679 2934 758 2991 verbi
772 2932 828 2990 Dei
850 2932 933 3003 foret,
948 2933 1026 2991 illam
1046 2943 1179 2992 naturam
1198 2933 1361 3010 intelligere

307 3030 472 3104 intelligere,
490 3041 518 3088 ct
539 3031 686 3088 voluntas⁶
708 3030 790 3101 soret,
805 3029 898 3090 illam⁷
918 3031 990 3088 velle
1012 3031 1099 3103 velle;
1121 3042 1150 3088 et
1171 3022 1257 3090 tunc⁸
1279 3043 1362 3107 pater

307 3128 437 3202 intelligit
456 3130 604 3185 communi
621 3129 820 3205 intelligentia,
836 3130 910 3187 sicut
929 3129 1004 3188 filius
1023 3140 1120 3206 potest
1138 3131 1291 3188 communi
1306 3147 1361 3206 po-

308 3227 406 3296 tentia,
421 3236 517 3301 potest
531 3237 629 3283 tamen
644 3228 716 3286 sicut
730 3237 774 3286 est
788 3245 839 3302 per
858 3216 1018 3303 potentiam
1033 3237 1167 3302 quaeest
1185 3238 1277 3304 pater,
1292 3246 1362 3288 cum

307 3343 344 3384 ex
366 3335 447 3400 patre
471 3323 559 3382 habet
583 3343 654 3383 esse.
701 3324 739 3383 Et
764 3325 951 3383 conformiter
970 3325 1076 3383 tollitur
1097 3324 1168 3383 alia⁹
1194 3325 1357 3396 difficultas,

306 3434 402 3481 utrum
417 3434 518 3481 natura
532 3411 628 3481 divina
642 3424 733 3498 gignit
747 3435 796 3480 aut
811 3424 944 3499 gignitur.
986 3422 1128 3494 Quamvis
1141 3434 1240 3481 autem
1250 3423 1361 3482 Petrus

307 3521 487 3578 Lumbordus
501 3522 629 3580 videatur
643 3521 748 3592 dicere,
760 3521 840 3596 quod
855 3540 916 3579 non
932 3522 1004 3580 sicut
1014 3521 1125 3597 species
1136 3520 1268 3581 humana
1278 3524 1363 3582 nec¹⁰

308 3629 428 3694 generat
447 3637 501 3677 nec
520 3627 681 3694 generatur,
697 3638 765 3678 cunr
789 3621 865 3678 actio
879 3638 941 3677 non
961 3631 1109 3696 competat
1128 3618 1292 3680 formaliter
1305 3622 1362 3680 nisi

307 3735 457 3794 personae,
478 3728 571 3792 potest
592 3730 689 3775 tamen
709 3717 764 3775 dici
784 3718 979 3794 probabiliter,
1001 3718 1081 3793 quod
1103 3719 1175 3777 sicut
1196 3737 1234 3777 ex
1257 3730 1363 3779 natura

341 3943 348 3970 ¹
366 3943 400 4002 et]
412 3949 456 3996 est,
468 3940 506 3989 ed.
519 3956 555 4004 pr.
568 3955 623 3988 cum
635 3940 664 3988 C.
677 3939 770 4002 primae
781 3955 875 3995 manus,
890 3939 921 3988 D.
1000 3939 1009 3968 2
1026 3940 1238 3990 communicabilis
1264 3943 1364 3993 incom.

308 4006 469 4061 municabilis‚
481 4006 518 4054 ed.
531 4022 567 4070 pr.
644 4005 794 4069 'specificeJ
807 4005 941 4069 specivoce,
953 4005 991 4053 ed.
1004 4022 1040 4069 pr.
1107 4005 1243 4056 ⁴infmitus
1269 4008 1362 4058 ininfi-

307 4072 394 4123 nitum.
408 4072 439 4119 D.
516 4071 525 4098 ⁵
542 4071 666 4163 naturam]
675 4078 786 4119 naturam
800 4071 902 4126 nullum,
914 4070 952 4118 ed.
965 4086 1001 4134 pr.
1078 4071 1088 4099 ⁶
1105 4071 1231 4136 voluntas]
1245 4073 1362 4124 voluntas

308 4138 448 4191 voluntatis,
461 4137 498 4186 ed.
510 4153 546 4201 pr.
560 4138 590 4185 Α.
683 4136 762 4198 illam]
777 4136 843 4190 illud,
856 4137 893 4184 cd.
907 4152 941 4199 pr.
1000 4138 1008 4165 ¹¹
1026 4135 1097 4200 tunc]
1111 4137 1153 4191 sic,
1168 4136 1200 4184 D.
1269 4140 1282 4169 ⁹
1297 4139 1360 4205 alla]

309 4218 358 4251 om.
370 4201 408 4250 ed.
420 4219 456 4265 pr.
524 4204 541 4231 ¹⁰
558 4202 615 4266 nec]
627 4219 685 4256 non,
697 4201 735 4250 ed.
748 4218 783 4265 pr.
796 4217 851 4252 curn
864 4202 927 4251 el).
