2864 5242
116 323 198 332 uun-..-

181 432 244 516 386

241 2389 260 2415 .

240 2471 269 2575 ss'..
323 2559 328 2571 .

133 2589 204 2655 nra
242 2599 262 2648 ·.

397 3091 404 3115 ,

420 3288 426 3313 ,

34 4228 38 4233 .
206 4125 211 4135 ’
316 4155 332 4202 v

847 325 876 330 --
886 319 1376 331 --——-—-—-—-———-.-

587 431 844 513 JOANNIS
885 430 1095 494 WICLIF
1290 453 1378 489 univ.

324 599 469 658 dimittant
482 598 534 657 has
549 608 642 657 sectas
652 596 767 655 frivolas
781 605 810 655 et
824 595 995 679 tratlitiooes
1003 593 1168 662 hominum,
1180 593 1260 652 deut
1271 591 1376 651 Paulus

323 714 360 755 ex
375 695 482 756 Christi
502 696 594 771 gratia
614 695 722 753 dimisit
742 693 924 753 ceremonias
944 692 1017 768 legis
1029 691 1132 750 veteris
1150 701 1184 750 et
1205 690 1376 750 traditiones

323 793 438 870 legales,
458 794 585 852 intentus
604 810 676 870 pure
694 803 725 851 et
739 791 901 868 specialiter
920 791 978 867 legi
998 788 1124 849 Christi?
1160 789 1264 850 Multo
1283 789 1374 866 magis

323 891 424 950 iratres
452 901 575 967 possunt
603 909 655 967 per
682 889 739 948 Dei
766 890 890 966 gratiam
917 888 1074 947 ilusuan¹.
1128 886 1220 947 Unde
1255 888 1374 966 quidam

322 989 523 1048 moralisantes
543 989 600 1048 hoc
620 989 740 1048 verbum
760 986 867 1046 Christi
888 986 987 1046 Lucae
1007 988 1073 1044 xxi:
1106 991 1210 1046 ‘erunt
1235 987 1326 1063 sigua
1345 986 1374 1043 iu

322 1087 384 1146 sole
404 1096 434 1146 et
453 1087 531 1158 luna,
545 1098 574 1146 et
594 1087 695 1147 stellis’
708 1086 871 1163 intelligunt
892 1104 945 1162 per
964 1085 1013 1143 illa
1033 1086 1118 1161 signa
1137 1086 1375 1161 perturbationes

322 1202 397 1261 quae
418 1184 491 1244 fiunt
511 1184 546 1245 α’
565 1185 676 1262 populo
696 1185 788 1244 laicali
809 1183 846 1242 de
870 1201 950 1260 papa
970 1182 1166 1260 principaliter
1186 1184 1375 1260 perturbante

322 1284 486 1354 ecclesiam,
505 1283 571 1343 licet
592 1283 712 1343 debeat¹
732 1300 796 1342 esse
814 1282 886 1340 ‘sol'
905 1298 1028 1341 movens
1047 1292 1078 1340 et
1096 1281 1270 1342 illuminans
1291 1294 1375 1360 atque

322 1382 469 1440 vivificans
483 1392 575 1440 totam
587 1382 742 1441 ecclesiam
760 1380 930 1440 militantem
938 1399 947 1451 ;
971 1397 1024 1456 per
1039 1379 1164 1437 ‘marn'
1179 1390 1284 1440 autem
1298 1382 1376 1458 capi-

322 1489 420 1538 entem
441 1480 575 1538 virtutem
589 1498 673 1539 suam
694 1480 788 1538 asole
808 1478 969 1555 intelligunt
989 1488 1048 1537 tres
1068 1479 1189 1538 ordines
1210 1482 1376 1556 possessio·

322 1587 415 1647 natos,
429 1586 462 1635 ut
480 1579 639 1637 canonicos
661 1589 690 1636 et
710 1576 874 1636 monachos
895 1588 923 1634 et
938 1574 1165 1652 Hospitalares‘,
1181 1579 1233 1653 qui
1247 1579 1329 1638 viant
1348 1589 1375 1637 et

322 1674 518 1732 illuminantur
531 1675 699 1734 instabiliter
713 1685 852 1751 tanquam
871 1674 941 1731 luna
949 1693 957 1744 ;
983 1691 1036 1750 per
1050 1671 1172 1732 ‘stellas'
1187 1693 1260 1733 vero
1275 1677 1375 1735 intelli·

322 1781 395 1847 gunt
409 1783 503 1831 sectas
524 1783 552 1831 et
572 1790 714 1849 personas
735 1772 772 1831 de
793 1771 944 1831 ordinibus
964 1770 1212 1845 mendicantium
1241 1773 1285 1832 illi
1298 1775 1375 1833 enim

322 1880 462 1946 tanquam
481 1871 562 1930 stella
581 1870 710 1930 cometa¹
729 1869 787 1928 fixa
805 1869 837 1927 in
855 1875 922 1928 aere
941 1868 1110 1945 caliginoso,
1126 1870 1298 1946 significant
1316 1891 1375 1932 cer·

323 1969 380 2027 tius
401 1979 509 2027 mortes
533 1969 693 2045 spirituales
718 1967 857 2027 ecclesiae
882 1966 1037 2025 militantis
1088 1966 1148 2026 Sed
1170 1969 1375 2045 experimento

322 2065 417 2135 didici,
429 2067 510 2143 quod
520 2077 656 2126 tractatus
668 2067 704 2125 de
719 2066 781 2124 istis
794 2065 946 2124 ordinibus
962 2063 1096 2123 dolorem
1108 2064 1217 2141 ingerit
1230 2075 1295 2126 tam
1309 2069 1373 2127 sub

318 2175 454 2239 Jectrvum
474 2183 563 2240 quam
582 2164 766 2241 objectivum.
809 2163 883 2222 Ideo
901 2145 1005 2240 placet,
1021 2173 1053 2220 ut
1072 2149 1225 2235 monebas,
1239 2165 1373 2226 tractatui

320 2273 366 2321 isti
381 2262 539 2321 valefacere
553 2274 582 2321 et
596 2261 633 2321 de
648 2272 722 2321 statu
735 2261 920 2320 beatitudinis
935 2271 1115 2337 pertractare.

363 2359 423 2419 Sed
441 2361 534 2435 prim
558 2362 691 2419 omnium
716 2360 826 2418 videtur
849 2358 936 2417 mihi⁸
960 2357 1189 2436 supponendum
1213 2359 1371 2431 catholicis,

321 2459 402 2535 quod
425 2459 523 2517 omnis
548 2459 639 2517 homo
663 2467 793 2534 resurget
817 2458 848 2518 in
872 2475 1004 2533 corpore,
1029 2457 1127 2516 anima
1150 2457 1283 2516 reunita'
1308 2475 1372 2517 cum

321 2575 386 2633 ipso
411 2568 552 2634 perpetuo
576 2574 775 2634 permansura.
826 2554 896 2614 Hoc
925 2566 1021 2615 autem
1049 2555 1136 2614 docet
1155 2555 1231 2631 fides
1260 2557 1375 2632 apostoli

327 2673 335 2711 ι
360 2654 490 2713 Corinth.
511 2673 556 2712 xv.
578 2654 729 2713 declarans
750 2652 869 2730 pulchre
890 2672 927 2712 ex
948 2653 1159 2713 resurrectione
1182 2651 1303 2725 Christi,
1325 2656 1370 2731 qtd

320 2762 364 2809 est
391 2751 476 2810 frater
504 2764 610 2824 noster,
640 2753 732 2812 homo
757 2754 912 2811 nobiscum
939 2753 1070 2822 univoce,
1099 2752 1181 2828 quod
1208 2771 1319 2814 omnes
1346 2768 1372 2812 et

320 2849 424 2925 singuli
439 2868 635 2925 resurgemus:
661 2851 788 2919 ‘tradidi
803 2852 904 2926 inquit,
920 2852 1004 2908 vobis
1017 2850 1097 2926 quod
1112 2848 1155 2907 et⁸
1169 2851 1284 2928 accepi,
1300 2870 1371 2928 quo·

319 2966 398 3005 mam
410 2947 556 3007 Christus⁹
571 2959 702 3007 mortuus
716 2959 760 3006 est
774 2966 828 3025 pro
843 2950 970 3024 peccatis
984 2949 1090 3007 nostris
1104 2949 1270 3007 secundum
1283 2953 1370 3026 scrip

318 3056 396 3104 turas
420 3056 448 3105 et
467 3048 535 3122 quia
549 3046 677 3122 sepultus
692 3058 735 3105 est
750 3056 778 3104 et
793 3047 862 3122 quia
880 3047 1033 3105 resurrexit
1047 3046 1129 3105 tertia
1145 3045 1193 3104 die
1207 3049 1370 3107 seeundum

318 3150 481 3220 scripturas,
501 3155 530 3202 et
544 3145 613 3220 quia
631 3146 708 3203 visus
726 3154 770 3202 est
784 3143 903 3220 Cephae
923 3155 951 3203 et
970 3156 1036 3221 post
1054 3144 1112 3203 hoc
1130 3145 1272 3203 undecim
1288 3147 1370 3206 disci-

317 3243 392 3318 pulis
398 3243 419 3275 ¹⁰
439 3242 544 3301 deinde
556 3243 633 3301 visus
646 3254 690 3301 est
701 3242 766 3318 plus
780 3260 870 3318 quam
881 3243 1046 3318 quingentis
1061 3241 1203 3312 iratribus,
1216 3260 1254 3300 ex
1267 3245 1369 3319 quibus

318 3341 399 3399 multi
413 3352 533 3400 manent
547 3358 639 3416 usque
654 3341 757 3411 adhuc,
772 3340 891 3417 quidam
910 3351 1006 3398 autem
1022 3341 1210 3400 dormierunt.
1254 3341 1369 3401 Deinde

317 3457 393 3498 vtsus
415 3451 459 3499 est
482 3438 605 3516 Jacobo,
627 3439 733 3498 deinde
757 3439 897 3515 apostolis
920 3439 1066 3507 omnibus,
1089 3439 1248 3498 novissime
1274 3451 1368 3499 autem

316 3538 449 3595 omniurn
463 3547 600 3613 tanquam
616 3537 749 3596 abortivo
762 3537 839 3596 visus
853 3548 895 3595 est
910 3536 997 3595 mihi!
1040 3535 1071 3595 Si
1089 3546 1187 3595 autem
1208 3539 1368 3598 secundum

315 3653 379 3710 Jura
398 3634 470 3710 legis
489 3634 545 3694 Dei
566 3646 594 3692 et
615 3635 687 3710 legis
707 3633 860 3693 hominum
881 3635 911 3692 in
932 3653 983 3693 ore
1004 3634 1187 3693 duorumve}
1203 3637 1292 3694 trium
1316 3648 1369 3695 tes·

317 3733 388 3790 tium
410 3742 466 3791 stat
485 3750 575 3790 omne
597 3733 727 3801 verbum,
752 3731 859 3809 quod¹¹
884 3734 1052 3791 testimonio
1077 3743 1121 3791 est
1145 3733 1367 3809 probandum¹¹‚

351 3878 405 3927 ¹cl'.
423 3894 452 3928 su
471 3879 539 3927 raiv.
552 3892 591 3942 30.
717 3877 814 3942 ¹a]in,
826 3878 864 3928 ed.
876 3894 913 3941 p.r
1042 3877 1270 3942 'debeaqdebeu
1282 3880 1322 3930 ed
1334 3896 1366 3945 pr.

316 3943 325 3971 ⁴
344 3944 399 3992 Hos
418 3945 452 3992 ita
478 3943 527 4008 res]
542 3944 733 4008 Hospitalarios,
745 3944 779 3992 D.
790 3944 829 3993 ed.
842 3959 878 4008 pr
967 3943 977 3971 ¹
994 3943 1102 4007 cometa]
1116 3953 1224 4001 comata.
1236 3945 1271 3994 D.
1283 3947 1322 3996 ed
1334 3961 1368 4010 pr

315 3959 476 4074 ‘mihiffom
489 4010 518 4059 C.
617 4008 750 4073 ’reunita]
763 4010 866 4065 reunito,
879 4009 911 4057 Α.
924 4009 1152 4059 secundaemanus.
1307 4009 1366 4074 ἐι]

316 4090 365 4122 orn.
378 4074 407 4123 C.
419 4075 457 4123 ed.
469 4090 506 4139 pr
638 4075 878 4170 ¹Christus]J¹esus,
890 4075 927 4123 ed.
940 4090 977 4138 pr
1088 4075 1106 4104 ¹⁰
1122 4074 1265 4140 discipulis]
1278 4077 1366 4126 omli

334 4139 515 4196 rimaemanus,
528 4139 557 4188 C.
569 4141 608 4190 ed.
620 4156 656 4206 pr.
811 4139 923 4204 ¹¹quod]
936 4156 994 4204 quo,
1006 4139 1114 4196 A...BC;
1133 4142 1271 4204 quomodo,
1284 4142 1322 4192 ed
1334 4157 1367 4207 pr

317 4202 381 4251 ’.ἐί
394 4204 469 4252 Num.
482 4221 551 4254 xxxv.
563 4219 610 4265 30;
631 4205 720 4254 Matth.
734 4205 797 4253 xviii.
814 4204 851 4253 16
