2864 4836
530 426 788 504 JOANNIS
829 429 1052 491 WICLIF
1251 457 1328 492 unrv.

248 592 448 650 ·intrinsecus.
489 589 536 648 Ex
558 608 618 667 quo
640 603 719 667 patet
739 591 821 669 quod
840 592 962 670 quilibet
981 595 1126 654 existens
1146 596 1179 653 in
1195 593 1279 654 coelo
1297 593 1326 650 sit

266 708 359 765 aeque
383 690 493 749 beatius.
536 690 672 750 Similiter
695 690 806 750 videtur
829 690 970 760 mirabile,
993 691 1084 767 quod
1112 694 1222 751 beatus
1235 690 1325 767 aliquis

266 786 303 845 de
325 788 502 847 beatimdine
523 791 559 849 sit
575 809 702 861 securus,
716 808 785 848 cum
806 807 926 848 necesse
947 791 986 848 sit
1006 791 1098 866 quod
1113 791 1202 851 Deus
1222 791 1325 850 oontin

266 886 433 959 gentissime
455 899 551 962 potest
572 890 669 964 ipsum
691 887 839 958 damnare,
860 905 929 946 cum
950 905 1074 946 numne
1099 889 1196 948 linere
1219 899 1324 948 oontre

267 982 386 1042 diotone
407 984 504 1059 ipsum
525 986 631 1058 salvat;
662 985 813 1064 quomodo
834 1003 906 1061 ergo
930 995 975 1044 est
999 987 1032 1043 in
1056 987 1249 1047 beatitudine
1268 985 1323 1045 talis

267 1083 425 1140 securitas?

307 1178 470 1239 phronesis.
512 1180 588 1241 Hic¹
612 1181 724 1240 videtur
746 1180 816 1239 mihi
841 1179 921 1257 quod
945 1179 1023 1240 duae
1046 1199 1205 1257 personae
1230 1193 1322 1241 noum

267 1295 315 1335 me
338 1278 499 1345 inordinate
524 1280 713 1356 ingeminant
764 1278 822 1337 Sed
847 1280 943 1355 primo
967 1279 1084 1338 videtur
1110 1280 1197 1356 quod
1223 1280 1322 1339 soror'u

267 1393 350 1434 meae
364 1376 496 1452 objectus
510 1378 636 1455 triplices
650 1388 717 1436 sunt
731 1376 870 1446 solvendi,
881 1388 911 1436 et
924 1377 1125 1452 postmodum
1137 1378 1177 1437 ad
1191 1389 1322 1455 qmttuor

174 1528 178 1536 .
266 1473 434 1533 Pseustinas
458 1478 584 1552 argutias
608 1495 661 1553 per
684 1476 818 1536 ordinem
842 1485 887 1534 est
909 1475 1076 1534 dioendum
1122 1476 1233 1535 Pn‘m
1254 1493 1320 1552 ergo

266 1574 334 1648 quia
358 1591 419 1631 non
442 1575 519 1632 circa
541 1575 731 1651 quidditatem
753 1574 865 1632 dotium
889 1584 934 1631 est
954 1572 1141 1649 philosopho
1161 1575 1319 1645 difficultas,

266 1669 332 1728 ideo
347 1673 553 1747 supponendo,
568 1673 649 1748 quod
668 1672 809 1750 quidquid
822 1670 905 1730 Deus
924 1688 1052 1746 sponsus
1071 1672 1223 1732 ecclesiae
1236 1674 1320 1750 gratis

265 1767 385 1839 dederit,
408 1769 463 1828 dos
487 1770 561 1829 illius
588 1788 716 1847 sponsae
740 1787 869 1846 congrue
889 1767 1006 1845 posset²
1025 1769 1104 1828 dici:
1138 1771 1179 1830 ad
1199 1775 1319 1847 pram

265 1878 470 1942 argumentum
489 1870 599 1928 sororis
618 1868 784 1944 respondeo
803 1866 1003 1937 eoncedendo,
1017 1867 1102 1942 quod
1122 1868 1252 1928 eaedem
1270 1887 1319 1946 pn

265 1967 371 2024 tentiae
391 1966 435 2023 vel
455 1967 571 2024 virtutes
592 1967 707 2025 animae
721 1967 842 2025 redeunt
860 1966 890 2023 iu
909 1964 1030 2024 homine
1049 1977 1245 2047 resurgente,
1272 1966 1320 2026 sed

265 2071 381 2139 oportet
391 2064 577 2124 considerare
588 2064 668 2141 quod
679 2082 741 2123 non
751 2062 872 2122 eaedem
882 2064 1184 2124 virtutesinnumero
1193 2066 1320 2126 ultimate

265 2163 418 2232 abstracte,
440 2173 469 2220 et
491 2163 652 2221 secundum
673 2162 776 2239 triplex
797 2162 971 2238 principium
992 2160 1192 2234 individuam,
1213 2165 1320 2225 scilicet

265 2276 365 2334 agens,
388 2256 575 2336 subjectum³,
596 2271 625 2319 et
649 2270 765 2337 tempus
786 2259 943 2319 formaliter
967 2256 1113 2331 diffinite⁴,
1136 2263 1320 2322 materialiter

265 2356 433 2430 distinctae3
469 2358 521 2416 sed
548 2377 609 2434 quo
637 2359 675 2417 ad
703 2359 865 2435 subjectum
892 2367 922 2416 et
949 2374 1040 2434 agens
1073 2361 1228 2434 potentiae
1255 2371 1320 2420 snut

264 2455 394 2514 eaedem.
436 2455 485 2513 Ad
504 2458 652 2514 secundum
672 2461 875 2532 argumentum
895 2456 1004 2514 sororis
1023 2457 1196 2532 respondeo
1215 2477 1319 2518 conce·

265 2552 364 2611 dendo
385 2554 448 2624 sibi,
471 2555 551 2629 quod
573 2572 633 2612 non
656 2555 744 2613 claret
767 2554 838 2612 mihi
859 2552 970 2612 adhuc⁸
990 2553 1073 2622 ratio,
1095 2571 1189 2630 quare
1212 2553 1321 2615 forent⁸

265 2662 377 2725 septem
399 2653 443 2710 vel
465 2662 602 2727 quattuor
625 2653 718 2723 dotes,
739 2653 810 2728 quin
830 2651 978 2728 peridem
997 2650 1094 2709 forent
1113 2654 1172 2711 sub
1192 2656 1320 2731 quolibet

265 2767 387 2807 numero
399 2751 593 2825 assignando;
615 2751 666 2809 sed
679 2751 857 2826 septenarius
866 2760 912 2808 est
922 2767 1059 2808 numerus
1075 2751 1281 2823 universitatis,
1293 2765 1320 2811 et

264 2849 463 2923 quaternarius
479 2858 522 2906 est
537 2850 647 2924 primus
662 2847 815 2907 uumerus'
826 2849 954 2918 cubicus,
966 2847 1034 2905 ideo
1050 2865 1193 2909 numerus
1208 2851 1319 2909 dotium

263 2945 439 3019 pertinenter
454 2947 514 3003 istis
529 2947 657 3004 numeris
671 2957 714 3005 est
725 2947 863 3021 signatus,
878 2964 933 3004 nec
947 2957 990 3004 est
1006 2946 1061 3004 dos
1075 2946 1177 3022 aliqua
1197 2950 1269 3024 quin
1285 2949 1317 3005 sit

264 3042 302 3099 ad
317 3041 442 3117 aliquam
458 3044 577 3101 istarum
593 3044 704 3102 dotium
719 3043 894 3103 reducenda.
928 3045 977 3102 Ad
987 3045 1100 3101 tertium
1112 3057 1320 3120 argumentum

264 3141 371 3197 sororis
396 3141 562 3215 respondeo
587 3141 788 3211 concedendo,
810 3142 891 3218 quod
915 3143 986 3201 istae
1008 3151 1121 3216 septem
1143 3142 1232 3201 dotes
1255 3155 1319 3201 sunt

264 3239 377 3296 animae
406 3239 599 3296 accidentales
624 3239 668 3296 vel
693 3241 786 3298 verius
815 3241 1034 3316 contingentes;
1066 3238 1136 3298 sed⁸
1163 3241 1320 3316 quidhoc

263 3348 365 3395 contra
389 3339 531 3396 rationem
556 3337 676 3409 dotium,
703 3357 770 3396 cum
795 3339 850 3397 dos
874 3339 1047 3415 corporalis⁹
1072 3338 1142 3398 data
1169 3343 1258 3400 uxori
1285 3344 1321 3400 sit

264 3437 457 3492 communiter
472 3436 536 3511 plus
551 3437 725 3511 contingens
739 3447 767 3495 et
781 3437 847 3513 plus
861 3437 1047 3496 accidentalis
1061 3437 1167 3496 eidem

304 3531 390 3590 Unde
400 3533 437 3591 ad
442 3536 704 3607 primomrolionem
714 3533 843 3592 Pseustis
851 3534 1017 3611 respondeo
1026 3536 1318 3615 concedendo,quod

263 3647 456 3705 quaecunque
471 3632 558 3690 virtus
579 3632 778 3691 intellectualis
799 3634 875 3691 beati
897 3635 1014 3709 spiritus
1034 3644 1080 3692 est
1099 3633 1156 3692 dos
1173 3636 1318 3710 ejusdem,

263 3728 337 3785 sicut
351 3746 440 3786 omne
456 3729 566 3787 donum
582 3729 638 3788 Dei
652 3731 733 3805 quod
752 3733 879 3807 gratiose
898 3731 952 3790 sibi
970 3732 1082 3791 dederit
1101 3743 1133 3791 ut
1153 3733 1316 3793 inhaerens

295 3874 302 3902 ¹
322 3875 384 3939 Hic]
398 3877 440 3931 sic,
453 3876 491 3924 ed.
503 3892 539 3939 pr.
638 3875 760 3940 ¹posset]
773 3877 860 3942 possit,
871 3877 911 3927 ed.
922 3894 960 3942 pr.
1042 3878 1154 3943 ’agens
1166 3878 1317 3942 subjectum]

262 3938 406 4002 subjectum,
418 3957 502 4004 agens,
514 3943 562 3996 A.;
581 3941 695 3990 distincte
706 3957 789 4005 agens,
802 3941 946 4005 subjectum.
959 3943 990 3993 C.
1138 3943 1166 3989 „⁴
1181 3943 1318 3993 formaliter

262 4005 376 4069 diffinite]
395 4006 474 4055 forent
490 4006 648 4056 materialiter
665 4007 802 4064 distinctae,
818 4009 849 4056 A.
866 4016 891 4057 et
909 4008 938 4057 C.
955 4009 1049 4072 prImae
1064 4024 1161 4064 manus,
1177 4010 1205 4058 R
1224 4011 1264 4058 ed.
1281 4026 1317 4074 pr.

262 4069 271 4097 ⁵
288 4070 348 4118 mihi
361 4072 453 4135 adhuc]
466 4089 514 4120 om.
528 4072 556 4120 B.
569 4072 689 4120 secundae
700 4087 795 4122 manus.
871 4073 881 4102 ⁶
898 4073 991 4137 forent]
1004 4090 1054 4122 om.
1066 4074 1161 4124 A.B.C.
1248 4075 1258 4103 ¹
1274 4092 1317 4124 nu·

262 4135 355 4246 dudem]
368 4152 417 4185 orn.
430 4137 464 4185 D.
547 4139 556 4165 ⁸
573 4136 627 4200 sed]
641 4138 782 4195 secundum,
794 4138 832 4187 ed.
844 4154 881 4203 pr.
958 4140 968 4168 ⁹
984 4137 1133 4203 corporalis]
1145 4141 1318 4205 corporaliter.

295 4237 299 4244 .
313 4216 347 4262 pr.
