2864 4836
36 300 105 308 —
116 300 142 306 .-
149 298 545 306 --...—-—.-..—-—-———-

27 510 31 607 Ι
91 430 155 498 330

504 404 765 485 JOANNIS
806 406 1044 470 κνίσω
1217 433 1285 470 ω.

215 571 316 632 rDeus
341 571 502 648 providebit
527 569 659 630 fidelibus
684 571 743 630 suis
767 588 804 629 ex
826 569 956 646 perfidia
980 574 1048 633 ista
1077 576 1183 651 possis
1226 571 1283 631 fin

214 636 337 745 'passos
351 687 389 727 ex
403 669 507 727 timore
527 679 673 727 nocturno
693 687 712 726 a
732 668 837 743 sagitta
850 668 974 728 volante
997 671 1034 729 in
1058 671 1127 732 die¹
1141 683 1172 732 et
1190 670 1283 747 negou't

215 745 452 843 'perambulante
480 767 510 824 in
533 765 683 838 tenebris¹,
708 765 854 825 credimus
878 784 948 826 esse
977 770 1127 830 martires
1154 770 1282 846 glorim

233 883 322 940 quare
336 882 408 941 ergo
423 881 484 922 non
498 881 603 940 passos
617 864 655 922 ab
668 864 786 922 incursu
799 873 828 921 et
842 863 1011 924 daemonio
1027 864 1282 944 meridianaque

232 975 276 1021 est
290 961 441 1038 quartum⁸
453 971 483 1019 et
496 963 657 1020 maximum
676 961 776 1019 matris
791 968 910 1019 nostrae
929 963 1113 1038 periculum
1132 966 1282 1042 permim

232 1059 330 1118 aDeo
351 1061 381 1117 in
401 1059 636 1118 manifestissimo
657 1057 832 1117 antichriste.
874 1057 969 1118 Tales
991 1059 1126 1137 inquam
1147 1059 1282 1122 mddu'ni

231 1157 363 1233 discipuli
385 1156 494 1215 habent
515 1156 610 1215 claves
634 1155 738 1213 inferni
757 1165 787 1214 et
806 1172 868 1212 non
889 1155 977 1227 coeli,
1000 1175 1078 1216 cum
1101 1144 1200 1219 claves
1216 1155 1282 1234 regi

212 1232 380 1337 {coelorum
404 1265 471 1312 sunt
495 1264 652 1329 potestates
675 1253 783 1328 ligandi
808 1261 837 1311 et
861 1252 998 1312 solvendi
1021 1256 1057 1314 in
1085 1257 1282 1316 humilitates
1326 1326 1328 1335 Ι

212 1352 334 1410 'ceteris
357 1353 506 1409 virtutibus
531 1350 666 1410 fundatae
691 1362 720 1409 et
747 1350 861 1409 limatae
889 1367 943 1427 per
968 1351 1068 1412 fidem
1099 1356 1283 1432 scriptume
1326 1342 1328 1355 '

231 1451 363 1525 rubigine
378 1449 543 1508 antichristi.

643 1715 739 1776 CAP.
762 1715 876 1775 XXIV.

540 1854 586 1914 De
599 1858 690 1934 segnis
703 1875 784 1914 verae
797 1856 977 1914 contrittom's.

213 1769 216 1845 t

213 1951 216 2055 i
273 1987 393 2045 Alrlhr’o.
437 1987 493 2045 Die
513 2004 596 2062 rogo,
611 1986 696 2046 frater
715 1988 756 2044 mi
769 1985 933 2056 Phrenesis,
948 1986 981 2043 a⁴
994 2003 1061 2061 qno
1081 1990 1174 2066 signo
1192 2005 1284 2066 capere

233 2103 389 2161 possumus
416 2085 528 2143 veram⁶
557 2085 760 2142 contritionem
788 2083 834 2141 vel
861 2083 973 2159 peccati
1002 2083 1201 2158 deletionem,
1226 2086 1285 2162 quia

232 2191 324 2251 acute,
347 2182 413 2240 licet
434 2183 565 2252 obscure,
588 2180 744 2240 antichristi
765 2181 918 2239 versutiam
941 2179 1090 2240 detexisti.
1144 2183 1185 2243 Et
1209 2200 1284 2241 num·

233 2278 303 2354 quid
324 2278 387 2337 illae
407 2290 504 2338 sectae
518 2277 679 2338 Caesareae
700 2289 729 2337 et
749 2277 888 2349 novellae,
903 2294 978 2353 quae
999 2277 1174 2340 dimittunt⁸
1187 2279 1284 2341 Christi

233 2375 346 2450 regulas
366 2385 395 2434 et
416 2374 568 2435 attendunt
590 2377 784 2452 appretiantes
805 2393 896 2434 novas
915 2374 1030 2450 regulas
1053 2377 1242 2448 adinventas,
1259 2378 1285 2434 in

214 2448 290 2566 {hoc
314 2482 438 2547 peccant
462 2483 511 2531 aut
533 2491 598 2531 vere
620 2475 779 2548 poenitent,
801 2474 872 2532 dum
894 2472 1059 2532 acutissime
1081 2484 1112 2533 et
1134 2474 1286 2535 fortissime

215 2576 217 2621 ἓ
234 2570 316 2629 istas⁷
331 2571 463 2628 servant?

46 2681 218 2779 &idolii-‘¹¹'
276 2668 438 2725 Phrenesis.
481 2668 559 2726 Tam
570 2668 668 2727 fideles
683 2669 773 2727 nostri
784 2685 872 2745 quam
887 2666 1049 2738 adversarii,
1062 2669 1202 2744 discipuli
1218 2670 1285 2728 anti·

46 2763 200 2835 f,⁵,⁰¹3{;”„}g,‘,¹5,{„
216 2786 218 2847 g
236 2765 341 2834 christi,
368 2766 564 2825 concorditer⁸
589 2767 770 2836 confitentur,
795 2767 876 2842 quod
901 2765 938 2822 ad
966 2767 1079 2840 peccati
1109 2767 1284 2826 deletionem

59 2852 163 2915 “inuri
216 2854 384 2943 {requiritur
409 2863 514 2921 habere
540 2882 637 2921 veram
665 2864 761 2921 cordis
788 2864 999 2922 contritionem.
1042 2861 1134 2922 Unde
1163 2865 1284 2942 disposi-

216 2952 218 3039 ζ
236 2963 344 3018 tionem
359 2963 482 3036 primam
497 2961 614 3030 doloriS,
629 2979 703 3037 quae
720 2980 780 3019 non
794 2961 896 3020 sufficit
915 2961 952 3019 ad
971 2960 1150 3019 deletionem
1165 2963 1284 3038 peccati,

216 3043 339 3116 ivocant
363 3059 539 3127 attritionem,
563 3068 591 3116 et
617 3069 787 3134 sequentem
811 3059 942 3117 dolorem
967 3057 1161 3116 sufficientem
1183 3069 1284 3118 vocant

234 3159 426 3215 contritionem.
475 3156 532 3214 Sed
552 3175 607 3215 nec
627 3158 700 3215 inter
720 3160 788 3216 istas
806 3159 899 3216 sciunt
919 3158 1096 3234 distinguere
1116 3159 1162 3217 vel
1181 3160 1284 3217 contri·

214 3270 217 3301 t
234 3257 344 3312 tionem
367 3254 569 3329 cognoscere⁹.
612 3254 657 3312 De
680 3256 853 3313 contritione
874 3265 971 3313 autem
989 3253 1047 3312 diii
1063 3256 1093 3312 in
1108 3258 1192 3314 tertia
1207 3267 1283 3333 parte

234 3370 402 3410 sermonum
418 3351 536 3421 LXIV,
551 3351 631 3426 quod
645 3362 688 3410 est
708 3352 792 3410 dolor
805 3351 951 3411 sufficiens
969 3351 1008 3409 ad
1027 3352 1204 3411 deletionem
1220 3372 1283 3429 pec-

234 3451 299 3519 cati,
313 3467 402 3523 quem
417 3459 533 3525 oportet
547 3468 611 3507 esse
626 3450 768 3525 majorem
783 3448 819 3507 de
837 3450 992 3508 amissione
1011 3451 1132 3524 gratiae,
1148 3451 1283 3526 quamde

233 3546 417 3603 amissione¹⁰
441 3547 639 3622 cuiuscunque
664 3547 813 3605 commodi
834 3547 1009 3624 temporalis.
1060 3546 1099 3605 Et
1122 3566 1213 3625 quam
1238 3549 1283 3606 diu

233 3644 296 3700 talis
315 3643 422 3718 gradus
438 3644 474 3701 de
495 3644 596 3701 dolore
615 3645 728 3719 peccati
742 3646 875 3720 peccanti
890 3644 1020 3716 defuerit,
1036 3662 1097 3702 non
1113 3647 1282 3705 contritione

267 3786 598 3850 ¹indie]0m.A.B.C.ed.
629 3806 646 3836 r.
746 3789 803 3838 'cf
816 3791 856 3838 Ps.
868 3790 913 3840 xci.
926 3791 987 3853 (xc.)
1000 3804 1023 3852 5.
1035 3789 1059 3838 6.
1133 3790 1282 3856 ’quartnm]

232 3853 364 3916 probatum
376 3860 408 3908 et,
421 3854 515 3902 ΑΒΕ.
526 3869 575 3903 om.
620 3890 625 3901 .
638 3870 674 3917 pr.
813 3854 822 3883 ¹
838 3855 865 3918 a]
878 3856 916 3911 de,
929 3857 973 3909 C.;
991 3856 1024 3911 in,
1037 3855 1066 3903 Β.
1078 3856 1174 3919 primae
1185 3873 1282 3911 mamm

233 3933 270 3972 ex,
283 3918 320 3965 ed.
334 3932 370 3980 pr.
468 3918 589 3982 ⁶veram]
602 3934 684 3968 veram
696 3919 785 3977 cordis,
798 3919 831 3968 D.
843 3920 964 3970 secundae
975 3935 1071 3969 manus.
1179 3923 1284 3971 ‘dimit-

234 3982 300 4044 tunl]
314 3982 442 4030 dimittunt
454 3991 519 4038 lunc,
534 3983 565 4030 D.
663 3983 672 4010 ⁷
689 3984 760 4047 istas]
773 3985 827 4041 iste,
840 3984 873 4033 D.
886 3985 924 4035 ed.
937 4001 973 4049 pr.
1092 3987 1102 4015 ⁸
1117 3986 1281 4050 concorditer]

215 4068 216 4073 ¹
234 4047 398 4102 conformiter,
412 4047 438 4094 B.
451 4049 544 4111 primae
555 4063 648 4103 manus.
660 4049 698 4097 ed.
711 4065 747 4113 pr.
819 4049 831 4078 ⁰
846 4050 894 4099 Sed
906 4065 952 4100 nec
963 4051 1025 4099 inter
1037 4051 1097 4100 istas
1108 4053 1188 4101 sciunt
1200 4053 1282 4101 distin·

214 4078 217 4164 i
233 4127 307 4222 ‹gluleoe
320 4112 358 4223 igi
369 4114 542 4161 contritionem
555 4113 715 4177 cognoscere]
728 4130 776 4163 om.
790 4114 883 4165 nise.
961 4116 979 4144 ¹⁰
995 4116 1139 4181 amissione]
1151 4118 1282 4167 amissione

251 4192 266 4223 o
277 4192 311 4230 or,
357 4212 361 4223 .
374 4192 410 4239 pr.
