2864 4836
53 458 153 504 cara.
422 437 763 502 TRIALOGUS.

456 889 551 948 CAP.
574 891 716 950 XXXVI.

289 1063 411 1121 Fratres
425 1064 556 1121 seducunt
567 1085 662 1141 regna,
676 1084 745 1140 quae
758 1052 886 1123 abcolunl.

101 1237 223 1296 Anthea.
257 1236 428 1296 -Considero
456 1239 537 1314 quod
565 1257 667 1316 aspere
696 1240 749 1299 sed
777 1258 838 1298 non
867 1236 950 1297 satis¹
980 1236 1112 1295 detexisti

56 1337 200 1395 versutias
211 1335 461 1411 pseudofratrum
483 1337 535 1395 sed
547 1337 602 1408 dic,
611 1355 730 1413 quaeso,
743 1337 949 1413 particularius,
960 1334 1112 1410 quomodo

58 1434 205 1493 seducunt
223 1451 314 1510 regna
332 1452 406 1510 quae
426 1433 566 1493 incolunt.
608 1435 732 1495 Videtur
749 1436 828 1493 enim
847 1433 927 1504 mihi,
946 1431 1026 1508 quod
1045 1450 1112 1490 cum

58 1549 125 1591 non
145 1530 253 1591 habent
274 1550 374 1607 arege
395 1550 450 1590 suo
471 1532 618 1591 licentiam
639 1533 677 1592 ad
698 1532 931 1592 mortificandum
950 1530 1017 1588 loca
1037 1546 1113 1604 quae

58 1629 201 1700 habitant,
230 1648 286 1688 nec
314 1642 530 1706 recognoscunt
564 1649 663 1708 regem
697 1650 783 1707 super
811 1633 869 1691 suis
903 1627 1112 1704 temporalibus

59 1745 128 1786 esse
146 1727 299 1786 dominum
320 1729 484 1805 capitalem,
506 1730 587 1806 quod
609 1729 697 1788 alium
718 1730 871 1788 dominum
890 1729 1017 1788 habeant
1037 1727 1111 1784 anti·

59 1820 209 1880 christum.

103 1918 265 1978 Phromsis.
308 1920 432 1979 Videtur
445 1921 515 1979 mihi
537 1921 618 1997 quod
639 1922 821 1982 obmittendo
843 1920 1001 1980 medullam
1022 1918 1062 1977 rei
1084 1928 1113 1975 et

59 2019 176 2076 bonum
197 2019 311 2076 animae
333 2019 484 2079 infideliter
503 2020 629 2078 moveris
648 2022 724 2079 circa
744 2019 924 2098 peripsema¹
942 2015 1111 2094 temporale.

16 2153 20 2164 ⁴
60 2113 182 2174 Certum
197 2127 295 2176 tamen
309 2126 355 2175 est
369 2117 448 2188 mihi,
463 2117 545 2194 quod
559 2117 613 2177 hae
634 2128 730 2177 sectae
750 2117 869 2178 fratrum
884 2118 914 2175 in
934 2116 1066 2175 fraudem
1085 2124 1114 2171 et
1178 2135 1272 2209 pan...

59 2214 272 2292 praejudicium
301 2233 469 2290 regnorum,
497 2233 532 2273 ac
561 2216 585 2274 si
614 2217 714 2275 omnia
742 2215 789 2276 illa
817 2216 922 2274 vellent
957 2215 1113 2285 destruere,
1147 2223 1278 2290 ‘ffigugtgm

60 2311 272 2371 machinantur.
314 2312 398 2370 Idem
420 2314 498 2371 enim
520 2313 594 2373 soret
615 2314 717 2374 fratres
738 2333 799 2373 non
821 2315 911 2391 petita
931 2313 975 2373 vel
993 2315 1114 2372 obtenta
1147 2304 1236 2370 dlii?
1261 2313 1283 2370 'n

59 2428 165 2486 regum
189 2411 313 2481 licentia,
338 2410 537 2469 antichristum
563 2422 687 2471 statuere
716 2412 868 2471 dominum
898 2413 1030 2470 omnium
1060 2412 1113 2469 bo.
1147 2386 1300 2492 pxiii?

61 2525 169 2566 norum
197 2526 272 2585 quae
300 2508 459 2585 possident,
486 2519 546 2567 tam
575 2527 815 2586 quorumcunque
844 2509 995 2567 mobilium
1024 2526 1113 2584 quam
1159 2510 1169 2533 c
1216 2510 1225 2533 ι
1263 2499 1285 2532 a.

62 2607 229 2677 domorum,
258 2617 286 2664 et
314 2606 450 2665 inducere
479 2619 510 2665 ut
538 2608 574 2666 sit
607 2626 657 2665 rex
686 2625 844 2683 regnorum
872 2625 947 2683 quae
975 2606 1115 2664 incolunt.

63 2703 202 2776 Quodsi
227 2705 411 2763 antichristus
434 2706 558 2780 nequior
582 2716 614 2762 ut
634 2702 774 2762 Robertus
798 2704 988 2764 (ἱιἸῦονιινιείε8
1011 2704 1116 2763 habeat

63 2802 162 2880 plures
185 2802 285 2862 fratres
310 2804 364 2862 sub
390 2820 444 2862 suo
468 2804 573 2862 ducatu
598 2822 686 2880 quam
715 2804 787 2862 alius
812 2803 892 2880 Papa
921 2805 1025 2874 bonus,
1047 2804 1117 2878 quid

63 2900 186 2976 impedit
213 2902 267 2959 nisi
295 2902 387 2977 gratia
414 2900 470 2959 Dei
505 2903 588 2959 cum⁴
616 2903 698 2978 regni
728 2903 867 2978 potentia,
896 2904 967 2978 quin
999 2899 1117 2959 invadat

64 3016 188 3074 regnum
207 2998 332 3074 Angliae
352 3009 491 3074 tanquam
512 3001 617 3057 suum?
651 2998 764 3057 Dicitur
783 3000 861 3057 enim
881 2999 960 3076 quod
980 2999 1067 3057 habet
1087 3001 1117 3057 in

64 3096 173 3172 Anglia
195 3099 263 3154 satis
284 3096 382 3173 ampla
393 3097 557 3156 habitacula
570 3108 599 3155 et
613 3096 788 3166 thesaurum,
811 3108 839 3155 et
854 3107 885 3155 ut
899 3097 999 3155 fratres
1014 3096 1050 3154 de
1065 3113 1118 3154 sua

65 3205 146 3254 secta
166 3194 288 3271 fingunt,
306 3194 381 3254 loret
400 3195 522 3255 omnino
542 3196 718 3254 contrarium
738 3196 841 3252 rationi
862 3193 1001 3270 impedire
1023 3194 1118 3252 domi·

65 3292 154 3352 num⁶
174 3311 211 3351 ne
228 3292 337 3368 capiat⁶
357 3312 443 3352 usum
465 3293 508 3351 sui
530 3292 651 3351 dominii
672 3310 760 3368 super
779 3292 874 3362 bonis,
896 3310 971 3368 quae
993 3291 1079 3350 habet
1101 3311 1119 3350 a

65 3389 199 3449 iratribus
221 3391 379 3466 occupatis
395 3401 424 3449 et
445 3390 491 3448 ille
508 3400 620 3448 meatus
641 3389 743 3448 callide
767 3388 946 3448 introductus
967 3399 1118 3465 praeparet

65 3488 105 3548 ad
131 3499 224 3547 totrun
249 3489 330 3565 regni
353 3488 501 3546 residuum
524 3486 758 3563 perquirendum.
810 3485 906 3543 Debet
930 3503 1002 3562 ergo
1026 3485 1118 3544 fidelis

66 3587 218 3646 consulere
233 3588 295 3663 regi
310 3598 410 3645 nostro
424 3597 456 3644 ut
476 3585 633 3661 prudenter
646 3585 774 3643 obstaret
791 3585 835 3644 his
855 3583 933 3643 falsis
952 3585 1117 3661 principiis;

67 3697 96 3744 et
117 3704 164 3744 ars
185 3685 292 3744 diaboli
316 3695 359 3744 est
382 3702 418 3743 eo
442 3682 610 3761 patentior⁷‚
632 3701 692 3759 quo
713 3681 814 3742 fratres
836 3693 995 3741 noscuntur
1017 3692 1119 3742 contra

101 3893 221 3970 [aspum.
233 3892 275 3941 sed
287 3907 339 3942 non
350 3890 591 4003 satislnonepspere,
603 3890 646 3939 sed
659 3890 725 3966 satis.
737 3890 776 3939 ed.
788 3905 825 3954 pr.
869 3955 878 3982 ξ
896 3954 918 4002 R
940 3889 950 3917 ¹
966 3889 1117 4002 peripffl]

68 3955 778 4088 tttttttdttdtt‘ttllatitulant.
791 3955 1118 4094 oppositusfi'lillnhi

68 4090 176 4140 schisma
187 4088 323 4138 occidentis
335 4095 415 4138 ortum
428 4094 472 4137 est.
571 4084 665 4148 ίειιιιι]
679 4085 790 4141 tum.ed.
803 4101 839 4149 pr.
940 4084 1106 4159 'Dominum

67 4155 214 4210 dominium.
226 4153 265 4202 ed.
277 4169 314 4218 pr.
486 4153 496 4180 ⁸
512 4150 605 4215 sapiat]
618 4151 705 4214 rapiat,
717 4150 755 4199 ed.
768 4166 804 4214 pr.
954 4149 964 4177 ¹
980 4156 1104 4213 patentior

68 4219 201 4286 potentior,
213 4218 306 4268 nite.
