2864 4836
520 434 777 514 Jonnnrs
818 435 1031 500 vrcrrr
1218 454 1294 493 urm

250 597 322 673 jano
347 613 467 655 causam
489 595 710 657 antecedentem
733 597 915 674 probabilem
939 598 1104 674 assignare.
1147 596 1225 657 Item
1242 610 1296 655 cnm

253 693 334 753 Deus
354 694 389 752 sit
408 694 596 770 omnipotens
614 705 644 755 et
662 696 800 755 volitione
818 713 932 754 summe
949 695 1023 755 liber
1037 706 1072 754 ut
1091 695 1210 766 asseris,
1223 708 1297 771 quate

252 809 313 850 non
328 801 427 868 posset
441 810 478 850 ex
492 792 633 876 infinitate
652 793 790 853 libertatis
806 813 877 853 suae
890 803 978 871 atque
992 795 1147 870 potentiae
1161 792 1299 852 hominem

252 907 365 949 servare
393 889 579 963 incolumem,
604 902 633 950 et
660 890 852 967 postmodum
877 900 1031 968 peccatum
1064 890 1246 950 remittendo
1268 885 1299 946 ad

252 998 358 1047 statum
372 987 565 1064 primaevum¹
586 988 745 1048 reducere?
765 989 824 1049 hoc
842 989 922 1048 enim
939 988 1016 1047 soret
1028 987 1167 1066 undique
1186 1002 1299 1063 congru·

251 1085 360 1144 entius¹
387 1095 416 1143 et
443 1085 508 1161 plus
534 1085 728 1145 honorificum
752 1085 819 1146 Deo
848 1086 1013 1164 magnifico.
1068 1085 1211 1146 Similiter
1236 1084 1300 1153 siml

251 1200 356 1241 omnes
376 1183 505 1258 theologi
526 1183 705 1260 profitentur,
725 1183 809 1243 Deus
833 1202 870 1244 ex
894 1184 1112 1260 omnipotentia
1132 1202 1191 1244 sua
1211 1190 1300 1260 pom

250 1290 396 1356 gratanter
410 1290 439 1340 et
457 1281 545 1340 libere
563 1281 676 1340 homini
695 1281 811 1359 culpam
825 1282 943 1341 totalem
957 1281 1112 1352 dimittere,
1127 1292 1160 1340 et
1179 1279 1300 1358 plenein

251 1387 328 1437 statu
338 1379 523 1437 innocentiae
537 1396 647 1455 ponere
662 1379 736 1438 sicut
748 1381 853 1457 primo.
896 1378 995 1452 Quare
1009 1396 1083 1456 ergo
1097 1379 1203 1440 abillo
1216 1375 1301 1456 gradu

252 1475 480 1535 misericordiae¹
492 1477 604 1536 deficit⁴
618 1488 647 1536 et
661 1495 679 1536 a
698 1487 774 1536 statu
792 1477 1026 1555 magnificentiae
1044 1476 1114 1554 qui¹
1127 1482 1301 1555 competeret

251 1572 333 1633 Deo⁶
347 1575 449 1634 tanto?

290 1672 454 1731 Phrenesis.
496 1670 593 1731 Video
614 1691 651 1731 ex
672 1672 827 1732 subtilitate
847 1673 993 1732 rationum
1012 1681 1140 1745 tuarum
1161 1671 1247 1749 quod
1267 1686 1300 1728 er

251 1770 507 1830 commendatione
517 1770 643 1831 veridica
653 1770 826 1830 confortaris
837 1781 866 1829 et
879 1769 948 1830 hinc
958 1770 990 1829 in
1003 1770 1135 1830 rationes
1148 1771 1301 1830 vivaciores

250 1878 279 1926 et
293 1867 469 1927 efficaciores
488 1869 673 1944 prorumpis3
702 1869 770 1927 ideo
790 1886 827 1927 ea
844 1868 1007 1927 intentione
1021 1867 1090 1925 volo
1104 1867 1233 1927 libenter
1244 1883 1300 1926 arn·

251 1964 327 2041 plius
350 1965 509 2024 laudabiles
533 1966 665 2024 veritates
688 1965 832 2042 detegere,
857 1966 912 2024 sub
933 1965 987 2023 ista
1007 1972 1108 2022 umen
1133 1963 1300 2023 conditione

251 2062 330 2138 quod
345 2064 375 2120 in
395 2062 598 2139 probabilitate
617 2064 764 2122 rationum
782 2072 812 2122 et
832 2062 1024 2123 subductione
1045 2079 1224 2148 sermonum
1240 2072 1300 2120 tuo

251 2178 315 2218 rum
334 2160 643 2220 extraordinariorum¹
658 2161 694 2220 de
716 2171 814 2220 cetero
835 2170 941 2232 taceas,
955 2170 984 2219 et
1001 2159 1132 2236 loquaris
1152 2160 1301 2220 efficaciter

251 2259 337 2316 verba
358 2276 433 2334 quae
455 2259 619 2318 condecent
639 2259 727 2318 talem
748 2258 861 2330 virum;
890 2268 919 2317 et
939 2259 994 2317 sub
1011 2275 1048 2317 ea
1068 2257 1241 2318 conditione
1258 2274 1299 2315 re·

252 2356 387 2431 spondeo
412 2357 449 2415 ad
474 2367 555 2415 tuum
581 2356 684 2433 triplex
708 2355 817 2415 facturn
842 2356 974 2432 superius
995 2366 1214 2431 argumentum.
1255 2354 1299 2413 Ad

62 2463 218 2539 ssffigftt
247 2455 375 2529 prtinum
403 2464 490 2530 patet,
515 2455 596 2530 quod
623 2453 731 2530 desipis
756 2455 787 2511 in
814 2463 975 2530 assumpt0,
999 2453 1076 2530 quia,
1100 2463 1134 2511 ut
1160 2463 1241 2530 patet
1265 2469 1299 2511 ex

61 2551 147 2587 illm·
251 2553 362 2610 ratione
382 2552 478 2628 priori,
499 2553 522 2611 si
541 2553 607 2628 quis
626 2552 702 2611 clare
722 2562 916 2628 cognosceret
936 2569 1039 2610 causas
1057 2567 1298 2628 quorumcunque

251 2660 412 2719 eventuum,
428 2660 528 2726 posset
542 2650 617 2708 clare
631 2649 695 2708 illos
709 2661 829 2709 eventus
847 2668 884 2708 ex
903 2650 1000 2706 causis
1019 2648 1165 2724 prioribus
1180 2647 1298 2707 demon·

250 2755 347 2815 strare,
370 2759 401 2805 ut
426 2747 532 2805 bellurn
556 2747 720 2824 Trojanum
745 2746 862 2805 indubie
887 2746 988 2804 habuit
1012 2762 1115 2804 causas
1138 2745 1299 2823 completas

250 2844 369 2918 priores,
398 2862 434 2902 ex
462 2845 567 2920 quibus
600 2845 756 2904 certissime
790 2845 971 2920 sequebatur.
1027 2841 1299 2903 Demonstrationes

249 2952 347 2998 tamen
361 2944 486 3002 veritatis
499 2942 652 3001 historicae
667 2953 785 3019 propter
799 2941 1000 3000 certitudinem
1014 2941 1100 2998 nobis
1120 2941 1298 3017 incognitam

250 3039 433 3098 subticemus.
477 3039 535 3098 Sed
550 3040 692 3116 numquid
707 3051 825 3117 propter
839 3049 968 3098 nostram
979 3038 1177 3114 ignorantiam
1192 3038 1298 3115 simpli-

199 3133 202 3138 ’
250 3138 319 3196 citer
335 3137 416 3196 sunt⁸
436 3138 573 3213 ignotae?
601 3155 668 3196 cum
682 3137 844 3196 Arestoteles
858 3155 924 3195 vere
938 3136 1043 3206 ”dicat
1058 3137 1194 3213 quamvis
1212 3135 1298 3215 quad·

249 3245 345 3295 ratura
362 3236 459 3294 circuli
474 3237 510 3293 sit
523 3235 737 3310 cognoscibilis,
752 3245 961 3293 vemmtamem
976 3234 1109 3293 nondum
1130 3236 1221 3293 scitur
1233 3233 1300 3311 quin

249 3343 350 3410 posset
364 3332 502 3408 corrigi¹⁰,
513 3333 582 3408 quia
595 3350 657 3389 non
671 3334 709 3391 ab
722 3332 771 3391 illo
785 3344 813 3391 et
828 3333 914 3391 nobis
928 3333 1051 3391 obscure
1066 3333 1222 3403 viantibus,
1238 3333 1300 3392 licet

249 3451 267 3490 a
285 3431 380 3508 primo
399 3430 533 3488 lumine¹¹
549 3429 623 3488 clare
642 3440 779 3488 noscatur
798 3429 869 3487 nihil
887 3429 1002 3506 penitus
1020 3429 1212 3505 ignorante¹¹.
1254 3429 1299 3488 Ad

248 3529 392 3587 secundum
408 3539 611 3604 argumentum
625 3537 708 3587 tuum
721 3527 887 3604 respondeo
906 3526 1107 3597 concedendo,
1122 3528 1206 3604 quod
1220 3527 1299 3588 Deus

281 3742 289 3771 ¹
305 3740 467 3805 primaevum]
476 3740 594 3853 primum,
607 3739 698 3791 A.B.C.
808 3739 818 3768 ¹
834 3741 1007 3804 congruentius
1018 3747 1043 3789 et
1054 3738 1110 3805 plus
1121 3739 1298 3804 honorificum]

249 3805 410 3855 honorificum
422 3814 446 3854 et
459 3822 475 3869 p
486 3822 513 3853 us
525 3806 706 3869 congruentius,
719 3805 746 3854 Β.
759 3805 852 3869 primae
863 3821 958 3860 manus,
969 3805 1008 3855 ed.
1020 3821 1057 3869 pr.
1196 3806 1206 3835 ¹
1283 3821 1299 3854 u

249 3871 439 3936 misericordiae]
449 3870 598 3934 gravamine.
611 3871 648 3919 ed.
660 3886 697 3935 pr.
796 3871 804 3897 ¹
820 3870 914 3933 deficit]
927 3870 1023 3926 defecit,
1037 3870 1069 3919 D.
1135 3870 1145 3899 ⁵
1162 3871 1218 3936 qui]
1230 3886 1299 3936 quae.

249 3938 278 3986 C.
291 3937 328 3985 ed.
341 3952 377 4000 pr.
500 3935 595 3998 ⁶Deo]
608 3935 646 3990 de,
658 3936 696 3984 ed.
708 3952 744 4000 pr.
842 3934 936 3985 ¹entra
953 3936 1132 3985 ordinariorum
1156 3945 1226 3986 extra
1237 3936 1300 3986 ordi·

248 4003 350 4056 nariam,
361 4001 399 4050 ed.
410 4017 448 4065 pr.
569 4000 662 4063 ¹sunt]
676 4002 732 4055 sint,
744 4002 782 4049 ed.
795 4016 831 4064 pr.
953 4001 1128 4051 ”Aristoteles
1152 4001 1299 4051 Aristoteles

248 4075 335 4122 vester,
348 4067 385 4116 ed.
397 4082 434 4131 pr.
576 4066 595 4095 ¹⁰
611 4066 712 4130 corrigi]
725 4066 822 4129 corrigi,
833 4065 900 4129 quod
911 4081 969 4121 non,
982 4067 1010 4114 B.
1021 4066 1123 4130 primae,
1134 4066 1166 4116 C.
1179 4066 1300 4117 secundae

249 4147 343 4185 manus.
355 4132 393 4180 ed.
405 4148 442 4196 pr.
554 4132 571 4160 ¹¹
590 4130 693 4194 lumine]
706 4146 815 4187 numero,
827 4131 865 4179 ed.
877 4146 926 4194 pr.;
945 4131 1065 4195 ‘primum
1076 4131 1173 4181 lumen’
1184 4148 1232 4197 pro
1244 4132 1299 4181 Deo

250 4196 376 4244 omniscio.
475 4196 493 4224 ¹¹
508 4194 648 4258 ignorante]
660 4196 781 4259 ignorare,
793 4196 830 4245 ed.
842 4211 879 4259 pr.
