2864 4836
19 289 1274 343 Γῇ--ψ--ῄψ

497 400 751 480 soranis
792 400 1007 464 ulem
1199 424 1279 462 mn

228 565 280 624 sed
299 564 501 641 praedicemus
520 575 688 624 constanter
705 564 802 641 legem
822 561 938 635 Christi,
953 565 1048 624 etiam
1063 567 1206 644 praelatis
1217 565 1279 626 Cae·

227 664 316 735 sariis,
331 674 360 722 et
374 664 471 722 statim
492 663 583 725 aderit
603 662 713 723 florens
733 662 902 733 martirium,
922 662 947 722 si
968 663 1000 722 in
1023 663 1087 725 fide
1105 676 1139 726 et
1152 663 1279 746 pennu

226 760 424 838 perduremus.

653 1135 747 1198 CAP.
769 1137 852 1197 XVI.

593 1302 711 1362 Acctilt'a
723 1305 782 1363 sz've
794 1304 910 1364 desiliat.

267 1460 390 1520 Alelhtiz.
431 1459 537 1532 Video,
559 1461 801 1539 quodmundus¹
823 1463 918 1523 estin
937 1460 1069 1539 maligno
1092 1464 1212 1542 posius
1232 1482 1280 1543 per

65 1603 86 1627 α
116 1563 127 1587 ¹¹
226 1570 388 1635 peccatum,
404 1559 455 1618 sed
469 1577 556 1635 super
569 1577 662 1619 unum
675 1562 807 1632 mussito,
821 1578 890 1621 cum
908 1570 1047 1621 tractares
1064 1562 1132 1639 jam
1146 1566 1279 1641 proximo

227 1657 264 1717 de
285 1656 404 1728 accidia,
426 1656 553 1717 desidia²
573 1657 618 1716 vel
643 1669 768 1735 torpore.
809 1658 932 1718 Videtur
947 1658 1019 1717 mihi
1043 1660 1189 1734 mirabile,
1210 1678 1280 1740 quo·

227 1755 318 1816 modo
338 1755 396 1814 hoc
411 1765 565 1833 peccatum
579 1765 657 1816 tenet
676 1757 806 1816 medium
824 1758 899 1817 inter
916 1756 991 1817 haec
1010 1768 1126 1835 septem
1141 1759 1280 1831 mortalia,

227 1855 388 1932 specialiter
408 1872 475 1915 cum
496 1865 650 1933 peccatum
670 1856 836 1916 omissionis
857 1856 893 1916 sit
913 1856 1039 1933 primum
1060 1860 1208 1931 omnium,
1222 1870 1279 1920 tam

227 1970 286 2030 quo
301 1953 340 2012 ad
354 1953 593 2029 consequentiam
612 1971 702 2030 quam
722 1972 783 2030 quo
800 1953 840 2013 ad
858 1964 990 2031 tempus;
1019 1972 1089 2015 cum
1102 1956 1278 2034 sequitur,si

226 2051 307 2128 quis³
321 2061 431 2127 peccat,
446 2051 606 2110 omissione
620 2062 731 2128 peccat,
746 2069 815 2110 cum
829 2070 891 2112 non
904 2063 1000 2129 potest
1013 2070 1079 2113 esse
1097 2056 1183 2132 quod
1201 2073 1278 2116 crea·

227 2162 289 2209 tura
310 2159 413 2226 peccet
433 2149 487 2208 nisi
508 2149 622 2209 omittat
639 2150 808 2227 positivum⁴
823 2151 968 2210 servitium
988 2150 1120 2211 debitum
1133 2151 1204 2214 Deo
1217 2170 1279 2225 arto,

226 2265 294 2306 cum
307 2247 394 2306 debet
408 2247 512 2306 servire
526 2246 592 2306 Deo
606 2247 675 2307 su0³
689 2248 719 2305 in
733 2248 833 2324 gratia,
847 2265 936 2325 quam
950 2248 1102 2325 extinguit.

266 2345 431 2404 Phrenesis.
473 2344 636 2405 Considero
655 2363 777 2423 parvum
796 2345 921 2405 fructum
938 2347 1036 2424 jacere
1054 2348 1085 2405 in
1105 2348 1179 2411 istis.
1222 2347 1278 2409 Sed

226 2445 295 2521 quia
309 2442 489 2503 adversarius
503 2454 601 2502 noster
615 2442 742 2503 Pseustis
755 2443 792 2504 de
805 2445 938 2504 mutitate
951 2456 1051 2505 nostra
1063 2446 1216 2522 gauderet,
1230 2448 1279 2509 ali·

227 2544 296 2619 quid
319 2552 362 2601 est
383 2541 548 2601 dicendum.
591 2540 754 2601 Considero
775 2543 805 2600 in
827 2543 935 2619 primis,
956 2541 1037 2619 quod
1058 2561 1138 2603 erras
1161 2545 1194 2603 in
1214 2548 1279 2616 isto,

227 2651 365 2717 reputans
379 2640 521 2698 accidiam
536 2651 689 2716 peccatum
703 2641 879 2711 omissionis,
895 2659 963 2700 cum
977 2642 1013 2700 sit
1026 2651 1183 2717 peccatum
1197 2662 1278 2703 com·

230 2739 385 2807 missionis,
407 2739 472 2797 licet
493 2738 530 2796 ad
553 2738 620 2796 illud
641 2739 715 2797 sicut
736 2738 774 2797 ad
795 2738 991 2816 quodcunque
1011 2738 1121 2798 sactum
1135 2741 1279 2818 culpabile

230 2837 349 2894 omissio
363 2846 565 2911 consequatur,
578 2854 645 2895 curn
657 2835 767 2896 accidia
781 2839 840 2896 sive
851 2837 965 2914 pigritia
979 2838 1015 2896 sit
1028 2839 1210 2914 quiescentia
1220 2840 1281 2899 cul·

229 2934 331 3010 pabilis
346 2934 376 2991 in
390 2933 486 3009 aliquo
501 2936 571 2993 citra
585 2934 690 2994 Deum.
731 2935 829 2994 Tenet
843 2945 940 2994 autem
954 2936 1053 2994 vitium
1066 2937 1144 2995 istud
1159 2938 1201 2997 sic
1217 2957 1280 2997 me·

229 3033 309 3090 diurn
317 3051 325 3104 ;
348 3051 415 3091 cum
430 3033 573 3109 superbia,
588 3042 620 3092 ut
636 3033 745 3091 dictum
764 3043 816 3105 est,
832 3034 868 3092 sit
882 3043 1125 3110 praesumptuosa
1143 3035 1281 3096 exaltatio

228 3141 374 3189 creaturae
393 3131 549 3207 peccabilis
568 3130 605 3190 de
625 3149 656 3189 se
671 3131 742 3207 ipsa,
758 3132 795 3190 ad
810 3133 904 3209 ipsam
925 3143 1137 3209 consequenter
1151 3136 1282 3211 sequitur

229 3231 335 3289 invidia
349 3241 434 3306 atque
448 3231 499 3300 ira,
515 3240 544 3289 et
558 3248 678 3290 neeesse
692 3240 736 3288 est
755 3231 837 3306 quod
856 3230 894 3290 ad
908 3230 981 3290 haec
995 3232 1048 3290 tria
1062 3241 1164 3308 torpor
1177 3233 1210 3291 in
1223 3232 1281 3292 Dei

228 3329 343 3387 servitio
363 3337 566 3404 consequatur,
589 3345 656 3386 cum
680 3327 751 3386 nihil
775 3328 869 3404 magis
890 3338 1008 3387 enervat
1029 3328 1207 3404 spiritualem
1227 3348 1283 3407 po·

228 3428 346 3485 tentiam
374 3445 463 3503 quarn
491 3436 654 3502 peccatum,
679 3444 734 3484 nec
762 3425 800 3484 ad
824 3425 997 3503 sapiendum
1021 3426 1159 3486 coelestia
1187 3430 1282 3506 magis

228 3525 344 3584 hebetat
358 3526 526 3601 appetitum,
548 3525 615 3583 ideo
637 3543 757 3583 necesse
778 3535 829 3595 est,
844 3525 925 3601 quod
939 3524 1011 3583 haec
1026 3525 1079 3582 tria
1100 3537 1223 3602 peccata
1237 3547 1281 3587 se·

228 3636 332 3701 quatur
346 3625 456 3683 accidia
464 3644 472 3696 ;
495 3635 523 3682 et
538 3642 606 3682 curn
626 3625 753 3699 sequitur
768 3622 806 3682 ad
820 3624 874 3683 tria
892 3623 1028 3699 peccata⁸
1043 3626 1205 3699 sequentia,
1219 3644 1283 3684 cer-

228 3735 290 3782 tum
311 3735 363 3793 est,
378 3723 459 3799 quod
480 3721 555 3781 istud
577 3733 730 3797 peccatum
751 3732 796 3780 est
817 3721 946 3779 medium
961 3721 1035 3778 inter
1049 3720 1123 3780 duos
1138 3725 1281 3782 ternarios

228 3822 408 3890 maledictos,
423 3823 496 3880 sicut
511 3819 633 3878 ollactus
646 3830 690 3878 est
705 3820 834 3879 medium
848 3821 922 3878 inter
936 3819 1012 3879 duos
1025 3819 1154 3878 binarios
1176 3839 1280 3882 sensus

263 4006 270 4033 ¹
287 4003 405 4067 mundus]
418 4009 484 4051 totus
497 4001 609 4055 mundus.
619 4000 657 4048 ed.
669 4015 720 4075 pn:
739 3999 769 4049 ci.
784 4012 794 4048 1
808 3999 866 4065 Joh.
878 4016 900 4048 v.
916 4014 953 4075 ro.
1084 3998 1094 4028 ¹
1110 3999 1217 4068 desidia]
1229 4018 1280 4053 orn.

229 4071 266 4118 erl.
276 4086 315 4145 pr3
430 4069 439 4095 ³
456 4067 476 4116 si
488 4066 553 4132 quis]
566 4080 622 4114 cum
634 4080 696 4159 quds'
709 4066 740 4113 Α.
856 4064 865 4093 ⁴
881 4063 1026 4140 positrvum]
1039 4072 1156 4129 positum.
1169 4066 1280 4142 A.li.C.;

229 4134 442 4262 ffddsddfneldm’pid
454 4149 492 4197 pr·
521 4198 531 4227 ⁸
547 4196 655 4260 sequitur
667 4130 1169 4260 affiffesebgtuffieasseomsanoffimcs
1181 4148 1278 4198 palme
