2864 4836
488 423 744 503 Joxrvms
784 424 999 488 vrcrrtv
1195 449 1281 489 uta

226 583 338 643 sebiam
356 584 546 658 nominatam,
561 603 650 662 quam
669 585 790 664 quidam
809 584 909 646 dicunt
922 585 1003 647 esse¹
1018 587 1140 650 directe
1160 599 1192 650 et
1203 589 1281 649 adae·

226 693 312 757 quate
326 693 449 758 peccato
469 683 515 742 isti
534 685 719 756 contrariam,
738 703 806 744 cum
825 686 862 745 sit
881 686 971 744 virtus
984 683 1057 745 Deo
1079 687 1186 749 debite
1202 686 1280 748 serti·

226 779 304 850 endi,
319 791 348 839 et
362 780 419 839 hoc
433 782 534 840 vitium
548 792 593 842 est
612 793 774 859 peccatum,
789 801 849 860 quo
871 801 889 843 a
909 784 1028 843 servitio
1043 783 1106 845 Dei
1120 786 1280 847 inordinate

165 938 183 963 e·
226 877 444 938 subtralrimur².
485 878 523 938 Et
537 881 610 940 sicut
623 881 800 953 boemiam,
811 883 853 940 sic
865 880 939 941 haec
948 883 1040 942 virtus
1054 893 1104 943 eet
1116 885 1151 943 in
1164 883 1279 945 coeleth

120 979 158 1044 ηεξ
225 974 295 1034 satie
308 977 414 1052 ampla,
429 977 512 1036 cum³
526 996 544 1036 a
558 980 709 1038 sacerdote
723 997 840 1039 summo
854 997 947 1058 usque
965 979 1005 1039 ad
1018 979 1134 1041 laicum
1147 981 1278 1041 infimum

97 1141 103 1171 r
121 1074 166 1125 ἀ-
225 1088 330 1133 omnes
344 1074 592 1135 subtrahuntur‘a
606 1077 720 1136 servitio
734 1077 833 1136 debito
847 1076 914 1136 Deo
928 1094 993 1149 suo,
1003 1087 1037 1136 ut
1050 1080 1158 1139 omnis
1172 1080 1280 1139 sinim

106 1223 118 1247 ο
153 1181 185 1255 ¹¹6:
225 1173 371 1247 perversio
384 1172 496 1234 ordinis
514 1175 656 1234 serviendi
670 1175 802 1234 Domino
816 1175 921 1235 cadem
939 1183 1036 1251 potest
1049 1175 1085 1234 in
1099 1176 1162 1237 hoc
1175 1178 1280 1236 vitium.

223 1267 262 1327 Et
283 1279 314 1327 ut
334 1271 473 1347 incipiam
494 1290 512 1331 a
532 1273 653 1344 minera,
674 1273 860 1349 probabiliter
879 1273 997 1351 ponitur
1017 1273 1104 1350 quod
1126 1273 1280 1335 Romanus

223 1367 354 1442 pontifex
370 1369 404 1427 sit
418 1371 590 1447 praecipuus
605 1371 788 1431 antichristus
796 1391 804 1445 ;
830 1373 894 1448 ipse
908 1371 987 1430 enim
1001 1369 1074 1431 false
1090 1372 1188 1451 fingit,
1202 1370 1279 1451 quod

222 1467 259 1524 sit
271 1467 537 1528 immediatissimus
556 1480 585 1527 et
603 1469 764 1529 simillimus
784 1470 814 1528 in
828 1471 887 1530 vita
900 1470 1021 1529 vicarius
1036 1467 1159 1543 Christi,
1179 1481 1211 1531 et
1230 1487 1279 1549 per

222 1582 405 1642 consequens
424 1567 505 1644 quod
523 1567 575 1627 sit³
587 1568 680 1628 viator
697 1567 886 1640 humillimus,
906 1567 997 1627 homo
1016 1569 1235 1644 pauperrimus,
1251 1578 1278 1627 et

221 1680 239 1721 a
253 1664 364 1723 mundo
378 1660 429 1723 ac⁰
439 1666 564 1742 negotiis
578 1666 756 1726 secularibus
770 1667 899 1725 maxime
912 1664 1089 1725 distinctust
1135 1664 1197 1727 Sed
1208 1664 1278 1743 quid

222 1759 336 1820 ialsius⁸
355 1761 539 1838 blasphemat
559 1765 590 1822 in
610 1765 735 1840 primam
756 1765 915 1835 veritatem,
938 1780 1006 1823 cum
1026 1763 1066 1823 sit
1080 1765 1278 1824 communiter

221 1860 251 1917 in
273 1877 390 1920 summo
411 1861 503 1937 gradu
524 1865 636 1937 peccati
657 1862 805 1938 oppositi?
847 1861 885 1921 Et
905 1862 947 1921 sic
968 1859 1135 1938 intelligunt
1156 1862 1276 1940 quidam

221 1959 331 2017 dictum
348 1957 455 2018 Christi
477 1957 582 2017 Matth.
598 1960 691 2019 xxia:
716 1965 846 2019 ‘etcum
860 1959 987 2019 videritis
1000 1958 1276 2020 abhominationem

221 2056 408 2115 desolationis
423 2056 561 2115 stantem⁹
572 2058 603 2115 in
613 2057 679 2117 loco
691 2068 795 2117 sancto
806 2067 871 2128 etc,
882 2076 958 2134 quae
972 2056 1052 2116 dicta
1062 2067 1108 2117 est
1121 2076 1142 2118 a
1151 2057 1276 2117 Daniele

220 2154 378 2230 propheta3
401 2154 451 2230 qui
469 2154 539 2231 legit
552 2155 736 2232 intelligat¹⁰.’
779 2154 856 2215 Cum
871 2165 968 2214 autem
982 2172 1049 2214 mos
1063 2156 1101 2214 sit
1115 2156 1279 2234 scripturae

220 2269 308 2328 saepe
323 2253 499 2311 abstractum
513 2271 567 2328 pro
582 2264 721 2313 concreto
733 2253 899 2331 intelligere,
910 2265 940 2312 et
950 2253 1065 2312 Veritas
1076 2255 1174 2329 magis
1184 2254 1276 2312 abho-

221 2351 347 2408 minatur
367 2349 533 2426 hujusmodi
548 2351 756 2423 antichristum,
771 2370 937 2411 consonum
951 2352 1070 2421 videtur,
1085 2352 1169 2428 quod
1184 2350 1272 2430 ipse¹¹

221 2447 365 2507 vocetur¹²
385 2448 585 2507 abhominatio
607 2450 637 2507 in
658 2451 811 2521 abstracto,
831 2468 900 2508 eum
921 2450 985 2526 ipse
1005 2449 1192 2525 pertinaciter
1208 2467 1275 2509 ven·

222 2547 333 2618 dicat¹³,
347 2547 427 2623 quod
442 2548 472 2604 in
491 2559 633 2622 quantum
652 2557 759 2606 statum
778 2548 859 2605 illum
878 2547 1071 2623 occupaverit,
1090 2547 1185 2606 taliter
1204 2566 1276 2607 con·

220 2657 354 2703 versetur.
397 2646 542 2703 Vendicat
562 2646 642 2703 enim
664 2664 701 2703 ex
717 2647 867 2705 dotatione
882 2645 1028 2704 Caesarea
1041 2644 1135 2703 esse¹⁴
1149 2648 1277 2705 maxime

221 2744 416 2802 dominativus
440 2755 469 2802 et
497 2744 656 2803 ditissimus
682 2744 773 2802 homo
801 2744 912 2802 mundi.
964 2742 1022 2802 Sed
1051 2743 1123 2819 quid
1156 2742 1275 2803 Christo

198 2902 200 2908 ,
221 2824 404 2916 pauperrimo
426 2842 521 2917 magis
546 2842 745 2900 contrarium?
777 2843 926 2917 cumipse
948 2851 1067 2900 testatur
1087 2841 1194 2900 Matth.
1210 2843 1276 2913 viii,

220 2938 300 3015 quod
325 2956 386 2996 non
410 2939 497 2998 habet
519 2939 685 2998 humanitus
710 2940 740 2997 in
765 2941 884 3018 proprio
907 2939 1073 2998 seculariter
1097 2950 1213 2999 tantum
1239 2942 1276 3000 de

220 3038 406 3114 possessione
418 3038 501 3107 civili,
512 3039 562 3096 ubi
574 3048 661 3114 caput
674 3038 824 3114 proprium
835 3037 994 3097 reclinaret.
1036 3036 1110 3096 Ideo
1122 3039 1276 3114 apostolus

220 3137 306 3195 docet
323 3155 337 3194 a
355 3135 423 3195 Cor.
439 3137 504 3207 viii,
519 3136 601 3212 quod
616 3136 747 3196 Christus
762 3135 854 3194 lactus
865 3135 944 3194 fuit¹³
954 3154 1008 3212 pro
1020 3136 1106 3194 nobis
1117 3154 1232 3211 egenus
1247 3147 1275 3195 et

220 3238 314 3311 inops,
329 3244 439 3292 etcum
455 3233 561 3293 Christi
576 3235 692 3309 egentia
706 3234 915 3310 perlectionem
929 3244 1074 3305 sonuerat,
1087 3234 1276 3292 manifestum

219 3345 271 3404 est,
296 3333 377 3409 quod
400 3350 488 3390 nemo
513 3333 607 3391 taliter
631 3342 746 3407 poterat
771 3350 835 3391 esse
858 3331 923 3408 plus
948 3350 1066 3407 egenus.
1110 3331 1276 3402 Quomodo

220 3450 290 3507 ergo
316 3430 379 3490 talis
401 3431 584 3489 antichristus
606 3431 709 3489 dicitur
730 3430 891 3488 simillimus
912 3429 1033 3488 vicarius
1054 3427 1124 3506 Jesu
1146 3429 1276 3488 Christi?

220 3530 257 3588 Et
278 3548 315 3587 ex
338 3529 395 3588 hoc
419 3540 506 3606 patet,
529 3529 610 3605 quod
635 3546 695 3586 non
721 3530 757 3586 sit
778 3529 961 3599 humillimus,
983 3528 1034 3588 scd
1055 3528 1179 3588 vicarius
1199 3530 1277 3606 regis

251 3769 259 3800 ¹
277 3768 341 3833 esse]
354 3783 403 3818 om.
416 3768 448 3816 A.
592 3766 602 3795 ²
618 3765 795 3830 subtrahimur]
808 3765 990 3820 subtrahuntur,
1003 3765 1046 3821 C.;
1065 3765 1225 3821 subtrahitur,
1237 3766 1269 3816 D.

219 3835 256 3883 ed.
269 3852 306 3898 pr.
420 3834 430 3863 ³
447 3832 515 3897 cnm]
529 3840 588 3887 tum.
600 3832 639 3882 ed.
652 3848 688 3896 pr.
793 3833 801 3859 ¹
819 3831 1006 3894 subtrahuntur]
1018 3831 1174 3888 subtrahunt,
1185 3832 1224 3881 ed.
1236 3848 1273 3895 pr.

219 3901 227 3927 ·'·
245 3901 310 3964 quod
323 3899 366 3963 sit]
376 3900 418 3955 sic,
430 3899 468 3948 ed.
481 3915 517 3962 pr.
529 3917 534 3957 ;
553 3899 591 3955 sit,
605 3898 697 3947 ΑΒΕ.
829 3898 838 3926 ⁸
855 3897 896 3961 nc]
909 3913 938 3945 ac
949 3913 972 3953 a,
984 3897 1022 3945 ed.
1034 3913 1072 3961 pr.
1198 3897 1208 3925 ²
1225 3898 1273 3945 dis·

220 3966 321 4029 tinctus]
334 3966 472 4021 distractae,
482 3964 521 4012 ed.
533 3981 569 4027 pr.
685 3964 695 3992 ⁸
711 3962 807 4026 falsius]
820 3962 902 4018 falsus,
915 3963 953 4011 ed.
966 3977 1002 4026 pr.
1123 3963 1133 3991 ⁰
1151 3970 1258 4012 stantem

219 4033 309 4085 sedere.
322 4032 414 4080 A.B.C.
531 4032 549 4058 '⁰
564 4028 891 4092 desolationis-intelligat]
904 4044 953 4077 om.
965 4028 1004 4077 ed.
1017 4044 1053 4092 pr.
1170 4030 1187 4058 ¹¹
1205 4029 1257 4091 ipse

219 4098 279 4161 ipsa,
292 4098 321 4146 C.
452 4095 471 4124 ¹²
487 4095 599 4159 vocetur]
612 4095 651 4149 sit,
665 4095 756 4143 ΑΒΕ.
769 4095 863 4158 primae
874 4109 968 4143 manus.
1112 4092 1129 4122 ¹³
1145 4093 1270 4156 vendicat]

218 4161 446 4274 hbhvendioet'ed'
459 4176 495 4226 pr.
627 4160 645 4191 ¹¹
661 4159 726 4223 esse]
738 4176 788 4209 ont.
799 4160 837 4210 ed.
850 4175 887 4224 pr.
1020 4159 1038 4190 ¹³
1053 4157 1134 4209 sactus
1145 4158 1204 4223 init]
1216 4158 1270 4214 suit,

244 4229 408 4291 ..C.ct.pr.
