2864 4836
67 445 159 485 cnm
431 424 770 488 TRIALOGUS.

67 585 161 645 εαιὶοι
175 586 252 646 circa
264 585 373 664 aliquid
386 583 568 665 occupatur¹,
588 586 740 647 frustrante
759 588 855 665 primo
872 589 997 647 ternario
1018 588 1119 648 diabo-

67 683 127 744 lico
147 684 298 745 bominem
319 703 338 742 a
358 685 460 762 sapida
480 685 713 746 consideratione
737 685 782 744 vel
803 687 1040 762 concupiscentia
1061 685 1117 745 Dei

67 791 123 861 sui,
138 809 200 850 non
221 801 352 868 superest
373 791 428 851 nisi
448 802 480 851 ut
501 792 588 850 virtus
609 792 842 869 concupiscibilis
862 792 1022 868 improvide
1044 794 1120 852 circa

54 889 241 966 temporalia
254 898 397 965 evagetur.
439 888 525 948 Etex
536 890 596 948 istis
607 900 636 948 et
647 891 884 966 concupiscentia
894 891 989 950 camis
999 890 1120 949 insertur

65 987 168 1047 tertius
181 987 322 1050 ternarius
336 986 513 1046 maledictus.
556 988 616 1060 Qui
634 989 713 1047 enim
732 999 845 1047 terrena
864 990 905 1047 sic
925 989 1030 1048 ambit⁸
1044 989 1119 1049 desi-

67 1084 166 1145 derat*
179 1085 408 1145 irrationabiliter
423 1085 476 1144 illis
490 1071 540 1156 uti,
555 1096 584 1145 et
598 1086 640 1145 sic
654 1085 753 1144 incidit
767 1086 797 1144 in
811 1086 910 1162 gulam
924 1105 983 1163 quo
998 1086 1037 1145 ad
1050 1105 1118 1163 gus-

65 1182 183 1255 tabilia;
214 1193 244 1243 et
267 1182 352 1242 cum³
374 1184 478 1242 otiatur
501 1201 519 1241 a
543 1183 774 1243 consideratione
798 1184 903 1254 divina,
927 1185 1006 1243 circa
1029 1203 1118 1262 quam

66 1279 143 1340 foret
156 1279 249 1339 bomo
267 1279 432 1339 naturaliter
449 1292 616 1357 occupatus,
635 1282 812 1358 prommpit⁶
829 1281 985 1341 bestialiter
1003 1284 1033 1340 in
1053 1301 1118 1342 sen-

65 1377 162 1438 sibilia
182 1393 285 1437 sensus
305 1386 407 1449 tactus
429 1387 458 1438 et
478 1378 639 1454 completur
659 1380 758 1439 tertius
778 1379 918 1438 temerius
940 1379 1118 1451 maledictus,

65 1474 177 1535 scilioet
190 1476 315 1545 avaritia,
328 1476 397 1552 gula
416 1487 502 1552 atque
520 1475 638 1535 luxuria
685 1475 724 1535 Et
742 1477 783 1536 sic
802 1486 955 1552 peccatum
974 1478 1118 1553 posterius

64 1571 178 1632 inducit
192 1572 338 1632 ιιοιοιιιιιιτ
351 1583 530 1650 sequentem,
544 1575 627 1633 sicuti
641 1574 762 1633 crimina
776 1585 842 1634 sunt
857 1593 1006 1646 connexa3
1032 1585 1061 1633 et
1078 1578 1118 1635 sic

64 1669 98 1729 in
111 1667 184 1730 isto³
198 1671 362 1747 septenario
377 1681 442 1732 sunt
456 1681 513 1731 tres
529 1672 795 1732 communicantes⁹
809 1673 925 1732 ternarii
939 1672 1085 1748 implicati.

514 2039 608 2100 CAP.
631 2039 669 2099 X.

518 2195 664 2272 Superbia.

106 2344 228 2404 Alr'thrir.
271 2342 435 2404 Considero
450 2344 532 2420 quod
546 2343 708 2403 secundum
722 2345 865 2404 rationem
886 2344 1032 2420 disparem
1051 2343 1119 2404 licet

62 2443 234 2502 bomimbus
248 2451 369 2502 tractare
384 2440 421 2501 de
435 2442 491 2500 isto
509 2441 661 2519 septuplici
680 2441 781 2501 ordine
801 2452 997 2518 peccatorum.
1041 2442 1118 2502 Inci-

63 2541 180 2619 piamus
195 2558 265 2616 ergo
280 2539 448 2614 stuperbit,
469 2557 536 2598 cum
557 2538 718 2598 secundum
739 2539 976 2598 Ecclesiasticum
997 2540 1062 2616 ipsa
1083 2541 1119 2599 sit

61 2639 179 2699 initium
197 2638 294 2697 omnis
312 2637 433 2714 peccati,
449 2646 478 2696 et
496 2638 527 2696 in
545 2635 719 2696 coelestibus
738 2637 883 2713 spiritibus
902 2639 940 2696 ab
960 2637 1019 2697 alto
1034 2639 1120 2697 traxit

62 2735 242 2814 originem¹⁰.

105 2834 268 2894 Phrenesis.
310 2831 415 2892 Dicam
429 2833 551 2891 breviter
564 2833 595 2890 in
609 2833 663 2892 ista
677 2832 796 2891 materia
811 2842 840 2891 et
854 2843 1068 2910 consequenter
1081 2832 1118 2891 de

62 2932 193 3012 pcccatis
206 2931 278 3000 aliis,
293 2948 360 2989 cum
380 2931 608 2990 sermocinantes
623 2949 658 2989 ex
677 2931 769 3007 gratia
783 2930 839 2989 Dei
858 2942 887 2990 et
906 2950 960 2990 usu
978 2932 1118 3009 loquendi

61 3039 188 3109 possunt
211 3029 280 3088 satis
303 3029 388 3087 istam
413 3030 563 3087 materiam
588 3028 714 3087 dilatare.
756 3027 967 3087 Verumtamen
992 3047 1059 3087 cum
1082 3031 1118 3087 sit

61 3127 140 3189 ordo
164 3125 302 3188 naturalis
326 3136 463 3203 quattuor
487 3127 698 3203 quaestionum,
723 3137 752 3186 et
776 3126 806 3184 in
821 3127 1002 3203 quaestione,
1025 3127 1048 3183 si
1074 3137 1118 3185 est

62 3226 207 3303 superbia,
219 3241 280 3284 non
291 3235 407 3300 oportet
421 3223 572 3282 hominem
586 3224 743 3294 immorari,
755 3224 867 3282 videtur
877 3224 947 3282 mihi
959 3223 1118 3299 expediens

61 3325 169 3402 prim0,
184 3322 289 3393 dicere,
304 3322 375 3399 quid
390 3322 560 3397 descriptive
575 3322 611 3379 sit
626 3322 770 3398 superbia.
813 3321 883 3380 Hoc
903 3323 982 3380 enim
1001 3321 1118 3379 facilitat

60 3420 101 3481 ad
120 3420 362 3496 cognoscendum
381 3419 571 3495 proprietates
590 3420 752 3495 superbiae,
766 3428 795 3477 et
815 3430 936 3494 propter
954 3417 1026 3494 quid
1046 3416 1118 3476 tales

60 3519 254 3597 proprietates
279 3517 333 3577 sibi
359 3516 502 3576 accidunt.
544 3516 583 3574 Et
605 3516 710 3593 loquor
731 3515 769 3573 de
790 3515 925 3590 superbia
944 3525 973 3573 et
988 3514 1116 3590 peccatis

60 3616 167 3678 ceteris
188 3633 250 3674 non
270 3626 302 3673 ut
324 3614 423 3674 dicunt
438 3613 568 3672 deiectus
581 3612 627 3670 vel
647 3622 770 3689 peccata
792 3611 936 3672 intellecta
950 3611 1118 3682 formaliter,

60 3713 117 3776 sed
136 3724 169 3772 ut
188 3712 287 3772 dicunt
306 3712 420 3772 habitus
438 3711 567 3771 vitiosos.
611 3712 659 3769 Ab
677 3711 731 3769 illis
750 3711 829 3770 enim
849 3709 993 3770 habitibus
1013 3728 1117 3787 proce-

95 3883 106 3914 ¹
121 3882 390 4004 necessarioqnecesse,
402 3883 434 3930 Α.
577 3880 750 4003 ’occqqintud
763 3880 985 3944 sit-occupatum,
998 3881 1046 3936 Λ.;
1064 3895 1117 3929 esse

59 3949 245 4013 oceupafivum.
320 3947 500 4012 occupativum.
512 3962 561 3996 οιιι.
573 3962 626 3996 esse
696 3963 726 4012 pr
831 3946 947 4009 ’ambit]
935 3945 1071 4010 ]ambigit.
1082 3945 1115 3994 D.

59 4012 223 4089 ‘desideraq
247 4018 273 4062 et
294 4013 423 4068 desiderat
442 4013 471 4062 C.
492 4012 613 4063 secundae
635 4027 729 4061 manus.
876 4010 970 4074 ⁶cum]
994 4017 1061 4066 tunc,
1082 4010 1115 4059 D.

57 4081 70 4112 ⁸
88 4077 242 4145 prorumpit]
255 4079 429 4144 pmmmpitur
441 4078 471 4128 C.
483 4078 521 4127 ed.
533 4093 569 4141 pr.
681 4077 691 4106 ²
708 4075 830 4140 sororem]
843 4091 965 4140 soporem,
978 4077 1009 4124 Α.
1022 4076 1116 4140 primae

59 4159 159 4196 manus.
267 4143 353 4207 ⁸is10]
367 4159 416 4192 om.
425 4142 462 4192 ed.
475 4159 512 4207 pr.
610 4140 859 4205 communicantes]
871 4141 1115 4197 communicationes,

58 4211 100 4262 ed.
113 4225 151 4275 pr.
250 4209 270 4238 ¹⁰
286 4208 388 4259 Siracid.
399 4224 422 4258 ιι.
437 4221 474 4271 15.

103 4308 283 4354 wulnodus
583 4307 606 4348 lt
