2864 4836
470 332 675 340 ..m—a-
690 333 757 338 ---
774 330 1167 338 ··-—--··—--——-·-·-·-·—·-—-
1172 332 1331 355 -ο--Ἳ

51 461 150 505 carae
218 456 221 463 ·
308 408 335 440 ι’
416 439 759 501 TRIALOGUS.
1197 352 1318 520 125¹

53 596 184 658 defertur
197 611 315 671 astrum,
330 602 411 678 quod
425 619 504 662 nune
518 613 563 662 est
577 603 786 673 stationarium,
802 621 880 661 nunc
896 602 1106 678 retrogradum,
1314 594 1317 673 ζ

53 708 84 756 et
98 715 179 757 nune
192 697 334 758 directum
342 719 351 772 ;
372 711 401 760 et
416 699 480 760 illos
493 700 616 760 circulos
631 701 784 759 nominant
801 701 947 777 epiciclos‚
961 711 990 759 et
1004 719 1107 777 quem·
1125 646 1129 777 l
1314 685 1317 781 l

53 793 127 854 libet
147 794 297 855 bominem
316 799 346 856 in
365 815 419 856 sua
436 799 625 874 generatione
648 817 666 858 a
688 798 762 858 facie
781 799 854 858 coeli
873 800 903 858 in
918 816 972 857 sua
985 797 1107 875 periodo
1314 785 1318 871 ἶ

53 911 92 953 ae
113 894 171 952 vita
191 912 259 953 cum
280 893 413 955 fortuniis
434 906 469 956 ae
489 895 668 956 infortuniis¹
687 897 810 957 limitari.
852 897 987 956 Planetas
1007 906 1106 955 autem
1313 874 1318 1037 Ι

54 991 226 1051 describunt
239 995 269 1052 in
284 995 343 1054 suis
355 995 578 1072 proprietatibus
592 1005 621 1054 et
635 994 890 1071 complexionibus
906 997 976 1054 satis
990 994 1109 1054 diversi·
1314 1040 1318 1097 4

55 1089 145 1150 ficari
188 1089 302 1151 Omnes
312 1102 412 1151 tamen
426 1093 565 1175 possunt¹
579 1111 597 1151 a
610 1094 671 1152 sole
689 1094 788 1153 lumen
803 1096 940 1170 recipere,
955 1104 984 1152 et
998 1095 1108 1163 lunam,
1315 1108 1317 1137 τ

55 1204 133 1266 quae
151 1199 196 1248 est
214 1190 332 1249 infimus
350 1191 532 1268 planetarum
551 1201 581 1250 et
599 1192 706 1250 mater³
719 1192 915 1263 humidorum,
934 1193 1064 1268 ponunt‘
1078 1193 1109 1250 in

55 1287 244 1364 oppositione
258 1290 420 1349 secundum
434 1300 547 1366 partem
562 1289 728 1349 inferiorem
748 1291 834 1348 nobis
849 1290 1016 1349 sensibilem
1031 1290 1108 1348 illus·

54 1385 132 1456 nari,
158 1386 189 1443 in
217 1387 423 1464 conjunctione
450 1405 519 1447 vero
550 1406 618 1446 eum
646 1387 708 1447 sole
736 1389 898 1447 secundum
925 1398 1037 1464 partem
1066 1388 1109 1446 sui

56 1483 237 1560 superiorem
256 1485 384 1561 partem⁶
402 1486 545 1563 majorem
562 1486 669 1545 habere
685 1505 702 1546 a
716 1486 785 1545 solis
803 1486 911 1545 lumine
930 1486 1110 1557 illustratam,

56 1592 86 1641 et
96 1583 129 1640 in
140 1599 260 1642 accessu
271 1601 305 1642 ac
316 1601 432 1644 recessu
442 1602 461 1642 a
471 1584 531 1643 sole
542 1584 702 1643 secundum
713 1584 838 1660 quadras
848 1595 877 1643 et
888 1594 985 1661 partes
998 1584 1070 1644 alias
1079 1586 1109 1642 in

56 1679 168 1739 lumine
178 1699 287 1740 varran

99 1778 160 1839 Sed
179 1797 240 1856 quo
262 1779 300 1840 ad
320 1798 425 1840 omnes
445 1782 515 1840 istas
535 1782 702 1850 sententias,
724 1782 753 1838 in
775 1779 948 1857 quibusdam
970 1780 1110 1851 sensibili-

56 1878 129 1936 bus·
150 1877 251 1938 dicunt
271 1879 466 1956 probabiliter,
487 1890 519 1938 ut
540 1879 577 1937 de
599 1878 689 1950 astris,
712 1879 741 1936 in
763 1879 825 1936 aliis
847 1889 944 1936 autem
969 1878 1111 1936 sensibili·

57 1975 129 2035 bus'
149 1976 364 2036 iriiundabiliter
382 1978 537 2048 somniant,
557 1988 587 2036 et
605 1978 673 2036 ideo
692 1977 829 2034 nimirum
849 1993 951 2035 eorum
970 1975 1111 2052 judicium

56 2074 176 2151 saepius
196 2085 239 2133 est
259 2093 435 2152 perversum.
478 2075 607 2135 Tantam
628 2085 726 2135 autem
747 2085 862 2151 ponunt
883 2072 1112 2150 regularitatem⁸

56 2172 88 2230 in
116 2183 198 2232 motu
226 2173 308 2246 coeli,
336 2174 417 2252 quod
444 2175 469 2233 si
497 2176 582 2234 coelo
608 2191 700 2232 unum
728 2182 837 2232 astrum
866 2172 903 2231 de
931 2189 1009 2231 novo
1036 2182 1112 2232 esset

57 2269 189 2330 additum
208 2271 253 2330 vel
274 2272 411 2343 ablatum,
426 2282 520 2331 totum
541 2270 656 2331 coelum
677 2289 739 2330 non
760 2280 924 2330 moveretur
944 2270 990 2328 vel
1011 2288 1112 2329 move·

57 2367 151 2428 retur·
166 2388 233 2428 curn
247 2369 416 2446 fatigatione
430 2380 458 2429 et
472 2388 577 2446 poena,
591 2380 623 2429 ut
642 2369 711 2429 dicit
725 2370 885 2437 Aeerroti·;
907 2366 1111 2426 Ltitcolm'ensis

57 2479 164 2540 autem,
179 2469 229 2545 qui
250 2468 373 2528 multum
394 2470 424 2527 in
445 2468 500 2528 ista
520 2469 640 2527 materia
660 2467 806 2538 laboravit,
822 2468 904 2543 ponit
925 2467 954 2524 in
976 2484 1030 2524 suo
1051 2465 1111 2523 Ex-

57 2584 179 2625 ameron
185 2567 206 2599 ¹⁰
220 2566 407 2643 deceptiones
420 2568 451 2625 in
465 2568 520 2626 ista
534 2567 654 2624 materia
668 2567 736 2625 satis
751 2564 932 2642 multiplices.
976 2563 1054 2622 Nam
1075 2582 1111 2623 ex

57 2665 117 2725 fide
135 2667 292 2742 scripturae
312 2665 356 2724 sol
370 2684 449 2724 nnnc
464 2666 540 2725 stetit
554 2674 582 2723 et
601 2683 679 2723 nunc
698 2664 879 2735 retrocessit;
901 2672 930 2722 et
944 2656 1112 2739 ignoramus

57 2764 83 2822 si
104 2765 221 2841 saepius
240 2765 280 2822 ita
300 2763 376 2823 iecit.
418 2764 456 2823 Et
477 2781 544 2821 cum
566 2772 660 2821 toturn
678 2762 820 2839 judicium
841 2761 1002 2822 astronomi
1024 2761 1060 2820 sit
1075 2761 1112 2820 de

56 2862 265 2939 regularitate¹¹
293 2872 392 2921 motus
420 2862 496 2933 astri,
524 2862 675 2938 quomodo
704 2861 939 2920 cenitudinaliter
964 2859 1112 2937 judicabit,

56 2959 247 3038 specialiter¹²
260 2961 293 3018 in
310 2960 449 3037 gemellis,
464 2960 513 3037 qui
533 2978 551 3018 a
569 2958 642 3018 iacie
662 2960 735 3018 coeli
749 2977 842 3036 prope
861 2958 951 3035 pari¹⁸
963 2957 1113 3017 influentia

58 3068 126 3119 sunt
139 3059 261 3135 respecti
270 3077 279 3132 ;
304 3077 380 3118 unus
398 3059 485 3118 habet
503 3068 609 3117 statum
627 3057 760 3117 fortunae
778 3057 980 3116 laudabilem¹⁴
993 3067 1023 3114 et
1041 3056 1112 3116 alius

57 3157 216 3217 infortunia
229 3158 298 3216 satis
312 3157 409 3216 multa.
452 3155 588 3215 Similiter
601 3174 669 3214 cum
684 3157 813 3215 actiones
828 3156 987 3214 activorum
1002 3155 1113 3213 suntin

58 3256 153 3333 passis
167 3256 329 3315 secundum
343 3255 548 3331 dispositiones
562 3271 715 3329 passorum
730 3254 785 3311 et¹⁶
798 3255 935 3312 materiae
954 3271 991 3310 ex
1008 3253 1113 3328 quibus

59 3354 92 3412 fit
112 3353 261 3423 embrio¹⁸,
277 3363 342 3411 sunt
364 3354 433 3412 satis
454 3352 584 3429 dispares
606 3353 636 3410 in
657 3353 785 3421 matrice,
802 3369 857 3409 nec
878 3350 974 3427 aliqua
994 3350 1113 3408 seientia

57 3452 145 3512 tradit
168 3452 296 3528 regulam
322 3451 358 3510 de
383 3453 444 3511 istis
468 3452 594 3509 materiis
619 3469 674 3509 nec
699 3450 865 3508 varietatem
890 3447 1012 3506 actionis
1037 3446 1112 3505 coeli

93 3641 102 3671 ¹
118 3654 149 3689 ae
159 3640 210 3689 vita
220 3653 277 3689 eum
289 3638 403 3689 fortuniis
412 3653 443 3688 ao
453 3637 605 3702 infortuniis]
615 3645 703 3686 armeta
714 3635 835 3692 iortuniis,
848 3636 911 3685 Α.Β.
977 3635 994 3693 ἱ
1003 3636 1111 3700 ponunt]

61 3713 174 3772 munt,
186 3705 315 3770 C.ed.pr.
474 3704 591 3767 'mater]
602 3703 727 3767 magister.
740 3702 801 3751 Α.Β.
813 3703 907 3766 primae
918 3716 1013 3756 manus.
1025 3701 1064 3750 ed.
1075 3716 1113 3765 pr.

58 3776 68 3799 ⁴
85 3771 333 3885 remu
341 3767 889 3899 taruennae-rs
916 3765 1113 3881 ’,ΜΨ

56 3852 213 3966 micatis
240 3850 278 3900 pr.
325 3901 417 3955 'tatem
430 3900 463 3948 D.
572 3901 582 3928 ⁰
599 3900 639 3949 vel
649 3869 862 4012 mover'muffiom.
874 3848 972 3962 edppr„
984 3845 1112 3945 cumrffg.

59 3968 154 4032 primae
164 3981 260 4016 manus.
383 3966 403 3995 ¹⁰
419 3965 571 4029 Exameron]
583 3966 599 4014 i.
607 3981 628 4015 e.
640 3964 778 4027 ὅξαήμερον,
814 3963 893 4013 oberti
906 3967 1042 4012 Groeuusre
1052 3961 1114 4010 liber

57 4033 91 4082 de
101 4046 177 4109 opere
188 4047 230 4082 sex
240 4032 343 4081 dierum.
409 4031 427 4061 ¹¹
444 4030 613 4096 regularitate]
626 4029 810 4104 irregularitate,
823 4030 854 4078 Α,
929 4026 947 4056 ¹¹
963 4025 1113 4103 specialiter]

58 4097 200 4163 specialiter
210 4105 302 4152 umen,
314 4096 379 4146 ΩΙ).
390 4097 428 4146 ed.
440 4112 477 4161 pr.
602 4097 618 4125 ¹³
636 4110 713 4160 prope
725 4093 790 4159 pari]
804 4093 921 4158 sphaerae
932 4098 1071 4157 paritatem,
1083 4092 1113 4141 C.

59 4165 156 4229 primae
165 4176 260 4218 manus.
273 4162 306 4210 D.
318 4162 357 4212 ed.
369 4178 406 4226 pr.
541 4161 558 4190 ¹⁴
575 4158 861 4223 statum-laudabilem]
872 4156 1114 4211 satum-laudabile.

61 4229 153 4278 ΑΒΕ.
165 4228 203 4277 ed.
216 4243 253 4292 pr.
320 4228 337 4256 ¹⁸
353 4227 390 4292 et]
402 4243 452 4278 om.
465 4229 509 4281 Aa
529 4227 579 4281 sed.
592 4227 625 4276 D.
638 4226 676 4276 ed.
688 4241 725 4289 pr.
793 4223 811 4253 ¹⁸
823 4224 925 4279 embrio‚
938 4223 980 4272 ie.
992 4224 1103 4287 embryo.
