2864 4836
147 326 194 339 *—

855 338 868 343 ..
878 337 1182 344 *Ἥ
1199 339 1325 345 ...η-...-

94 455 97 467 “
134 464 232 509 ωε.
501 444 840 506 TRIALOGUS.
1275 460 1337 529 377

136 602 265 677 dendae,
280 606 389 666 scilicet
410 606 457 665 lex
479 605 586 666 Christi
607 617 636 667 et
658 625 777 667 suorum
791 609 999 677 membromnr,
1020 605 1068 666 lex
1089 606 1210 665 mundi⁴

138 712 172 763 et
191 702 345 762 hominum
369 704 595 776 mundanorum,
618 716 646 765 et
667 705 714 765 lex
736 706 844 765 diaboli
865 715 893 765 et
915 722 1036 764 suomm
1057 656 1211 764 liliorum.l

139 799 207 861 Lex
221 811 250 860 et
264 802 447 862 consuetudo
461 803 546 880 primi
561 804 694 880 principii
709 813 752 863 est
767 806 878 863 bonum
893 821 947 881 pro
962 803 1040 862 malo
1052 802 1189 877 reddere;

139 898 190 960 lex
203 909 233 959 et
246 901 429 960 consuetudo
445 902 566 961 secundi
580 902 712 978 principii
727 912 772 961 est
781 902 901 960 reddere
916 895 1029 959 bonurn'
1043 918 1098 977 pro
1111 902 1193 960 bono

140 1007 175 1058 et
194 997 303 1057 malum
324 1016 378 1076 pro
400 999 495 1070 malo;
524 999 575 1058 sed
596 999 643 1058 lex
657 1000 731 1058 tertii
752 1000 885 1077 principii
906 999 964 1075 legi
980 997 1101 1058 Christi¹
1121 1016 1194 1057 con-

139 1095 231 1154 traria
253 1106 298 1154 est
318 1095 440 1155 reddere
462 1096 669 1173 irregulariter'
692 1099 803 1157 malum
825 1116 880 1174 pro
905 1099 995 1157 bono.
1036 1095 1124 1155 Unde
1148 1097 1193 1154 isti

140 1192 194 1255 filii
207 1191 298 1252 Belial
312 1193 353 1253 sic
368 1194 537 1253 instruendo
551 1196 707 1273 episcopos
727 1206 762 1255 ac
775 1196 876 1254 fideles
895 1195 967 1255 alios
981 1213 1035 1273 pro
1049 1194 1194 1255 beneficio

141 1292 189 1352 eis
202 1291 281 1362 dato,
295 1291 454 1350 ostendunt
467 1301 600 1368 patenter
613 1311 644 1353 se
658 1311 723 1352 esse
738 1294 880 1353 diabolos

187 1388 274 1450 Unde
295 1391 398 1449 melius
419 1390 519 1450 firisset
537 1391 600 1463 illis,
620 1402 777 1468 antequam
797 1392 828 1449 in
849 1391 920 1468 tales
939 1391 1074 1450 haereses
1091 1391 1195 1450 idiote³
1228 1405 1375 1488 gqunatcgtffin·

142 1487 328 1559 decidissent,
353 1489 498 1548 studuisse
523 1490 594 1565 quid
618 1491 653 1549 sit
677 1489 746 1548 illud
771 1500 993 1559 sacramentum,
1014 1500 1043 1548 et
1067 1488 1138 1565 quid
1158 1490 1195 1547 sit
1228 1486 1379 1569 ξξξξξξὲῗ*

143 1586 354 1665 propositionis
381 1587 597 1647 sacramentalis
631 1588 822 1665 pronomine*
857 1588 1106 1659 demonstratum
1141 1586 1195 1645 sed
1229 1569 1329 1645 libili.

143 1694 229 1763 pater
252 1702 354 1746 eorum
378 1687 409 1744 in
430 1685 488 1746 boc
508 1687 605 1763 ligavit
626 1705 694 1746 suas
717 1686 841 1745 notitias
884 1686 960 1745 Cum
985 1703 1057 1762 ergo
1081 1686 1112 1743 in
1137 1684 1194 1743 boc

144 1782 272 1843 concilio
289 1792 479 1843 terraemotus
493 1784 669 1844 damnarunt
688 1783 836 1845 Christum
851 1794 1002 1860 tamquam
1016 1783 1195 1842 haereticum
1211 1832 1214 1880 Ι

144 1890 177 1941 et
195 1880 331 1941 doctores
350 1882 488 1942 ecclesiae
507 1883 680 1960 praecipuos
695 1893 723 1942 et
742 1901 794 1960 per
808 1883 885 1942 mille
905 1900 1000 1941 annos
1018 1899 1052 1941 ac
1071 1881 1195 1958 amplius
1212 1881 1215 1959 i

145 1979 186 2038 ab
209 1979 332 2039 ecclesia
356 1981 543 2058 approbatos,
565 1981 752 2041 manifestum
775 1982 886 2041 videtur
910 1981 992 2058 quod
1016 1981 1140 2038 innuunt
1164 1996 1196 2037 se

1402 1955 1405 2014 Ι

144 2075 323 2137 haereticare
337 2079 468 2156 singulos
482 2078 672 2140 Christianos
716 2081 776 2140 Sed
790 2079 921 2140 secundo
936 2079 1097 2156 specialiter
1115 2077 1196 2136 labo-
1402 2021 1405 2096 γ

144 2185 212 2233 rant
225 2176 255 2234 in
268 2176 375 2237 eodem
389 2178 513 2237 concilio
529 2178 567 2236 ad
581 2178 783 2238 damnandum
798 2197 898 2255 regem
913 2177 1046 2255 Angliae‚
1061 2193 1197 2253 proceres

145 2273 211 2350 ejus
238 2292 274 2334 ac
301 2293 426 2352 regnum
449 2285 589 2353 tanquam
616 2275 787 2348 haereticos,
812 2287 841 2336 et
869 2295 922 2353 per
946 2292 1131 2351 consequens
1159 2272 1198 2331 ad

145 2371 402 2431 exhaeredandum
416 2391 521 2433 omnes
535 2373 590 2433 hos
605 2374 751 2445 dominos,
763 2393 798 2435 ac
810 2373 973 2434 Robertum
985 2373 1196 2433 Gilbonensem

145 2486 225 2553 curn,
235 2469 327 2546 globo
348 2468 559 2530 haereticorum
580 2471 700 2531 fratrum
722 2473 760 2532 de
785 2491 839 2532 suo
860 2472 985 2532 concilio
1009 2473 1039 2530 in
1060 2469 1197 2547 Angliam

145 2566 354 2628 inducendum
395 2568 557 2629 Assumunt
583 2580 681 2630 autem
705 2570 783 2630 istud
807 2570 929 2629 subdole
954 2587 1008 2646 pro
1033 2568 1131 2627 medio
1160 2566 1198 2626 ad

147 2664 227 2726 hunc
254 2669 352 2741 linem,
381 2672 462 2747 quod
490 2690 571 2730 error
598 2673 685 2732 nimis
713 2672 893 2749 periculosus
921 2682 965 2731 est
991 2671 1087 2730 dicere
1116 2668 1197 2746 quod

148 2763 260 2824 domini
281 2770 457 2845 temporales
477 2781 602 2847 possunt
622 2771 660 2829 ad
683 2771 830 2830 arbitrium
855 2788 957 2829 eorum
983 2768 1094 2829 auferre
1118 2769 1198 2826 bona

148 2865 320 2941 temporalia
339 2869 378 2926 ab
397 2868 519 2927 ecclesia
537 2870 732 2946 delinquente,
753 2880 781 2928 et
801 2868 882 2945 quod
898 2868 1055 2945 populares
1074 2876 1198 2943 possunt

148 2961 188 3020 ad
202 2980 304 3021 eorum
319 2965 466 3024 arbitrium
481 2967 619 3026 dominos
638 2968 840 3044 delinquentes
862 2969 1014 3044 corrigere.
1053 2965 1196 3038 Quamvis

149 3068 248 3118 autem
271 3062 325 3120 ista
347 3064 476 3122 secunda
499 3065 639 3141 particula
661 3066 697 3124 sit
720 3066 797 3124 iners
818 3065 935 3141 pictatia
956 3083 974 3122 a
994 3064 1125 3123 iratribus
1147 3063 1198 3121 ad·

149 3158 275 3229 inventa,
299 3170 398 3219 tamen
422 3159 523 3222 iratres
547 3161 679 3221 laborant
708 3163 822 3222 assidue
850 3162 887 3221 ad
913 3161 1095 3220 fundandum
1120 3161 1198 3219 illam

149 3255 315 3331 sophistice.
358 3257 448 3330 Deus,
463 3260 592 3336 inquam,
607 3270 703 3337 potest
720 3261 888 3336 praecipere
908 3259 1018 3336 populo
1038 3260 1079 3318 sic
1094 3258 1197 3328 lacere,

150 3371 207 3412 uec
221 3366 264 3414 est
278 3355 334 3415 Dei
349 3359 479 3433 potentia
493 3359 534 3417 sie
554 3358 696 3417 exhausta
714 3358 785 3434 quin
804 3368 904 3434 posset
921 3374 1037 3415 movere
1057 3356 1199 3433 populum

150 3452 189 3512 ad
201 3453 295 3512 taliter
308 3453 474 3515 iaciendum
483 3475 490 3528 ;
512 3474 583 3532 ergo
599 3457 753 3532 populares
770 3465 893 3532 possunt
913 3455 953 3512 sic
967 3453 1070 3513 facere.
1114 3451 1198 3511 Simi-

150 3550 214 3610 liter
226 3570 371 3629 personae
385 3553 450 3613 illae
464 3572 540 3630 quae
560 3555 621 3630 jam
643 3563 710 3612 sunt
729 3553 895 3630 populares,
910 3562 1034 3628 possunt
1054 3570 1091 3610 ex
1112 3569 1199 3610 even-

148 3650 228 3710 tibus
241 3651 351 3711 bellicis
365 3662 393 3710 et
406 3652 525 3711 infinitis
540 3653 602 3711 aliis
613 3650 728 3710 casibus
742 3668 806 3710 esse
821 3649 968 3710 fortissimi
980 3661 1198 3728 conquestores,

150 3749 226 3809 sicut
240 3767 256 3807 e
271 3760 374 3809 contra
388 3750 498 3810 domini
513 3749 687 3826 temporales
701 3760 825 3826 possunt
839 3767 903 3809 esse
918 3749 1069 3809 miserrimi
1085 3748 1199 3806 mendi·

150 3859 266 3921 cantes;
295 3848 446 3925 quomodo
467 3866 539 3925 ergo
558 3848 726 3925 negandum
745 3859 797 3919 est,
811 3848 893 3924 quod
906 3848 1061 3925 populares
1075 3855 1200 3922 possunt

151 3949 296 4025 corrigere
317 3948 454 4007 dominos
473 3947 694 4024 delinquentes?
730 3944 865 4004 Similiter
883 3963 951 4004 curn
970 3945 1125 4022 populares
1143 3944 1219 4019 sint,

186 4107 194 4136 ¹
212 4105 316 4170 Christi]
330 4105 386 4162 Dei.
396 4105 489 4155 ΑΒΕ.
502 4104 540 4154 ed.
552 4120 589 4169 pr.
658 4102 668 4131 ¹
680 4102 861 4178 irregulariter]
875 4101 1024 4166 regulariter,
1034 4101 1101 4177 ab..
1108 4101 1201 4177 primae
1216 4022 1219 4138 ἲ
1406 4024 1409 4148 ἱ

153 4186 248 4227 manus.
260 4171 299 4220 ed.
311 4186 348 4235 pr.
490 4172 499 4199 ³
516 4169 603 4234 idiote]
616 4169 722 4224 idiotice,
734 4167 772 4216 ed.
785 4183 821 4231 pr.
963 4165 972 4195 ⁴
989 4166 1147 4230 pronomine]
1158 4182 1174 4215 ι.
1179 4182 1200 4215 ε.
1218 4194 1220 4200 =
1406 4154 1408 4223 l

153 4236 276 4287 vocabulo
289 4237 369 4287 ‘hos'
1218 4242 1221 4296 j
1407 4237 1409 4304 1
