2864 4836
603 414 857 495 JOANNIS
891 413 1105 476 WICLIF
1292 438 1380 475 unn.

328 575 365 636 ad
380 596 486 655 corpus
500 597 589 656 quam
602 579 806 638 insensibiliter
820 577 982 637 seeundum
996 576 1167 637 affectiones
1181 577 1280 646 animi,
1295 576 1381 653 quod

326 675 414 737 fuisse
435 687 464 736 et
487 676 550 736 fore
574 679 672 736 insunt
693 678 752 736 suis
774 676 982 761 durationibus‚
1003 676 1076 734 sieut
1096 686 1126 736 et
1150 675 1289 752 tempori,
1327 673 1377 733 Ad

325 775 396 851 quid
410 793 482 851 ergo
497 786 613 852 oportet
627 793 738 852 ponere
753 775 905 834 aevitatem
919 772 1087 850 hujusmodi
1101 783 1168 833 ante
1182 773 1319 849 tempus?

365 871 527 933 phronesis.
569 873 720 946 Quantum
744 873 783 931 ad
804 874 929 948 primam
956 870 1122 930 instantiam
1149 880 1230 930 tuam
1253 869 1376 944 videtur,

324 971 405 1047 quod
425 971 578 1031 multitudo
598 971 714 1031 illorum
731 972 882 1047 spirituum
902 971 977 1029 sicut
997 969 1099 1028 dicitur
1117 986 1179 1027 non
1197 969 1374 1028 constituere

323 1086 416 1125 unum
437 1070 576 1145 spiritum,
597 1071 638 1129 ita
659 1087 711 1129 sua
732 1070 827 1146 prima
848 1068 960 1126 duratio
985 1085 1046 1126 non
1072 1067 1175 1127 dicitur
1196 1067 1374 1126 constituere

322 1185 415 1225 unum
439 1185 551 1226 aevum.
593 1166 667 1226 Mihi
691 1177 789 1226 autem
813 1165 923 1225 videtur
947 1164 1105 1242 probabile,
1126 1165 1207 1242 quod
1222 1164 1270 1224 illi
1291 1165 1375 1242 spiri·

322 1273 368 1324 tus
383 1266 559 1325 constituunt
573 1284 666 1324 unum
680 1266 820 1342 spiritum,
834 1275 863 1324 et
878 1262 959 1341 quod
972 1265 1110 1323 omnibus
1123 1263 1177 1323 illis
1190 1281 1250 1322 una
1264 1264 1373 1323 aevitas

322 1372 366 1422 est
388 1365 563 1435 communis,
582 1374 612 1423 et
635 1363 715 1440 quod
734 1381 771 1421 er
792 1362 954 1439 adjacentia
974 1362 1123 1440 temporis,
1144 1362 1256 1420 ratione
1277 1374 1372 1421 muta·

322 1460 438 1520 bilitatis
457 1479 535 1532 suae,
551 1461 660 1520 habent
678 1461 827 1537 propriam
846 1459 1087 1536 quandalitatem¹
1102 1469 1132 1519 et
1145 1459 1234 1520 fuisse
1248 1479 1284 1519 ac
1299 1460 1371 1533 fore,

321 1558 401 1634 quod
415 1568 460 1617 est
473 1560 617 1635 posterius
632 1561 697 1637 ipso
712 1576 801 1630 aevo;
824 1559 868 1617 et²
879 1559 957 1617 beati
968 1559 1116 1618 intuentes
1128 1558 1256 1618 divinam
1270 1577 1370 1618 essen-

320 1657 389 1715 tiam
411 1674 446 1715 ac
468 1657 580 1716 immoti
601 1658 632 1715 in
648 1658 707 1716 suis
722 1657 926 1716 affectionibus
947 1656 1055 1715 habent
1073 1674 1164 1716 unam
1184 1656 1369 1717 durationem

319 1763 511 1825 constantem,
532 1772 592 1813 non
612 1755 814 1814 successivam.
857 1753 982 1830 Oportet
1000 1772 1072 1832 ergo
1090 1754 1171 1831 quod
1189 1755 1236 1814 illa
1254 1755 1369 1818 duratio

318 1852 423 1911 habeat
436 1852 586 1929 quoddam
601 1871 719 1923 nomen,
734 1863 764 1911 et
777 1862 891 1929 praeter
910 1852 988 1911 illam
1007 1869 1195 1912 communem
1214 1855 1369 1916 aevitatem

317 1950 428 2009 videtur
441 1950 521 2028 quod
535 1951 666 2027 singulus
680 1951 794 2010 illorum
808 1950 960 2027 spirituum
973 1949 1061 2009 habet
1079 1951 1229 2028 propriam
1248 1971 1368 2015 mensu·

317 2065 388 2119 ram,
408 2066 483 2125 quae
503 2066 521 2106 a
542 2049 715 2125 quibusdam
737 2048 839 2107 dicitur
859 2048 975 2120 aevitas,
994 2059 1023 2108 et
1043 2049 1081 2109 ab
1102 2049 1164 2109 aliis
1183 2051 1368 2127 quandalitas

316 2145 460 2216 aevitatis;
491 2164 546 2204 nec
567 2156 612 2205 est
633 2146 783 2205 difficultas
804 2148 833 2204 in
854 2147 916 2206 istis
937 2147 1143 2207 variationibus
1166 2150 1367 2212 terminorum.

315 2241 364 2300 Ad
378 2242 521 2301 secundam
537 2244 702 2304 instantiam
715 2254 805 2316 tuam,
819 2255 908 2321 patet,
923 2245 1004 2322 quod
1019 2245 1169 2305 conclusio
1183 2245 1262 2306 illata
1279 2248 1366 2308 debet

315 2339 454 2411 concedi;
470 2351 669 2401 verumtamen
682 2344 789 2402 aevitas
803 2353 847 2402 est
861 2352 927 2402 ante
942 2342 998 2402 tale
1011 2342 1099 2402 fuisse
1113 2343 1158 2402 vel
1177 2343 1239 2403 fore
1259 2347 1364 2424 angeli.

314 2436 445 2514 Angelus
466 2448 564 2498 autem
585 2448 681 2516 potest
701 2440 825 2499 mirabili
846 2439 990 2500 celeritate
1011 2458 1158 2500 assumere
1180 2443 1235 2501 sibi
1256 2462 1364 2522 corpus

203 2578 207 2584 ·
314 2547 427 2612 praeter
436 2539 575 2596 unionem
587 2538 807 2615 hypostaticam,
817 2548 846 2596 et
857 2547 955 2615 aptare
967 2539 1021 2597 sibi
1031 2537 1101 2598 illud
1112 2557 1219 2617 corpus
1229 2543 1260 2600 in
1271 2542 1365 2618 figura

313 2644 342 2692 et
363 2636 560 2695 accidentibus
581 2636 700 2695 humani
721 2637 860 2712 corporis.
903 2635 1025 2713 Propter
1049 2636 1129 2713 quod
1153 2636 1310 2715 Gregorrics
1333 2653 1365 2701 et

314 2733 360 2790 alii
383 2735 475 2793 sancti
500 2744 606 2793 vocant
629 2735 685 2793 tale
711 2745 903 2811 aggregatum
926 2754 962 2793 er
988 2736 1088 2812 spiritu
1112 2746 1141 2794 et
1164 2736 1213 2796 tali
1238 2756 1361 2815 corpore

313 2831 438 2889 ‘animal
451 2832 608 2903 rationale‚'
623 2842 652 2891 et
667 2833 708 2891 sic
723 2833 787 2892 talis
801 2833 982 2909 quandalitas
997 2834 1084 2893 creati
1099 2835 1214 2911 spiritus
1228 2846 1361 2914 tempore

312 2939 501 3000 mensuratur,
515 2939 544 2988 et
559 2948 619 2988 non
635 2931 728 2989 solum
743 2930 790 2989 illa
804 2930 935 3001 aevitas⁸,
950 2931 1003 2990 sed
1016 2933 1181 2993 successiva
1194 2934 1311 2994 affectio
1325 2955 1361 2996 ac

312 3026 486 3086 insensibilis
501 3028 564 3087 talis
579 3029 666 3087 creati
682 3029 805 3105 spiritus,
821 3029 880 3087 sive
895 3031 974 3088 bona
987 3029 1072 3089 fuerit
1085 3031 1144 3089 sive
1154 3032 1248 3105 mala3
1272 3043 1302 3093 et
1320 3036 1361 3095 ita

311 3123 422 3182 videtur
449 3127 639 3184 substantiam
667 3127 845 3185 materialem
873 3137 902 3185 et
930 3128 1061 3203 spiritum
1091 3129 1220 3190 hominis
1251 3131 1360 3192 habere

311 3220 457 3297 quandam
478 3225 637 3294 aevitatem,
657 3224 839 3283 durationem
860 3243 943 3283 suam
964 3227 1172 3286 successivam⁴
1194 3231 1360 3291 natiualiter

309 3321 542 3396 praecedentem.
583 3320 636 3381 Et⁶
645 3324 742 3399 posito
758 3322 838 3399 quod
849 3323 992 3384 subducta
1002 3323 1076 3383 foret
1086 3327 1183 3385 omnis
1194 3332 1359 3390 successiva

309 3421 430 3478 mutatio
454 3423 513 3480 sive
538 3431 663 3498 tempus,
689 3431 775 3480 staret
800 3439 868 3479 cum
890 3421 956 3493 hoc,
978 3422 1058 3499 quod
1083 3422 1154 3483 tales
1178 3426 1358 3488 substantiae

308 3515 433 3576 habeant
448 3519 629 3578 durationem
644 3519 767 3579 solidam
781 3530 1010 3596 permanentem.

349 3613 396 3672 De
417 3623 531 3691 tempore
553 3627 650 3675 autem
672 3617 805 3687 videtur⁶,
827 3618 907 3694 quod
929 3619 965 3677 sit
986 3618 1098 3678 duratio
1119 3621 1222 3679 mundi
1240 3622 1271 3680 in
1292 3642 1358 3685 esse

308 3714 525 3785 transmutabili,
542 3716 704 3774 secundum
723 3714 818 3791 prius⁷
837 3714 880 3773 et⁸
895 3717 1038 3792 posterius
1052 3719 1302 3792 successivum‚'et
1315 3724 1358 3782 sic

307 3826 498 3888 quaecunque
509 3813 612 3872 mundi
624 3813 707 3889 pars⁹
718 3824 798 3872 mota
809 3813 901 3884 fuerit,
913 3815 988 3873 inest
998 3813 1110 3874 mundo
1122 3825 1245 3893 tempus.
1283 3819 1357 3880 Ideo

339 3947 570 4027 ¹quandalitatem]
582 3951 731 4017 qualitatem,
743 3952 781 4003 ed.
794 3968 831 4017 pr.
1039 3952 1101 4019 ἐι]
1113 3961 1149 4012 ut.
1161 3955 1256 4007 Alte.
1267 3958 1307 4008 ed.
1349 3997 1358 4010 .

304 4011 434 4080 'aentas]
447 4033 496 4066 om.
508 4018 546 4066 ed.
558 4033 594 4082 pr.
606 4033 662 4067 cum
674 4020 704 4069 C.
715 4019 809 4083 primae
819 4033 914 4075 manus,
927 4018 960 4068 D.
1046 4018 1311 4087 *successivamhm
1350 4061 1356 4073 .

304 4077 314 4171 ξ
329 4079 366 4156 et]
379 4089 413 4136 ut,
425 4082 463 4130 ed.
472 4098 509 4146 pr.
516 4098 577 4158 ¹cum
590 4085 619 4134 C.
631 4085 725 4148 primae
736 4098 830 4138 manus,
843 4082 876 4132 D.
988 4083 999 4113 ⁶
1015 4085 1124 4200 videtne]
1135 4086 1231 4137 videtur
1241 4088 1311 4144 milri.
1322 4089 1357 4139 D.

330 4145 408 4221 prius]
421 4149 608 4212 essepnus,ed.
621 4165 657 4214 pr.
724 4150 786 4215 οει]
799 4156 823 4199 et
835 4149 976 4206 sectandum,
989 4150 1082 4202 ΑΒΕ.
1126 4167 1181 4217 .pr.
1258 4154 1357 4220 ψῃ]

285 4276 288 4291 Ι
305 4224 361 4272 pars
373 4226 414 4265 stc,
427 4213 464 4260 edi
478 4229 513 4275 pr.

1203 4319 1315 4363 wrcutr
