2864 4836
60 442 146 486 cane
424 418 764 479 TRIALOGUS.

62 582 186 658 peccati,
209 581 289 657 quod
310 581 392 640 Deus
413 582 495 641 vertit
520 583 551 639 in
573 583 694 640 bonum.
737 579 825 639 Unde
846 580 979 656 quamvis
1001 579 1119 638 Petrum

62 696 187 756 peccare
207 690 235 738 et
254 690 408 755 peccatum
424 678 499 738 Petri
519 680 554 738 sit
574 678 660 748 idem,
676 688 775 737 tamen
795 687 914 753 propter
930 678 1119 735 variationem

61 775 283 853 significationis
306 777 469 845 conceditur,
494 775 574 850 quod
598 786 753 852 peccatum
776 774 852 833 Petri
877 774 972 850 placet
993 774 1069 846 Deo,
1091 784 1119 832 et

60 882 191 950 negatur,
205 874 285 950 quod
304 874 400 950 placet
419 873 485 932 Deo
507 874 587 949 quod
608 872 710 931 Petrus
728 883 832 948 peccet
851 873 895 931 vel
914 872 1031 931 Petmm
1050 892 1119 949 pec-

61 989 139 1030 mre.
181 971 220 1028 Et
240 973 280 1029 ita
301 971 478 1040 conceditur,
498 970 579 1046 quod
601 971 673 1029 sicut
693 982 846 1046 peccatum
867 972 953 1030 debet
974 973 1069 1047 puniri
1091 981 1120 1029 et

61 1068 162 1127 multis
176 1068 321 1144 proficere
335 1069 373 1127 ad
387 1070 451 1146 ejus
462 1069 694 1138 detestationem,
706 1080 735 1127 et
749 1069 895 1128 consolari
910 1071 1027 1129 beatos¹
1039 1069 1120 1147 quod

59 1184 100 1225 ex
125 1165 182 1224 Dei
206 1167 298 1242 gratia
322 1184 340 1224 a
362 1166 410 1225 tali
435 1167 550 1224 miseria
575 1176 641 1225 sunt
666 1166 773 1236 salvati,
796 1168 836 1226 ita
857 1168 944 1226 etiarn
967 1180 1119 1244 peccatum

61 1264 152 1324 debet
172 1281 245 1335 esse,
266 1265 335 1340 quia
355 1282 415 1340 quo
437 1265 475 1324 ad
495 1265 572 1323 istud
588 1270 668 1324 ‘esse
690 1265 864 1324 secundum'
887 1265 968 1342 quod
989 1276 1031 1325 est
1053 1283 1120 1342 pro·

61 1362 165 1434 desse3
198 1371 227 1420 et
248 1372 346 1420 tamen
367 1363 464 1437 ipsum
487 1370 640 1438 peccatum
665 1379 726 1420 non
749 1360 836 1420 debet
857 1362 1014 1421 informare
1035 1381 1120 1421 suum

61 1460 229 1535 subjectum
247 1477 308 1535 quo
329 1459 366 1517 ad
380 1479 434 1517 esse
448 1478 533 1518 suum
543 1461 677 1534 petinam,
692 1460 760 1535 quia
774 1469 842 1518 tunc
858 1471 990 1519 creatura
1004 1460 1121 1519 deberet

62 1576 197 1636 peccare.
239 1557 278 1617 Et
298 1576 358 1634 quo
379 1559 417 1617 ad
436 1558 632 1634 objectionem
652 1576 849 1629 communem,
871 1560 964 1635 captis
985 1560 1121 1619 omnibus

61 1655 324 1717 necessitantibus²
332 1658 369 1717 ad
381 1659 689 1734 primumpeccatum
712 1659 749 1715 ‘si
760 1659 898 1728 istasunt,
911 1670 980 1717 tunc
992 1672 1122 1717 creatura

62 1765 176 1832 peccat,
202 1768 230 1815 et
255 1757 340 1814 istam
365 1757 607 1831 consequentiam
632 1754 713 1814 Deus
736 1755 795 1814 vult
820 1774 883 1814 esse
910 1757 1029 1826 bonam,
1054 1774 1121 1814 cum

64 1853 149 1913 aliter
169 1871 231 1911 non
252 1864 352 1931 posset
373 1871 437 1912 esse
458 1855 500 1912 sic
521 1854 694 1922 necessaria,
709 1864 737 1911 et
757 1853 839 1911 Deus
853 1853 912 1912 vult
934 1853 1120 1922 antecedens,

63 1969 135 2011 cum
149 1970 211 2010 non
226 1953 301 2029 sapit
315 1961 478 2028 peccatum,
493 1969 564 2026 ergo
579 1951 638 2009 vult
654 1969 846 2027 consequens,
861 1962 889 2010 et
904 1953 946 2010 sic
959 1950 1019 2009 vult
1040 1951 1121 2026 quod

62 2060 197 2110 creatura
216 2050 352 2126 peccet³,'
367 2050 470 2109 dicitur
490 2060 522 2108 ut
543 2051 630 2126 prius,
648 2049 729 2126 quod
743 2048 825 2108 Deus
845 2049 904 2108 vult
925 2066 1119 2124 consequens,

62 2147 148 2225 quod
162 2157 205 2207 est
218 2150 344 2224 primum
363 2158 526 2224 peccatum,
542 2149 610 2224 quia
623 2147 682 2207 vult
701 2149 797 2225 ipsum
811 2166 872 2223 quo
886 2148 924 2207 ad
939 2153 1020 2207 ‘esse
1035 2166 1121 2207 suum
1156 2209 1160 2214 ,

64 2247 263 2317 secundum⁴,'
278 2258 307 2305 et
325 2257 424 2305 tamen
444 2263 505 2304 non
520 2246 578 2304 vult
602 2245 683 2322 quod
698 2257 829 2305 creatura
843 2255 954 2323 peccet,
969 2247 1037 2322 quia
1055 2247 1122 2305 licet

63 2345 176 2421 magis⁸
190 2346 319 2404 videatur
339 2345 498 2420 probabile,
514 2344 594 2420 quod
616 2345 689 2402 sicut
702 2343 784 2403 Deus
806 2346 948 2421 approbat
969 2355 998 2404 et
1018 2362 1120 2403 neces-

63 2445 132 2504 snat
147 2445 185 2503 ad
200 2454 362 2519 peccatum,
378 2444 420 2501 sic
440 2443 596 2501 necessitat
614 2451 776 2500 creaturam
796 2442 976 2517 peccabilem
995 2442 1033 2500 ad
1052 2461 1120 2518 pec-

63 2541 202 2611 candum,
217 2559 285 2599 cum
299 2542 396 2599 omnis
411 2549 529 2599 causata
546 2539 720 2598 necessitas⁶
736 2540 772 2597 sit
786 2557 804 2596 a
818 2538 894 2610 Deo,
908 2548 937 2597 et
952 2538 1033 2597 Deus
1053 2538 1121 2597 facit

63 2639 290 2699 misericorditer
311 2657 379 2698 curn
402 2638 556 2707 damnatis,
571 2648 600 2695 et
622 2636 730 2695 habent
751 2638 863 2695 bonum
884 2655 958 2708 esse,
978 2637 1019 2696 sic
1041 2637 1121 2714 quod

63 2739 135 2816 ipsis
156 2738 258 2814 positis
276 2738 306 2795 in
327 2737 486 2811 adoptione
507 2752 571 2793 esse
593 2734 639 2793 vel
660 2752 722 2792 non
743 2752 815 2804 esse,
836 2754 904 2793 cum
925 2754 990 2794 esse
1010 2735 1067 2795 sic⁷
1086 2737 1121 2795 sit

63 2839 187 2906 bonum,
202 2845 230 2895 et
251 2836 292 2893 sic
306 2852 371 2893 esse
394 2851 479 2892 suurn
494 2831 639 2891 naturale⁸
656 2831 731 2890 soret
750 2832 791 2892 eis
807 2834 903 2892 utilius
922 2844 951 2892 et
969 2834 1120 2911 eligibilius

64 2953 156 3012 quarn
181 2952 243 2992 non
268 2950 341 3002 esse,
363 2931 446 2990 curn⁹
467 2948 529 2989 non
554 2948 618 2989 esse
644 2947 705 2988 non
730 2940 825 3006 potest
847 2932 953 2991 habere
978 2935 1120 2993 rationem

64 3031 257 3109 eligibilitatis.
299 3029 365 3105 Ego
389 3038 487 3087 autem
512 3046 573 3086 non
599 3028 694 3086 audeo
719 3028 815 3087 adhuc
841 3033 1014 3089 sententiam
1035 3033 1120 3091 istam

65 3147 205 3198 asserere,
216 3127 260 3186 vel
275 3127 313 3186 ad
327 3126 510 3203 peccandum
524 3125 676 3184 hominem
690 3125 808 3185 incitare
823 3128 1027 3202 praedicando
1040 3130 1120 3205 quod

65 3227 145 3286 erit¹⁰
159 3225 225 3285 Deo
239 3225 454 3301 beneplacitum
469 3233 497 3281 et
511 3223 678 3286 ordinatum
693 3225 746 3282 sibi
761 3242 815 3300 pro
830 3227 970 3300 praemio,
982 3227 1063 3303 quod
1078 3229 1119 3286 sic

65 3336 176 3404 peccet.
304 3333 305 3336 ’

100 3456 108 3486 ¹
125 3453 225 3530 beatos]
237 3453 325 3507 bonos.
337 3450 429 3499 ΑΒΕ.
441 3449 479 3498 ed.
493 3464 529 3513 pr.
616 3448 625 3476 ²
642 3449 858 3542 necessitantibusp
870 3451 1063 3508 necessitatibus.
1076 3455 1120 3511 C.;

64 3520 222 3596 instantibus.
234 3518 277 3594 ‘dt
285 3533 321 3582 pr.
443 3514 452 3543 ⁸
469 3514 565 3579 peccet]
576 3521 669 3577 peccat,
682 3514 714 3589 A:
868 3514 956 3591 ειιιιιυ]Ι
964 3532 1013 3565 orn.
1026 3519 1120 3569 Arte.

63 3587 75 3680 ἰ
90 3581 398 3703 fflnwgufflege
409 3645 456 3709 sic]
469 3577 1119 3713 o‘meaeplstapp'necessrtans]etcastir{aepseeecpplspppnfflaper]

66 3733 117 3766 om.
129 3717 167 3765 ed.
180 3730 217 3778 pr.
384 3711 394 3740 ’
410 3708 479 3773 cnm]
491 3725 548 3758 cum
559 3724 613 3759 esse
624 3723 695 3758 suum
707 3709 819 3759 naturale
831 3711 862 3760 sit
874 3711 975 3768 bonurn.
987 3720 1020 3771 et,
1032 3714 1070 3763 ed.
1083 3730 1120 3779 pr.

64 3783 85 3814 ¹⁰
100 3780 150 3846 est]
163 3781 217 3836 erit.
229 3777 322 3828 nnc.

451 4041 732 4107 ......ζρξ.....-.
