2864 5242
83 4456 221 4567 Ἄ.

549 443 811 524 JOANNIS
851 445 1069 509 mem
1253 434 1348 508 oiurv.

290 605 1363 683 ugummpeietquodnoneeminbilesiutidocroressintin'

290 703 389 763 multis
407 704 556 782 sibiipsis
575 705 712 764 conuerii
731 714 763 764 et
781 705 813 765 in
832 705 893 766 mis
913 707 1101 767 sermonibus
1117 705 1263 778 diminuti,
1278 725 1348 767 cum

290 817 379 878 ssepe
398 801 496 879 magis
515 819 605 879 quum
625 803 669 862 sic
688 812 894 880 pecceverunt.
939 802 1153 864 Vemmtomen
1175 803 1271 865 homo
1295 823 1348 882 per

290 899 563 976 aequivocationem
579 900 792 978 potesttollere
810 901 918 962 multus
935 903 1347 964 conuedetatesaboemulis

289 997 506 1075 eisinrposites
546 997 742 1076 thuentum
761 998 801 1059 ud
821 999 1045 1060 diminutionem
1065 1002 1344 1080 oertumestquod

289 1093 372 1154 multi
385 1095 543 1156 obmittunt
555 1095 631 1156 licite
644 1096 751 1157 multus
768 1098 914 1170 materies,
928 1115 998 1157 oum
1011 1115 1074 1170 non
1087 1099 1190 1158 omnia
1201 1099 1344 1160 omnibus

289 1191 660 1254 etubdrbetsmtdioenda.
693 1192 883 1272 Quandoque
895 1194 1032 1272 ergo¹ex
1045 1197 1189 1273 probabili
1199 1197 1345 1258 evidentia

289 1289 1242 1369 etqmndoqueexignormuemnluutinmntduumt
1292 1295 1344 1356 Ad

288 1389 1060 1467 smdontuamergutiamdidtur,quodscripturs
1072 1390 1292 1470 debetintelligi
1306 1393 1345 1453 ad

290 1504 411 1547 sensum
423 1504 514 1565 quem
526 1486 653 1564 expetit3
671 1497 703 1547 et
716 1487 761 1547 sic
771 1498 870 1565 potest
887 1486 1009 1565 intelligi
1020 1486 1345 1571 illuu2Apoeuypm1,

291 1584 1345 1664 quoduonerittempnsempliustnliteropemudutpostdiem

289 1681 390 1760 judicii
409 1700 472 1743 non
490 1683 545 1743 erit
563 1666 826 1760 tempm'mplius
845 1683 1040 1760 promerendi,
1059 1683 1114 1744 sed
1133 1702 1204 1744 cum
1225 1687 1346 1746 ‘omnis

292 1791 409 1859 tempus
426 1779 569 1850 lubeut⁸,’
589 1779 645 1840 erit
661 1789 780 1857 tempm
799 1778 838 1840 de
858 1789 957 1841 cetero
975 1780 1200 1859 congaudendi;
1228 1801 1346 1844 verum·

291 1877 1083 1956 tamentuncnonerittempnsnnnule,diurnumvel
1100 1896 1139 1939 ex
1158 1897 1246 1941 cursu
1265 1882 1346 1954 solis,

291 1977 428 2037 ulmodo
448 1977 809 2054 cernimusaooeptunrm,
829 1975 935 2036 etboc
953 1977 1023 2036 satis
1041 1987 1102 2049 est;
1130 1988 1160 2038 et
1178 1978 1345 2057 subjectum

291 2076 365 2136 illius
396 2075 538 2152 temporis
569 2083 667 2151 potest
694 2073 902 2134 rationabiliter
928 2073 986 2134 dici
1017 2074 1147 2135 mundus
1179 2077 1345 2138 secundum

291 2190 497 2252 quemcunque
511 2170 886 2250 partemquamDeusad
904 2170 962 2232 boc
980 2175 1128 2250 aptaverit
1168 2173 1345 2236 Adieruim

291 2271 434 2349 urgutiem
451 2281 533 2330 tuem
550 2269 727 2347 respondeo,
741 2287 811 2329 cum
827 2271 1098 2349 quomodocunque
1113 2270 1287 2334 Anubim
1299 2274 1347 2335 vel

291 2370 338 2429 ulii
359 2368 495 2429 doctores
514 2366 674 2439 dixenmd,
694 2366 776 2444 quod
795 2377 864 2444 post
876 2367 963 2428 diem
979 2368 1082 2446 judicii
1100 2368 1214 2430 nullum
1233 2388 1346 2451 corpus

292 2468 454 2528 movebitur
480 2485 536 2526 nec
560 2477 656 2542 potest
679 2465 809 2525 localiter
831 2467 942 2524 moveri
970 2467 1076 2537 subito,
1100 2467 1155 2527 sed
1178 2471 1345 2530 successive

292 2567 454 2626 movebitur
472 2565 616 2624 celeritate
633 2564 721 2623 nobis
738 2563 966 2640 imperceptibili,
980 2565 1062 2640 quod
1081 2575 1126 2625 est
1146 2567 1224 2627 satis
1268 2568 1345 2629 Ideo

293 2681 354 2723 non
382 2664 528 2734 sollicitor,
556 2663 606 2722 ubi
634 2679 760 2745 corpora
786 2662 829 2721 sic
856 2662 953 2720 subito
980 2663 1128 2722 moventia
1155 2666 1211 2723 sibi
1239 2678 1343 2727 mutuo

293 2763 469 2834 obviabunt;
498 2761 550 2820 sed
571 2761 640 2820 satis
659 2772 795 2831 osteum
814 2761 986 2819 continuum
1005 2762 1191 2838 componitur
1209 2781 1248 2822 ex
1266 2782 1346 2824 non·

292 2860 417 2937 quantis,
435 2858 516 2936 quod
535 2876 590 2935 pro
608 2876 670 2917 uno
688 2859 805 2917 instanti
825 2859 897 2916 situs
914 2858 1093 2918 indivisibilis
1111 2860 1250 2920 asituato
1268 2863 1345 2923 indi·

292 2957 395 3018 visibili
409 2957 445 3016 sit
458 2957 617 3034 quaesitus,
631 2957 671 3015 ita
684 2956 766 3032 quod
780 2967 877 3015 motus
891 2956 965 3014 coeli
979 2957 1140 3016 secundum
1154 2971 1298 3034 puuctum
1313 2963 1344 3019 in

292 3055 495 3133 aequinoctiali
516 3056 552 3114 sit
573 3054 780 3123 velocissimus,
800 3064 830 3112 et
850 3064 949 3112 motus
969 3055 1082 3113 subitus
1102 3056 1132 3114 in
1152 3059 1343 3132 generatione

291 3155 336 3213 vel
357 3154 526 3213 alteratione
547 3152 584 3211 sit
604 3170 659 3215 nec
680 3151 765 3211 velox
785 3169 841 3210 nec
862 3150 970 3222 tardus,
985 3152 1060 3211 sicut
1081 3153 1257 3213 immensum
1279 3175 1342 3215 non

292 3252 395 3311 dicitur
413 3268 478 3311 esse
496 3267 627 3327 parvum,
640 3266 697 3308 nec
711 3248 789 3307 mole
808 3248 979 3307 indivisibile
996 3249 1098 3308 dicitur
1110 3267 1176 3309 esse
1189 3269 1342 3328 magnum.

292 3349 329 3409 Et
348 3359 381 3408 ut
399 3348 493 3425 placet
506 3346 618 3423 logicis,
633 3362 702 3405 cum
715 3362 857 3420 magnum
870 3354 900 3403 et
918 3363 1039 3422 parvum
1058 3357 1125 3405 sunt
1143 3350 1343 3408 convertibilia

290 3446 416 3516 relativa,
435 3443 547 3503 nullum
567 3443 745 3501 immensum
765 3441 868 3500 dicitur
887 3442 966 3502 mole
984 3460 1126 3518 magnum
1144 3461 1201 3503 nec
1222 3445 1342 3523 aliquod

290 3542 459 3603 indivisibile
472 3541 550 3601 mole
564 3558 694 3617 pervum,
708 3557 764 3600 nec
778 3540 886 3616 aliquid
900 3551 943 3599 est
956 3541 996 3599 its
1008 3559 1149 3626 magnum
1163 3554 1195 3601 ut
1208 3561 1342 3620 parvum,

290 3644 363 3703 sicut
376 3641 463 3718 logici
483 3639 664 3698 altercantur.
704 3636 745 3697 Et
761 3648 904 3714 quantum
923 3637 961 3698 ad
974 3637 1085 3701 dictum
1104 3641 1246 3716 superius,
1265 3644 1344 3702 circa

290 3740 371 3819 quod
389 3750 474 3816 potes
493 3736 679 3807 contendere,
698 3735 807 3795 scilicet
821 3737 902 3812 quod
920 3736 1120 3797 dimensiones
1137 3749 1292 3814 penetrant
1310 3760 1342 3802 se

292 3841 365 3901 siem
380 3849 409 3898 et
422 3853 557 3914 corpora,
571 3834 628 3894 diei
642 3842 739 3911 potest
752 3833 833 3911 quod
846 3833 905 3893 hoc
918 3851 981 3892 non
995 3835 1131 3911 sequitur,
1142 3853 1210 3894 cum
1225 3838 1342 3899 dimen-

290 3939 397 4008 siones,
409 3937 482 3995 sicut
492 3944 522 3994 et
532 3944 645 3994 ceteme
658 3932 842 4010 quantitates,
854 3951 915 3990 non
926 3943 993 3992 sunt
1004 3931 1159 4009 degenere
1170 3935 1340 3998 activorum

323 4097 330 4124 ¹
348 4092 421 4158 ergo]
433 4091 508 4146 enim,
520 4090 552 4139 Α.
697 4086 1024 4151 'Quandoque-dimissu]
1120 4125 1126 4137 .

288 4146 1049 4282 numeratu·anscausus,
