2864 5242
601 424 857 503 Jornnrs
898 424 1112 487 orem
1297 449 1372 484 mm

335 584 471 644 concedit
494 585 531 645 de
554 584 672 645 Christo
694 586 871 664 simpliciter,
893 597 923 647 et
946 588 1009 648 scio
1032 587 1115 664 quod
1139 605 1250 648 omnes
1272 589 1374 664 saginae

335 694 401 741 tuae
430 701 504 759 qnae
532 684 718 743 includtmtur
741 685 772 743 in
799 694 849 745 baa
872 674 1016 762 pharetra,
1040 687 1179 745 nesciunt
1208 685 1283 745 haec
1304 687 1376 745 verba

334 780 455 839 Domini
464 782 645 858 impugnare.
672 780 778 841 Utrum
786 795 885 842 autern
893 781 1044 860 sequatur¹
1053 783 1237 861 simpliciter,
1246 783 1377 859 ‘aethiops

335 889 378 936 est
402 878 484 938 albus
509 878 669 938 secundum
690 880 801 951 dentes,
822 897 895 956 ergo
915 880 1049 958 aethiops
1069 891 1114 940 est
1135 880 1244 952 albus:
1263 881 1379 957 relinquo

334 977 385 1035 tibi
406 988 435 1035 et
455 977 593 1054 sophistis
614 979 671 1036 tuis
691 977 840 1037 sodalibus
858 976 897 1037 ad
912 980 1063 1039 materiam
1080 979 1179 1056 magis
1198 976 1380 1041 fructiferam*

334 1076 512 1135 accedendo.

750 1392 846 1454 CAP.
867 1393 964 1454 XXX„

414 1538 523 1599 Nullus
536 1546 693 1599 samiorum
707 1541 864 1601 hudondus
876 1549 923 1613 erl,
937 1543 1000 1601 πίει·
1008 1548 1141 1619 quantur
1156 1542 1311 1605 cantius

739 1639 841 1720 suerri
851 1648 967 1698 secutus.

372 1803 493 1862 Alrihrh.
534 1802 681 1874 Delector,
700 1802 786 1863 frater
799 1803 965 1876 Phronesis,
979 1805 1061 1883 quod
1080 1815 1194 1865 tantum
1214 1808 1386 1885 magnificas

333 1901 528 1972 Salvatorem;
550 1911 580 1960 et
592 1900 704 1960 videtur
717 1901 789 1961 mibi
803 1903 937 1980 sequier
951 1903 1006 1964 ista
1020 1905 1172 1975 sententia,
1188 1906 1273 1981 quod
1293 1906 1386 1965 nullus

332 2010 499 2059 sanctorum
520 1999 558 2058 sit
577 1998 741 2059 laudandus
762 2010 795 2059 nt
815 2018 882 2077 pars
902 2000 1052 2073 ecclesiae,
1067 2001 1123 2061 nisi
1137 2000 1174 2059 de
1194 2014 1312 2080 quanto
1325 2006 1386 2081 ipse

332 2109 448 2157 secutus
469 2096 554 2156 inerit
578 2097 609 2155 in
634 2097 765 2156 moribus
785 2097 883 2175 ipsum
902 2096 1065 2157 Dominum
1084 2098 1188 2177 Jesum
1210 2098 1384 2161 Christum⁸.

332 2194 454 2254 Videtur
467 2193 537 2253 mihi
550 2195 673 2265 secando,
688 2194 769 2270 quod
787 2194 883 2255 nullus
903 2206 1070 2255 sanctorum
1088 2197 1119 2255 in
1132 2197 1230 2257 verbis
1242 2198 1290 2257 vel
1304 2198 1386 2260 sactis

331 2294 368 2352 sit
381 2292 467 2352 laude
484 2293 599 2369 dignus,
614 2292 669 2351 nisi
688 2292 724 2351 de
744 2304 855 2368 quanto
869 2311 887 2352 a
900 2292 1018 2353 Christo
1037 2293 1219 2354 exhauserit⁴
1232 2298 1385 2357 materiam

330 2386 424 2445 laudis
445 2403 522 2445 suae.
563 2384 602 2444 Et
622 2386 733 2445 videtur
752 2385 823 2445 mihi
843 2388 930 2457 lertio,
946 2386 1026 2463 quod
1048 2388 1202 2447 auctoritas
1224 2391 1385 2467 scripturae

332 2504 439 2557 sacrae,
458 2503 533 2562 quae
554 2494 598 2543 est
612 2484 658 2542 lex
680 2483 795 2555 Christi,
810 2484 956 2543 infinitum
976 2484 1091 2544 excedit
1111 2487 1272 2562 quamlibet
1293 2490 1385 2565 scrip·

331 2595 424 2642 turam
439 2583 524 2642 aliam
539 2582 813 2659 quantumcunque⁸
826 2584 1001 2642 autenticam
1016 2584 1232 2660 assignandam.

229 2703 298 2768 ίιιπιχ
371 2681 532 2738 phronesis.
576 2678 722 2738 Subtiliter
750 2691 779 2738 et
806 2672 890 2740 acute
918 2680 1007 2740 infers
1034 2681 1204 2758 multiplicia
1231 2700 1309 2759 quae
1338 2702 1385 2743 se·

169 2745 230 2811 ”llll
244 2746 253 2769 ⁵
267 2744 298 2810 '‘¹''-
330 2790 466 2855 quuntur.
509 2778 585 2837 Cum
600 2779 729 2835 enimes
744 2777 802 2836 fide
817 2779 957 2854 capimus,
972 2779 1053 2855 quod
1067 2779 1148 2838 Deus
1162 2791 1223 2839 erat
1239 2780 1385 2852 Verbum,

331 2877 411 2952 quod
426 2875 544 2953 quidem
559 2876 690 2935 Verbum
705 2893 774 2934 caro
794 2875 903 2935 facturn
918 2886 971 2947 est,
985 2888 1017 2935 ut
1032 2877 1135 2936 dicitur
1154 2877 1301 2954 Johannis
1315 2880 1344 2951 i,
1354 2889 1384 2939 et

330 2975 424 3033 idem⁸
438 2975 578 3045 Verbum,
598 2974 679 3050 quod
700 2984 744 3033 cst
759 2973 891 3034 Christus
908 2974 1003 3052 Jesus,
1017 2975 1127 3034 nedum
1142 2976 1253 3036 infinite
1267 2978 1382 3037 excedit

330 3090 533 3150 quemcunque
552 3072 640 3130 alium
658 3071 810 3132 hominem
830 3073 992 3132 secundum
1012 3072 1199 3145 divinitatem,
1214 3075 1267 3134 sed
1287 3076 1382 3135 nullus

329 3173 401 3230 alins
423 3171 514 3229 homo
535 3181 631 3247 potest
652 3170 705 3229 sibi
727 3170 757 3228 in
771 3171 872 3228 virtute
887 3170 932 3229 vel
950 3171 1043 3247 gratia
1062 3174 1217 3247 coaequari
1239 3191 1296 3232 nec
1318 3176 1382 3233 sine

327 3271 378 3328 illo
399 3280 431 3327 ut
451 3268 532 3327 fonte
552 3268 670 3338 salvari;
700 3286 789 3344 quam
809 3287 909 3326 verum
928 3270 1024 3345 primo
1043 3269 1203 3341 concludis,
1222 3272 1304 3347 quod
1323 3274 1382 3332 sive

328 3379 425 3445 patres
447 3367 519 3443 legis
539 3366 642 3426 veteris
667 3367 725 3424 sive
750 3366 823 3442 legis
847 3368 965 3442 gratiae,
991 3378 1240 3444 quantuncunque
1266 3373 1383 3448 magni·

328 3467 457 3535 ficentur,
473 3484 534 3524 non
548 3476 616 3523 sunt
629 3463 784 3528 laudandi⁷
797 3465 852 3523 nisi
867 3464 904 3523 de
918 3476 1028 3542 quanto
1044 3467 1134 3524 secuti
1156 3465 1262 3526 suerint
1276 3468 1382 3529 Domi·

328 3582 399 3621 num
423 3562 526 3639 Jesnm
551 3563 707 3622 Christum.
754 3562 793 3620 Et
817 3562 886 3621 hinc
910 3563 1033 3622 ecclesia
1054 3575 1153 3623 nostra
1174 3567 1382 3626 rationabiliter

327 3660 415 3719 habet
429 3662 505 3719 hanc
520 3661 771 3732 consuetudinem,
786 3663 867 3739 quod
881 3680 1085 3740 quemcunque
1100 3675 1234 3723 sanctum
1249 3668 1381 3737 oraverit,

327 3777 492 3818 sermonem
517 3760 555 3818 ad
579 3758 727 3818 Christum
751 3758 848 3817 Deum
873 3759 976 3836 dirigit,
1000 3778 1060 3819 non
1086 3763 1123 3820 ad
1144 3762 1224 3820 illurn
1247 3776 1381 3825 sanctum

359 3948 511 4013 ¹sequatur]
524 3947 689 4012 sequitur,ed.
719 3963 738 3995 r.
804 3946 1161 4012 ²tructitemm]smctu0sam.
1174 3951 1208 4000 D.
1273 3953 1381 4018 ’ipsum

327 4014 463 4064 Dominum
481 4016 565 4079 Jesnm
578 3963 718 4077 Christnml
729 4010 854 4061 Christum
871 4022 990 4089 nostrum.
1004 4015 1031 4063 B.
1048 4015 1143 4079 primae
1159 4032 1255 4075 manus,
1272 4019 1311 4068 ed.
1330 4036 1382 4085 pr‚;

325 4080 410 4172 Jesnm
421 4088 541 4135 nostrum,
553 4079 587 4128 D.
744 4077 754 4106 ⁴
770 4077 919 4143 exhauserit]
932 4079 1062 4135 iahamias
1074 4080 1168 4131 ΑΒΕ.
1180 4083 1276 4147 primae
1286 4101 1382 4135 manus

326 4144 579 4259 hqqanqumcqqquqq
589 4143 813 4274 quaemcerdrnqrrreaed.
826 4159 863 4208 pr.
928 4144 1112 4210 'idem]illud‚
1125 4147 1158 4197 D.
1224 4148 1381 4215 'laudandss

351 4225 545 4266 uanrrnre.
695 4245 749 4259 ..
