2864 4836
49 453 149 496 conse
419 423 763 488 TRIALOGUS.
806 516 809 521 Ι

50 605 133 664 quae
157 606 232 666 rogo
256 589 423 658 necessitas,
444 598 476 647 ut
499 587 638 657 astraad
660 597 774 646 motum
798 587 967 647 circularem
990 606 1110 647 suorum

52 687 173 746 orbium
186 686 373 746 deseranttu?
415 686 478 745 Stat
491 686 570 744 enim
585 704 621 745 ex
637 685 790 745 subtilitate
804 686 884 745 orbis
897 695 926 744 et
941 687 1016 757 astri,
1031 685 1112 763 quod

53 785 136 844 orbis
156 803 218 844 non
239 804 292 862 per
311 796 426 843 motum
446 784 629 861 hujusmodi¹
650 783 814 855 laceretu',
837 795 868 842 ut
888 794 968 860 patet
989 784 1026 842 de
1047 802 1112 842 cor·

54 883 179 960 poribus
192 882 419 943 ascendentibus
432 883 462 940 in
477 883 601 953 coelum,
616 893 645 941 et
659 901 695 940 ex
710 882 779 940 dote
798 882 960 942 subtilitatis
980 884 1112 959 corporis

55 980 193 1057 gloriosi3
222 990 272 1040 aut
285 981 370 1058 quale
385 981 593 1040 inconveniens
611 979 694 1051 foret,
709 980 790 1056 quod
810 980 939 1039 medium
961 980 1112 1053 dividatur,

56 1080 133 1139 sicut
146 1086 195 1138 aer
208 1079 342 1139 dividitur
355 1098 409 1157 per
422 1079 535 1139 stellam
549 1089 695 1138 comatam
700 1079 719 1150 ³,
733 1089 762 1137 et
776 1078 955 1138 dividebatur
968 1098 1020 1156 per
1034 1080 1112 1139 illam

57 1178 180 1249 stellam,
194 1196 269 1255 quae
288 1189 346 1237 tres
364 1195 469 1254 magos
488 1177 570 1237 duxit
589 1178 627 1236 ab
645 1178 756 1236 oriente
776 1177 806 1236 in
820 1176 978 1249 Bethleem,
993 1176 1110 1237 Chiisto

58 1277 150 1334 nato?
184 1275 231 1334 Ex
254 1276 353 1335 multis
373 1275 480 1335 talibus
500 1276 612 1334 videtur
633 1275 713 1346 mihi,
735 1275 816 1352 quod
840 1275 1036 1352 periculosum
1058 1285 1113 1346 est,

35 1434 38 1440 ,
59 1375 162 1434 nimis⁴
175 1375 206 1433 in
224 1375 348 1433 somniis
360 1375 441 1434 istius
454 1374 591 1434 scientiae
608 1374 765 1442 immorari,
786 1373 946 1449 specialiter
960 1390 1028 1432 cum
1046 1373 1111 1431 iun-

58 1473 140 1532 datio
153 1472 244 1532 illius⁸
257 1472 395 1532 scientiae
409 1473 445 1532 sit
458 1472 575 1543 incerta,
591 1482 621 1531 et
634 1471 726 1531 fidelis
745 1480 845 1547 posset
858 1471 946 1548 longe
966 1471 1069 1530 melius
1083 1472 1113 1529 in

60 1570 125 1630 aliis
149 1570 292 1630 exercitiis
316 1571 432 1629 animae
456 1571 601 1647 occupari.
643 1568 708 1628 Nec
732 1569 853 1628 dubium
877 1569 948 1646 quin
969 1569 1112 1627 debemus

60 1668 129 1729 Deo
151 1679 322 1746 computum
346 1668 383 1727 de
406 1669 488 1727 omni
512 1669 706 1744 occupatione
728 1667 830 1725 virium
851 1676 881 1725 et
902 1666 1043 1742 temporis
1065 1665 1112 1724 bie

61 1769 93 1827 in
106 1768 161 1827 via

94 1911 365 1979 ¹hujnsmodi]hujns,
376 1912 568 1977 A.B.C.edpr.
699 1909 857 1975 ¹laceretur]
867 1910 1012 1964 laederetur,
1024 1909 1063 1959 ed.
1074 1924 1112 1975 pr.

63 1978 225 2044 'comatam
236 1985 397 2033 commotam,
408 1977 442 2027 1).
584 1975 904 2041 ‘nimis]uimismultum.
916 1975 1062 2026 n.13.c.ed.
1074 1990 1112 2039 pr.

59 2047 70 2079 ⁸
86 2044 167 2111 illius]
177 2060 229 2096 om.
240 2045 280 2095 ed.
291 2059 329 2109 pt.
340 2059 362 2094 c
375 2043 435 2094 ΒΕ.
447 2042 541 2109 primae
551 2058 648 2093 manus.
