2864 4836
10 166 154 573 deff-¹¹·
423 442 762 505 TRIALOGUS.

59 600 124 672 tias,
138 602 219 679 quod
234 613 329 664 textus
351 605 473 681 apostoli
495 604 666 665 contradicit
686 606 819 681 explicite
839 606 893 664 sibi
914 605 970 681 ipsi
990 603 1109 680 quando

60 697 140 771 dicit,
155 703 319 778 ‘praecipio
336 720 397 761 non
417 721 474 780 ego
494 703 547 762 sed
561 703 725 773 Dominus,'
739 703 789 761 ubi
809 702 920 761 videtur
941 703 1111 778 exprimere,

10 825 27 878 ,χ
56 797 143 874 ¹quod
157 799 220 874 ipse
229 801 370 876 praecipit
383 810 411 860 et
425 819 486 859 non
501 802 563 877 ipse
571 801 726 877 praecipit;
749 802 802 859 sed
816 801 886 859 sciat
899 801 963 859 talis
978 799 1112 876 sophisti-

21 912 27 979 ‚'
59 897 134 956 esus
147 915 266 957 sensum
281 898 455 957 catholicum
473 909 502 957 et
521 900 713 974 pertinentem
733 899 889 974 scripturae
908 899 1068 974 imponere,
1084 907 1112 955 et

59 1004 158 1054 cesset
181 1011 199 1053 a
223 1013 276 1053 sua
300 995 385 1054 stulta
405 995 593 1072 blasphemia.
635 995 757 1054 Videtur
779 997 859 1053 enim
881 995 1046 1071 apostolum
1071 996 1112 1054 sic

11 1102 18 1121 ⁴
59 1092 169 1152 sentire
197 1093 228 1150 in
257 1094 311 1152 ista
337 1095 479 1169 scriptura
504 1092 745 1163 Corinthiorum¹,
771 1100 850 1152 ‘non
877 1095 1026 1169 praecipio
1055 1110 1112 1169 ego

10 1126 25 1258 lt
59 1189 264 1266 principaliter,
279 1190 331 1249 sed
346 1190 491 1250 Dominus
511 1191 542 1249 in
563 1191 714 1266 evangelio
736 1190 877 1249 Matthaei
897 1208 1033 1267 expresse
1048 1209 1113 1248 sen-

58 1287 183 1346 tentiam
194 1288 389 1363 supradictam
401 1287 534 1358 declarat,
544 1306 633 1364 quam
643 1289 787 1346 recitative
796 1289 880 1346 vobis
892 1287 1112 1345 commemoro!

59 1384 102 1444 Et
124 1385 166 1445 sic
189 1385 318 1444 tollenda
338 1395 383 1445 est
408 1384 536 1445 secunda
559 1386 728 1461 apparentia
751 1386 968 1460 repugnantiae,
992 1385 1112 1460 quando

60 1482 142 1554 dicit,
165 1484 327 1560 ‘praecipio
352 1501 417 1559 ego,
443 1500 505 1541 non
530 1482 694 1541 Dominus!
740 1480 863 1540 Videtur
887 1483 965 1539 enirn
990 1480 1112 1551 Pseusti,

59 1598 133 1641 cum
147 1581 227 1640 Deus
241 1583 405 1640 necessario
420 1581 480 1657 agit
493 1581 523 1638 in
538 1580 664 1656 qualibet
681 1581 804 1649 actione,
819 1579 899 1654 quod
919 1580 942 1637 si
961 1579 1111 1654 apostolus

60 1678 224 1756 quidquam
253 1679 399 1754 praecipit,
424 1689 493 1736 tunc
521 1689 549 1736 et
574 1676 736 1735 Dominus²
763 1677 932 1751 specialiter,
958 1694 1025 1734 cum
1050 1677 1113 1735 sine

60 1776 214 1854 principali
228 1776 412 1834 auctoritate³
424 1775 545 1833 Domini
563 1792 625 1832 non
642 1774 716 1832 valet
735 1775 910 1849 praeceptio.
954 1773 1036 1832 Patet
1050 1775 1113 1850 qui-

62 1873 186 1933 demes
200 1874 272 1931 serie
286 1874 440 1930 verborum
455 1872 588 1948 apostoli,
603 1868 699 1948 quod⁴
714 1872 844 1941 intendit,
860 1889 890 1929 se
911 1872 941 1928 in
963 1871 1114 1947 evangelio

60 1989 121 2031 suo
141 1970 335 2046 superaddere
355 1988 491 2045 expresse
512 1970 685 2028 sententiam
706 1987 794 2044 quam
811 1968 958 2026 Dominus
978 1969 1009 2026 in
1030 1987 1114 2045 prae-

62 2067 144 2128 dicto
158 2067 309 2143 evangelio
324 2084 385 2125 non
398 2068 545 2142 expressit.
583 2067 641 2125 Sed
656 2068 730 2125 absit
745 2066 861 2124 credere
876 2067 946 2142 quin
961 2066 1111 2142 apostolus

63 2165 258 2235 intendebatl,
272 2165 353 2240 quod
372 2163 518 2222 Dominus
539 2164 733 2240 principaliter
751 2164 914 2239 praecepit⁸
934 2164 1116 2232 sententiam,

62 2281 155 2340 quam
170 2262 320 2338 apostolus
334 2261 381 2321 hic
401 2261 535 2320 inculcat.
577 2261 659 2320 Patet
678 2262 796 2336 quidem
817 2279 853 2319 ex
869 2262 941 2320 serie
961 2261 1116 2319 verborum

63 2361 198 2438 apostoli,
214 2377 281 2419 cum
302 2361 377 2418 bene
398 2360 479 2418 scivit
500 2359 581 2434 quod
602 2360 743 2417 sententia
764 2377 816 2416 sua
830 2376 891 2416 non
905 2359 1012 2417 valeret
1027 2359 1115 2427 aliter,

64 2469 95 2518 et
109 2458 189 2535 quod
204 2459 246 2516 ‘si
260 2459 325 2533 quis
340 2457 472 2532 loquitur,
487 2457 569 2531 quasi
584 2473 735 2514 sermones
749 2455 805 2514 Dei
819 2456 905 2514 debet
923 2456 1035 2532 loqui⁷.'
1078 2455 1116 2514 Et

62 2559 154 2618 istum
179 2554 301 2613 modum
324 2555 462 2630 loquendi
485 2553 587 2611 vellem
609 2551 795 2611 Pharisaeos⁸
817 2565 933 2612 nostros
958 2554 1116 2623 attendere,

64 2655 117 2732 qui
141 2663 250 2729 negant
278 2651 430 2710 infideliter
454 2650 534 2727 quod
558 2649 653 2709 hostia
676 2661 845 2709 consecrata
869 2652 905 2709 sit
929 2652 1022 2726 panis,
1048 2652 1117 2727 quia

65 2751 235 2811 Ambrosius
256 2759 284 2808 et
305 2749 351 2808 alii
373 2748 508 2807 doctores
530 2747 676 2806 videntur⁹
697 2749 802 2819 dicere,
822 2749 903 2824 quod
923 2760 991 2824 post
1011 2766 1116 2807 conse-

65 2850 228 2910 crationem
242 2865 303 2905 non
317 2847 401 2922 panis
420 2846 473 2904 sed
492 2862 597 2921 corpus
611 2845 733 2904 Domini
752 2858 796 2904 est
816 2845 980 2904 dicendum.
1022 2845 1116 2903 Num·

65 2947 138 3024 quid
156 2945 227 3005 tales
245 2943 407 3020 blasphemi
421 2943 520 3001 volunt
539 2961 647 3018 negare
666 2943 754 3001 fidem
775 2944 932 3018 scripturae
948 2942 1072 3019 apostoli
1087 2953 1117 3000 et

65 3044 214 3103 verbum¹⁰
238 3041 344 3101 Christi
368 3051 486 3117 propter
511 3040 656 3099 sinistrum
680 3040 855 3099 intellectum
880 3041 959 3098 verbi
988 3039 1116 3097 doctoris

65 3140 272 3219 apocryphin?
307 3138 443 3214 Intelligit
456 3137 562 3195 enim¹⁹
575 3155 657 3196 more
678 3138 810 3213 apostoli,
826 3138 906 3212 quod
926 3148 994 3212 post
1013 3153 1116 3194 conse·

66 3240 226 3299 crationem
246 3254 307 3295 non
321 3235 515 3311 principaliter
528 3235 581 3293 erit
595 3236 696 3310 panis;
725 3245 754 3292 et
769 3234 840 3292 tales
860 3245 926 3291 sunt
943 3232 1050 3291 multae
1065 3251 1117 3290 ne·

66 3337 179 3414 gativae
194 3352 266 3411 quas
281 3334 311 3392 in
326 3333 465 3408 scriptura
483 3333 591 3407 poteris
605 3332 737 3406 reperire.
781 3330 839 3388 Sed
854 3329 1025 3388 dimittendo
1040 3331 1117 3388 istud

65 3433 178 3492 videtur
191 3432 272 3501 mihi,
285 3430 365 3507 quod
380 3429 530 3505 apostolus
543 3430 574 3486 in
588 3429 787 3504 propositione
807 3446 859 3485 sua
878 3428 1007 3485 secunda
1026 3426 1116 3485 incul-

66 3529 142 3591 cat¹⁸
158 3531 333 3589 sententiam
354 3545 444 3604 quam
457 3527 517 3585 dixi
539 3526 678 3601 superius,
693 3524 773 3601 quod
788 3525 829 3582 ‘si
843 3524 965 3583 infidelis
987 3524 1116 3594 discedit,

67 3628 214 3699 discedat3
244 3644 306 3685 non
327 3635 372 3684 est
392 3625 471 3682 enim
492 3624 616 3682 servituti
638 3622 785 3698 subjectus
807 3621 893 3680 irater
913 3633 962 3680 aut
983 3639 1066 3682 soror
1087 3624 1116 3679 in

101 3815 110 3844 ¹
128 3815 325 3880 Corinthiorum]
338 3813 480 3870 Corinthiis,
493 3813 526 3862 D.
706 3812 716 3840 ²
733 3820 791 3861 tunc
802 3820 826 3861 et
839 3812 974 3877 Dominus]
986 3820 1010 3861 et
1023 3821 1081 3861 tunc
1092 3820 1117 3862 et

69 3881 201 3936 Dominus,
213 3881 252 3930 ed.
264 3897 301 3945 pr.
398 3881 407 3907 ³
424 3877 582 3941 auctoritate]
594 3878 792 3932 auctorisatione,
805 3877 837 3926 D.
937 3877 945 3905 l
962 3877 1040 3940 quod]
1052 3879 1116 3939 quia.

69 3945 163 3995 ΑΒΕ.
176 3946 214 3995 ed.
225 3962 263 4009 pr.
395 3944 405 3972 ⁸
421 3943 575 4005 intendebat]
587 3943 706 3999 intendat,
718 3943 756 3992 ed.
769 3959 805 4006 pr.
952 3943 962 3971 ⁶
980 3942 1116 4017 praecepit]

69 4010 221 4065 intendebat,
234 4011 265 4059 Α.
385 4008 394 4036 ⁷
412 4008 443 4057 ci.
459 4022 468 4056 r
484 4009 548 4057 Petri
558 4009 589 4055 iv.
604 4022 641 4056 11.
749 4009 758 4036 ⁸
776 4005 933 4068 Pharisaeos]
945 4006 1117 4070 philosophos,

69 4077 103 4124 A.
114 4083 139 4124 et
152 4075 180 4123 B.
192 4076 286 4138 primae
297 4090 392 4123 manus.
474 4073 484 4102 ⁹
502 4073 649 4121 Ambrosius
660 4080 685 4121 et
696 4072 738 4120 alii
749 4073 864 4122 doctores
876 4071 998 4134 videntur]
1011 4072 1117 4120 Ambro-

70 4141 122 4189 sius
133 4140 235 4195 videtur.
248 4141 341 4189 A.B.C.
464 4139 482 4168 ¹⁰
499 4137 612 4202 verbum]
625 4138 712 4193 verbis,
723 4138 762 4186 ed.
774 4154 810 4201 pr.
936 4138 954 4166 ¹¹
971 4136 1117 4200 apocryphi]

68 4204 184 4268 ypocrisi,
196 4206 224 4253 B.
292 4206 310 4234 ¹²
327 4203 405 4267 enim]
418 4219 467 4251 om.
480 4203 508 4251 B.
576 4204 595 4232 ¹³
611 4201 729 4265 inculcat]
743 4202 853 4254 includit.
866 4200 958 4250 A.B.C.
970 4201 1007 4250 ed.
1021 4218 1057 4268 pr.

50 4338 53 4342 .
110 4303 291 4348 vultuosus.
581 4304 601 4346 Y

1194 457 1253 525 321
