2864 5242
53 859 134 893 cam
417 836 757 897 TRIALOGUS.

54 998 243 1056 consuetudo
265 1016 325 1056 non
347 1007 442 1074 potest
467 1016 531 1057 esse
557 999 644 1056 virtus
669 1008 719 1057 aut
741 999 850 1057 vitium.
902 990 1131 1073 Verumtamen!

54 1097 233 1173 magnificus
262 1096 349 1154 debet
377 1096 538 1154 secundum
567 1097 752 1172 prudentiam
780 1115 835 1173 pro
863 1097 968 1156 talibus
996 1097 1131 1175 casibus!

53 1211 140 1253 suam
154 1194 339 1269 largitionem
353 1195 473 1270 provide
488 1213 665 1264 mensurare,
680 1195 841 1270 specialiter
860 1212 920 1253 non
940 1193 1111 1307 dando‘his·
1127 1184 1131 1245 l

53 1293 199 1351 trionibus
224 1292 268 1350 vel
292 1292 434 1351 mendicis
459 1292 568 1362 validis,
593 1310 648 1368 pro
673 1311 749 1351 vano
779 1293 898 1350 nomine
923 1291 1131 1375 acquirendo}

54 1387 127 1462 Quo
149 1390 188 1449 ad
209 1390 335 1448 tertram¹
357 1390 467 1461 dicitur,
486 1391 567 1466 quod
588 1391 784 1449 inconstantia
804 1401 833 1449 et
853 1389 1029 1449 flexibilitate
1051 1399 1131 1521 tam(

52 1489 144 1547 virtus
169 1507 259 1564 quam
283 1489 382 1547 vitium
407 1489 560 1550 variantur.
606 1487 722 1547 Partes²
745 1499 843 1546 autem
868 1488 1025 1546 intensivas
1050 1504 1131 1561 non‚

53 1587 154 1645 solum
178 1587 284 1646 horreo
308 1589 338 1644 in
362 1587 512 1645 virtutibus
537 1585 589 1644 sed
613 1586 644 1644 in
670 1586 845 1662 quibuslibet
869 1586 1022 1656 creaturis;
1055 1566 1131 1658 necf

54 1685 154 1745 solum
176 1684 291 1755 horre0,
314 1684 366 1743 sed
387 1686 519 1761 quamvis
539 1686 569 1742 in
589 1686 737 1760 juventute
758 1702 825 1742 mea
845 1685 922 1741 circa
942 1684 1027 1741 istam
1049 1700 1111 1740 ma·
1128 1748 1131 1771 .

54 1785 159 1842 teriam
181 1783 320 1842 sollicitus
341 1783 477 1853 sueram³,
497 1783 588 1841 modo
607 1784 705 1840 t'amen
725 1800 787 1840 non
806 1781 943 1857 intelligo.
986 1779 1131 1851 Habitus!

54 1891 156 1940 autem
178 1898 240 1939 non
260 1882 405 1940 variantru
426 1881 462 1939 de
482 1882 583 1938 virtute
605 1881 634 1937 in
654 1881 763 1950 vitium,
782 1899 848 1938 cum
871 1880 928 1937 sint
949 1880 1131 1955 specierum

55 1980 227 2056 disparium,
243 1980 295 2038 sed
314 1977 468 2056 subjectum,
488 1978 594 2038 scilicet
614 1988 645 2036 ut
663 1996 739 2036 unus
758 1977 858 2046 homo,
874 1978 924 2052 qui
944 1977 1056 2034 solebat
1075 1976 1112 2034 de
1129 1980 1131 2005 ²

56 2078 146 2136 bonis
168 2075 300 2136 fortunae
321 2076 418 2153 largiri
438 2077 597 2159 prudenter
617 2077 786 2151 agentibus⁴
807 2077 941 2145 virtuose,
961 2076 1131 2133 assistente

55 2176 198 2253 pauperie
216 2185 244 2233 et
264 2186 359 2233 stante
378 2174 539 2250 improvida
558 2175 770 2233 consuetudine
789 2174 907 2250 largitur
927 2171 1113 2247 prodigaliter
1129 2158 1132 2193 ¹

54 2275 94 2333 de
123 2273 211 2332 bonis
239 2291 314 2349 quae
343 2273 396 2331 sibi
424 2273 588 2343 adveniunt,
618 2290 679 2330 non
707 2271 869 2330 secundum
894 2270 1035 2339 virtutem,
1061 2269 1111 2328 sed

56 2371 221 2431 secundum
240 2371 491 2441 consuetudinem,
511 2388 587 2446 quae
606 2388 685 2429 nunc
705 2387 766 2428 non
786 2367 940 2446 prudentia
958 2367 1110 2443 regulatur.
1128 2388 1131 2454 ᾗ

57 2469 117 2530 Sed
131 2469 236 2546 procul
250 2469 304 2527 ista
318 2469 431 2544 largitio
446 2486 463 2527 a
477 2469 587 2526 virtute.
1129 2479 1131 2483 ’

507 2912 602 2972 CAP.
624 2912 662 2972 Il.

216 3076 261 3134 De
272 3084 377 3135 natura
391 3085 417 3134 el
428 3079 536 3153 origine
549 3080 694 3147 virtutum,
705 3078 871 3153 praesertim
877 3076 956 3153 fidei.

96 3226 219 3285 Alitheiz.
264 3224 427 3284 Considero
446 3227 477 3284 in
497 3235 587 3301 parte,
608 3225 694 3283 frater
712 3226 753 3283 mi
773 3223 938 3295 Phronesis‚
957 3223 1109 3300 quomodo

55 3325 201 3384 sententia
220 3325 275 3382 ista
296 3325 332 3382 sit
352 3323 474 3381 multum
490 3322 655 3399 probabilis.
700 3321 759 3381 Sed
780 3331 878 3381 tamen
899 3324 930 3380 in
949 3322 1007 3381 hoc
1029 3322 1110 3399 quod
1127 3304 1130 3407 l

54 3424 154 3501 ponis,
169 3439 274 3479 omnes
289 3422 407 3479 virtutes
422 3422 546 3479 morales
561 3421 706 3480 intellectu
722 3439 756 3479 ac
768 3419 930 3478 voluntate⁵
941 3422 1109 3490 consistere,
1127 3411 1130 3509 l

54 3523 146 3579 miror
171 3520 303 3588 multum,
328 3536 395 3577 cum
423 3519 584 3577 secundum
608 3518 798 3576 Ατιᾏνιοίιίινιιο
821 3521 956 3594 appetitus
982 3518 1134 3577 hominis

55 3619 220 3686 sensitivus,
234 3617 284 3693 qui
300 3616 403 3674 dicitur
417 3617 572 3685 rationalis,
588 3615 750 3674 secundum
764 3617 1017 3691 participationem
1032 3615 1109 3674 vide-

53 3729 100 3774 tur
119 3716 281 3790 subjectare
300 3732 404 3773 omnes
418 3714 471 3772 has
490 3715 607 3772 virtutes
621 3725 735 3790 praeter
750 3714 898 3790 justitiam,
914 3730 989 3788 quae
1008 3713 1110 3771 dicitur

53 3817 85 3874 in
100 3815 234 3873 intellectu
248 3813 375 3872 hominis
390 3814 551 3890 subjectari.

93 3913 258 3971 phronesis.
299 3911 424 3988 Oportet
438 3929 494 3969 nos
508 3910 692 3970 considerare
706 3928 809 3987 parum
823 3909 908 3969 altius
921 3909 1109 3968 tamvirtutes
1143 3920 1300 3996 32223233531„

54 4029 144 4089 quam
159 4011 234 4079 vitia,
249 4027 338 4086 quarn
357 4009 548 4085 philosophus
567 4009 620 4067 iste
639 4008 730 4068 fecitt
769 4006 891 4084 Jusaau
910 4008 1028 4084 quidem
1047 4026 1109 4066 non
1142 4002 1247 4080 2333&

55 4109 153 4168 solum
172 4109 380 4166 commutativa
392 4105 444 4164 vel
464 4106 641 4164 distributiva
660 4106 713 4164 sed
732 4107 863 4164 servitiva
882 4105 968 4164 debet
987 4106 1109 4182 dirigere

55 4224 112 4266 nos
133 4206 171 4265 ad
185 4205 291 4265 Deum.
334 4204 413 4264 Nam
435 4206 528 4281 prima
546 4215 575 4264 et
597 4203 763 4280 principalis
784 4223 851 4281 pars
869 4205 996 4281 justitiae
1011 4214 1066 4264 stat
1079 4205 1110 4262 in

89 4430 98 4460 ¹
115 4425 227 4491 tertiam]
241 4425 339 4475 tertiam
350 4423 500 4477 instantiam.
510 4422 604 4473 A.B.C.
616 4422 654 4472 cd.
666 4438 703 4487 pr.
803 4421 814 4451 ¹
829 4423 922 4487 partes]
933 4435 1013 4486 pares,
1024 4420 1063 4470 cd.
1074 4436 1111 4485 pr.

54 4493 64 4524 ⁸
82 4491 190 4556 ineram]
203 4491 279 4546 luero,
292 4491 325 4538 D.
423 4489 433 4517 ⁴
449 4487 594 4601 agentibus}
603 4488 740 4552 egentibus.
752 4487 817 4538 C.D.
828 4487 868 4537 ed.
880 4503 917 4552 pr.
1015 4486 1026 4516 ⁸
1041 4485 1112 4536 intel-

58 4559 124 4609 lectu
136 4573 165 4607 ac
177 4555 317 4619 voluntate]
329 4555 354 4603 in
366 4554 491 4604 intellectu
503 4553 541 4602 vel
553 4570 584 4603 vo
595 4560 688 4608 notate.
700 4553 793 4603 A.B.C.
805 4553 843 4603 ed.
854 4568 892 4616 pr.
990 4551 1001 4581 ⁸
1018 4552 1113 4601 Aristo-

57 4623 145 4687 telem]
160 4620 320 4671 Aristotelem
333 4620 357 4669 ll
368 4620 456 4673 Ethic..
469 4618 507 4669 ed.
519 4634 556 4683 pr.
659 4617 669 4646 '
685 4617 755 4682 lecit]
767 4617 865 4675 lecerat,
877 4617 970 4668 nuc,
983 4617 1021 4668 ed.
1034 4633 1070 4682 pr.

556 4718 609 4760 xa
