2864 4836
82 450 164 487 cuna.
446 426 787 489 TRIALOGUS.

84 587 177 660 Deus,
193 598 222 647 et
243 605 305 646 non
326 587 399 646 foret
419 588 560 676 ydearum
577 589 732 661 distinctio,
753 593 806 652 sed
823 592 932 654 sorent¹
953 593 1002 653 Dii
1023 596 1134 655 infiniti.

84 685 129 744 Illi
160 697 258 745 autem
285 686 337 761 qui
361 685 529 762 *loquuntur
557 687 722 760 formaliter,
756 690 830 749 sicut
858 692 977 768 perfecti
1004 693 1135 768 philoso-

84 785 145 862 phi,
164 785 235 843 satis
256 784 426 861 concipiunt
447 785 664 845 distinctionem
685 786 836 848 formalem
858 789 1026 865 hujusmodi
1047 791 1135 867 idea·

83 901 157 942 rum
211 882 278 941 Alia
309 881 414 959 (inquit
438 881 627 962 Augustinus)
656 884 717 943 est²
744 887 827 956 ratio,
855 887 1017 947 secundum
1046 906 1135 965 quam

81 980 169 1040 Deus
184 980 320 1057 producit
338 991 426 1056 atque
440 981 571 1056 intelligit
589 982 687 1058 ipsum
705 983 866 1055 hominem,
880 996 910 1044 et
928 986 985 1045 alia
1003 996 1047 1045 est
1061 988 1134 1046 ratio

83 1079 247 1138 secundum
262 1096 351 1155 quam
365 1077 497 1155 intelligit
516 1080 639 1150 asinum,
659 1082 796 1158 eoquod
816 1083 897 1142 Deus
917 1085 1049 1162 intelligit
1069 1085 1136 1143 talia

82 1176 272 1252 intelligibilia
284 1186 317 1236 ut
331 1193 362 1234 se
377 1175 494 1248 habent,
509 1177 561 1234 sed
575 1177 657 1236 aliter
671 1197 703 1238 se
717 1179 826 1240 habent
840 1182 887 1240 illa
900 1183 1051 1259 producta,
1063 1201 1134 1259 ergo

83 1287 152 1336 sunt
184 1275 265 1334 aliter
291 1273 487 1350 intelligibilia,
515 1287 544 1333 et
572 1294 624 1352 per
651 1294 837 1354 consequens
870 1280 951 1339 aliter
982 1281 1134 1340 intellecta

83 1373 121 1432 Et
135 1373 203 1432 ideo
217 1372 287 1432 dicit
300 1371 412 1432 subtilis
430 1371 625 1448 Evangelista,
641 1375 781 1452 detegens
801 1379 1025 1453 productionem
1039 1398 1134 1439 rerum

83 1472 121 1531 ad
135 1482 225 1542 extra,
237 1471 335 1548 ‘quod
350 1470 525 1541 factumest,
541 1472 641 1547 inquit,
656 1474 765 1551 inipso
779 1477 837 1535 vita
855 1476 947 1535 erat⁸.'
990 1476 1070 1535 Nam
1080 1478 1134 1535 im·

84 1569 222 1647 possibile
244 1579 287 1628 est
301 1568 400 1627 Deum
422 1568 584 1646 quidquam
605 1569 709 1642 iacere,
730 1574 786 1631 nisi
807 1573 877 1633 illud
898 1575 1038 1650 intelligat
1045 1593 1053 1646 ;
1068 1584 1098 1633 et
1112 1573 1136 1632 si

82 1668 153 1727 illud
167 1667 305 1743 intelligit,
320 1666 389 1725 illud
403 1665 490 1726 habet
504 1669 647 1726 rationem
666 1671 850 1745 objectivam,
865 1672 1026 1731 secundum
1044 1689 1134 1749 quam

82 1767 219 1826 terminat
230 1766 644 1825 intellectivitatem⁴divinam
684 1765 742 1826 Sed
753 1770 902 1842 videamus
913 1769 984 1845 quid
995 1770 1133 1827 essentia-

82 1865 147 1924 liter
160 1865 196 1923 sit
210 1864 280 1923 illud
294 1863 456 1923 secundum
475 1882 541 1923 esse
561 1865 697 1940 primum,
712 1865 794 1941 quod
808 1866 895 1924 habet
909 1884 1051 1925 coaevum
1066 1883 1133 1924 cum

82 1963 278 2022 intellectione
299 1962 404 2032 divina,
426 1971 455 2020 et
475 1953 537 2021 non
558 1963 701 2020 invenitur
722 1964 777 2021 nisi
795 1964 907 2022 realiter
928 1965 1049 2023 verbum
1068 1964 1133 2034 Dei,

80 2060 166 2138 quod
186 2060 286 2119 dicitl:
318 2059 402 2136 ‘Ego
417 2078 483 2119 sum
502 2061 556 2131 via,
571 2061 683 2130 veritas,
698 2071 727 2119 et
740 2060 815 2120 vita!
859 2061 933 2121 ldeo
954 2080 1044 2120 omne
1065 2079 1133 2138 pro·

82 2159 203 2241 ductum
222 2159 261 2218 ad
279 2169 368 2229 extra,
387 2168 432 2218 est
450 2159 614 2218 necessario
634 2169 663 2218 et
681 2177 774 2236 aeque
794 2161 898 2235 primo,
918 2163 992 2220 sicut
1011 2162 1132 2219 verbum

82 2258 179 2335 ipsum
194 2257 334 2334 intelligit,
350 2252 418 2315 sua‘
428 2258 493 2315 vita
536 2256 705 2332 Ignorantia
715 2268 813 2316 autem
824 2257 911 2336 hujus
921 2257 1132 2334 Metaphisicae

81 2368 112 2416 et
124 2357 275 2415 veritatum
290 2354 457 2433 hujusmodi
471 2365 653 2414 aeternarum
672 2365 728 2414 stat
746 2356 906 2416 radicaliter
919 2358 949 2415 in
968 2357 1133 2433 ignorantia
1198 2404 1200 2408 a

82 2456 189 2513 artium
210 2454 454 2524 sermocinalium,
470 2453 578 2512 scilicet
598 2455 789 2528 grammatica
808 2464 837 2513 et
855 2454 1013 2514 dialectica
1055 2454 1131 2526 Quis
1224 2457 1248 2496 ι·
1273 2456 1296 2482 ⁸‘

81 2555 161 2611 enim
186 2552 342 2628 rectilogus
367 2560 486 2627 negaret
509 2550 587 2610 hanc
614 2553 863 2627 consequentiam,
889 2550 971 2611 Deus
998 2552 1131 2629 intelligit
1178 2538 1189 2563 ⁰
1237 2553 1242 2566 '

80 2651 148 2721 hoc,
164 2669 234 2728 ergo
250 2651 307 2709 hoc
321 2660 366 2709 est
380 2649 556 2709 intellectum
575 2668 593 2708 a
606 2649 693 2708 Deo?
736 2649 795 2709 Sed
808 2650 845 2709 de
864 2667 1038 2726 quacunque
1052 2667 1130 2708 crea-

79 2760 145 2808 tura
164 2751 286 2825 signata,
301 2747 478 2807 antecedens
497 2758 541 2805 est
560 2747 692 2806 absolute
706 2748 903 2807 necessarium
922 2757 951 2806 et
970 2756 1129 2818 aeternum,

79 2866 153 2923 ergo
169 2859 198 2906 et
211 2864 405 2923 consequens
453 2845 512 2905 Sed
526 2846 591 2922 quis
609 2846 816 2922 grammaticus
830 2845 888 2904 hoc
905 2855 1033 2921 negaret,
1049 2847 1129 2922 quin,

80 2949 106 3004 si
121 2944 179 3005 hoc
193 2947 229 3005 sit
242 2945 418 3004 intellectum
433 2962 451 3002 a
464 2943 540 3015 De0,
554 2942 627 3002 haec
647 2953 691 3001 est
705 2961 752 3001 res
770 2942 931 3002 intellecta⁷
944 2953 973 3002 et
992 2961 1045 3019 per
1058 2960 1130 3001 con·

80 3062 208 3120 sequens
227 3043 300 3103 haec
321 3053 366 3102 est
385 3060 431 3102 res
452 3042 557 3118 aliqua,
577 3039 666 3100 sicut⁸
687 3040 888 3100 antecedentia
909 3052 977 3100 sunt
997 3040 1129 3100 absolute

81 3143 255 3212 necessaria,
281 3143 323 3200 sic
345 3151 375 3200 et
397 3140 607 3216 consequentia
631 3158 668 3198 ex
696 3138 750 3199 illis
772 3138 857 3197 illata.
901 3138 960 3198 Sed
983 3156 1058 3215 quae
1084 3155 1130 3196 res

81 3240 214 3300 absolute
229 3240 393 3298 necessaria
408 3238 484 3297 soret
494 3237 577 3308 haec,
592 3238 790 3296 demonstrata
801 3255 976 3313 quacunque
990 3247 1129 3304 creatura,

79 3339 137 3397 nisi
152 3339 236 3397 luerit
250 3339 344 3415 pn'ma
356 3338 433 3395 vita?
474 3336 513 3394 Et
526 3347 668 3412 quantum
682 3335 721 3393 ad
736 3335 922 3410 syllogismos
936 3335 1130 3411 expositorios

80 3449 110 3496 et
124 3437 195 3495 alias
208 3437 359 3494 instantias
376 3435 500 3510 pueriles
515 3434 544 3491 in
559 3435 614 3492 ista
627 3433 756 3502 materia,
771 3417 887 3508 oportet
906 3431 1129 3489 intromittentes
1186 3431 1193 3447 '

77 3553 111 3594 se
127 3552 191 3594 esse
205 3535 361 3593 instructos
374 3535 405 3591 in
419 3542 499 3591 recta
512 3531 702 3608 grammatica
716 3539 745 3588 et
759 3529 855 3587 subtili
869 3529 974 3604 logica.
1023 3526 1128 3586 Gram-

79 3634 177 3691 matici
192 3632 310 3709 quidem
324 3642 446 3708 ponunt,
461 3630 542 3707 quod
560 3628 736 3706 pronomina
755 3626 920 3702 significant
938 3626 1128 3684 substantiam

79 3749 201 3801 meram,
226 3731 284 3789 hoc
309 3741 352 3788 est
375 3729 503 3788 divinam
527 3727 692 3797 essentiam,
717 3725 877 3786 secundum
902 3725 1046 3783 rationem
1070 3742 1130 3800 qua

81 3828 215 3906 intelligit
229 3828 422 3904 significatum
442 3826 625 3903 pronominis
644 3825 689 3884 vel
707 3824 844 3884 nominis.
888 3822 1019 3882 Nomina
1032 3833 1129 3881 autern

112 4026 229 4090 ¹lorent]
242 4026 281 4075 ed.
292 4041 329 4091 pr.
395 4023 471 4088 Ἢ]
484 4023 618 4086 inquitest.
631 4023 662 4070 A.
722 4020 793 4068 Ἐν.
827 4019 868 4067 oh.
885 4019 901 4068 i.
920 4033 943 4081 3,
960 4034 984 4082 4.
1034 4017 1130 4067 ‘intel-

79 4091 251 4185 lectivitalemJ
268 4089 501 4155 intelligibilitatern,
518 4089 556 4137 ed.
574 4103 611 4152 pr.
728 4086 737 4114 ⁵
753 4085 812 4133 dicit
837 4085 904 4140 dicit,
916 4084 972 4149 Joh.
984 4101 1023 4133 xv.
1036 4084 1129 4134 A.B.C.

78 4159 117 4209 ed.
131 4175 167 4223 pr.
267 4157 322 4221 sua]
335 4157 395 4220 ipsa,
408 4156 444 4210 B..
457 4155 487 4204 C.
500 4154 592 4218 primae
603 4167 698 4207 manus,
709 4151 747 4200 ed.
779 4167 797 4198 r.
873 4149 1035 4214 'intellecta]
1059 4149 1128 4200 intel·

76 4225 143 4274 lecta
154 4239 169 4272 a
182 4223 246 4278 Deo,
259 4223 350 4271 A.B.C.
362 4221 400 4271 ed.
413 4236 448 4284 pr.
510 4220 519 4248 ³
536 4219 609 4282 sicot]
622 4218 684 4266 sicut
696 4224 728 4270 et,
772 4253 778 4263 .
790 4231 826 4279 pr.
