2864 4836
57 423 157 468 cas.»
422 402 762 465 TRIALOGUS.

56 578 134 640 ergo
154 563 224 634 dico
244 565 305 636 tibi,
320 565 402 643 quod
424 565 557 625 Christus
577 565 630 625 fuit
650 566 774 624 univoce
795 565 969 626 homocum
990 565 1119 642 quolibet
1152 587 1288 663 mmm

56 658 119 721 elio
134 660 224 720 fratre
244 681 308 733 suo,
323 673 352 721 et
369 681 423 740 per
441 681 627 739 consequens
647 664 791 722 inlinitum
810 664 913 722 melior
928 663 1010 721 Deus
1030 681 1119 739 quam
1209 649 1216 664 ’

57 757 165 829 bomo,
179 771 209 819 et
223 761 264 819 ita
277 779 345 820 cum
360 761 406 819 isse
425 761 517 820 homo
536 762 739 838 contingenter
758 763 795 820 sit
814 761 915 832 homo,
930 762 997 819 licet
1016 761 1119 819 huma-

58 857 139 916 nitas
160 874 213 916 sua
234 877 296 916 non
317 859 353 917 sit
374 858 511 918 accidens
526 859 610 918 alicui
625 869 654 918 et
671 860 783 918 ratione
805 859 869 918 talis
891 861 1118 941 contingentiae,

58 952 151 1015 sicut¹
165 955 346 1032 sophismata
359 967 410 1015 tua
431 956 467 1016 de
488 955 595 1015 Christi
616 956 794 1016 humanitate
809 957 941 1016 videntur
963 957 1116 1030 innuere²;

59 1068 124 1111 non
148 1062 248 1111 tamen
272 1054 383 1112 videtur
407 1054 478 1112 milri
502 1055 583 1130 quod
607 1056 636 1112 in
657 1055 827 1114 melioritate
847 1055 978 1114 humana
999 1057 1120 1114 creverit

60 1151 234 1221 successive,
249 1152 302 1210 sed
322 1169 377 1228 pro
398 1154 493 1229 primo
515 1153 633 1210 instanti
647 1170 716 1211 suae
731 1154 939 1212 incarnationis
953 1152 1006 1211 fuit
1027 1172 1119 1230 aeque

59 1246 282 1318 bonushomo,
305 1249 378 1308 sicut
399 1249 501 1326 aliquis
523 1249 629 1308 homo⁸
649 1261 751 1327 posset
771 1268 846 1309 esse.
887 1250 926 1309 Et
947 1252 989 1310 sic
1008 1253 1120 1310 ratione

59 1345 182 1404 unionis
198 1344 397 1422 hypostaticae
419 1357 448 1405 et
468 1347 581 1405 ratione
602 1347 791 1425 plenitudinis
805 1349 941 1405 virtutum
961 1358 990 1407 et
1010 1351 1120 1424 gratiae

60 1443 175 1503 videtur
195 1443 275 1516 mihi,
290 1444 371 1521 quod
391 1455 461 1504 tunc
482 1445 536 1505 fuit
556 1463 649 1522 aeque
670 1447 766 1504 bonus
788 1445 879 1504 homo
901 1446 975 1505 sicut
990 1465 1120 1524 unquam

58 1541 261 1618 postmodum,
285 1553 545 1621 quantumcunque
571 1543 726 1621 profecerit
747 1543 791 1601 vel
817 1543 937 1602 creverit
957 1544 988 1601 in
1009 1545 1120 1603 virtute.

60 1639 188 1700 Videtiu
204 1650 303 1699 tamen
320 1640 399 1712 mihi,
422 1641 503 1717 quod
524 1659 542 1699 a
562 1642 658 1718 primo
680 1642 798 1699 instanti
820 1659 889 1701 suae
912 1642 1120 1701 incarnationis

61 1736 201 1797 inclusive
214 1755 308 1814 usque
323 1738 361 1797 ad
375 1739 487 1797 instans
501 1739 602 1798 mortis
616 1757 695 1808 suae,
710 1740 814 1797 meruit
828 1739 881 1797 sibi
896 1749 925 1797 et
939 1756 993 1797 suo
1008 1740 1117 1815 generi,

60 1834 148 1895 etsie
162 1834 334 1912 proficiebat
354 1845 447 1895 aetate
469 1846 498 1894 et
518 1836 660 1912 sapientia
681 1852 781 1893 coram
796 1834 862 1893 Deo
884 1845 913 1892 et
927 1832 1119 1907 hominibus⁴,

60 1951 125 1994 non
139 1934 235 1994 solum
249 1935 310 1994 suis
324 1933 467 2004 iratribus,
482 1935 637 1994 sedetiam
652 1934 706 1993 sibi
721 1935 785 2011 ipsi,
802 1952 869 1992 cum
884 1934 1034 2009 apostolus
1050 1934 1121 1993 dicit

62 2030 103 2092 ad
124 2030 250 2109 Philipp.
272 2033 309 2104 ii,
333 2033 414 2110 quod
438 2033 571 2093 Christus
600 2032 692 2092 sactus
717 2043 762 2091 est
790 2032 934 2091 obediens
960 2050 1055 2108 usque
1083 2032 1121 2091 ad

62 2139 190 2189 mortem
200 2139 255 2189 etc.
298 2129 370 2189 Non
383 2141 482 2190 mmen
497 2131 635 2207 intelligo,
649 2131 730 2206 quod
745 2140 842 2207 partes
856 2131 1061 2207 quantitativae
1075 2128 1123 2187 vel

61 2229 222 2302 intensivae
232 2229 326 2290 meriti
336 2228 444 2288 Christi
454 2230 639 2305 quaesierunt
650 2230 704 2287 sibi
715 2229 882 2288 humanitus
893 2238 990 2306 partes
1000 2229 1122 2306 praemii

60 2325 108 2384 vel
129 2325 238 2402 gaudii,
259 2326 312 2385 sed
336 2328 474 2386 continue
495 2337 589 2385 toturn
610 2326 750 2403 gaudium
771 2337 945 2386 meruerunt.
989 2325 1054 2385 Nec
1075 2338 1120 2385 est

61 2424 146 2483 color
169 2423 250 2500 quod
274 2434 344 2484 tunc
370 2425 505 2483 meritum
531 2424 637 2483 Christi
662 2424 818 2500 superfluit,
845 2443 913 2484 cum
936 2443 1058 2484 necesse
1085 2426 1122 2485 sit

61 2520 213 2585 Christum
240 2533 334 2581 totum
363 2524 498 2582 meritum
526 2540 612 2582 suum
637 2521 838 2598 complevisse.
881 2522 1024 2582 Concedo
1049 2540 1121 2599 ergo

62 2621 124 2692 tibi,
147 2619 227 2697 quod
249 2620 382 2680 Christus
406 2631 450 2679 est
473 2631 586 2679 tantum
609 2620 689 2678 finite
713 2621 810 2678 bonus
832 2619 932 2691 homo,
953 2621 1015 2678 imo
1039 2620 1121 2696 quod

62 2728 163 2778 totum
190 2737 285 2797 genus
313 2737 398 2778 suum
425 2729 470 2777 est
494 2720 559 2795 ipso
583 2719 694 2787 melius,
719 2729 919 2777 verumtamen
943 2736 1120 2796 quocunque

61 2814 184 2876 homine
198 2817 322 2892 signato,
334 2817 384 2893 qui
398 2832 460 2873 non
474 2815 614 2874 estmulti
628 2814 771 2874 homines.
814 2816 852 2874 Et
866 2817 908 2875 sic
923 2816 960 2875 de
974 2815 1119 2893 angelis⁵z

62 2912 198 2974 Christus
211 2925 255 2973 est
264 2914 430 2972 humanitus
445 2914 547 2972 melior
558 2932 648 2989 quarn
662 2913 764 2989 aliquis
779 2914 948 2974 eorundem.
991 2914 1030 2972 Et
1043 2916 1119 2973 bene

62 3011 180 3084 novisti,
193 3011 274 3089 quod
289 3011 396 3088 duplex
411 3022 456 3069 est
469 3011 584 3069 bonitas
598 3011 734 3080 hominis,
750 3011 857 3070 scilicet
876 3013 991 3070 bonitas
1009 3013 1119 3088 gratiae

62 3110 109 3169 vel
137 3120 272 3182 naturae;
308 3119 449 3186 quantum
478 3110 517 3168 ad
544 3109 706 3167 bonitatem
734 3110 851 3184 gratiae,
882 3109 1014 3168 Christus
1038 3109 1120 3168 Deus

63 3207 181 3268 excedit
208 3207 367 3284 quamlibet
391 3207 478 3266 aliam
504 3216 683 3278 creaturam;
715 3206 794 3264 unde
821 3207 984 3266 secuudum
1013 3208 1120 3266 modos

62 3304 204 3383 loquendi
224 3315 393 3364 sanctorum
414 3305 565 3381 quodlibet
586 3304 751 3362 membrum
773 3302 879 3362 Christi
901 3305 1006 3379 accipit
1028 3304 1119 3362 modo

63 3402 160 3461 subtili
175 3413 261 3479 atque
276 3403 399 3460 mirabili
419 3419 529 3459 nomen
548 3419 642 3470 suum,
656 3410 689 3458 ut
707 3400 827 3475 quilibet
846 3400 909 3458 talis
923 3418 990 3458 vere
1010 3401 1121 3459 dicatur

64 3499 209 3561 Christus.
253 3499 312 3558 Sed
340 3500 378 3559 ad
407 3499 569 3558 tollendum
598 3508 662 3555 tuas
691 3498 841 3555 instantias
865 3497 1014 3574 intellige⁶‚
1040 3500 1121 3575 quod

65 3597 200 3658 Christus
215 3608 259 3656 est
273 3616 385 3657 nomen
398 3597 612 3675 appellativum,
628 3613 663 3653 ac
677 3596 701 3652 si
717 3595 912 3654 intenderetur
926 3597 1007 3671 quod
1022 3599 1121 3657 omnia

65 3695 200 3754 membra
223 3694 330 3754 Christi
353 3706 500 3771 ungantur
521 3693 613 3769 gratia
635 3692 687 3750 ex'
712 3693 890 3768 plenitudine
915 3694 1001 3770 hujus
1025 3693 1121 3754 fontis.

67 3792 143 3852 Ideo
167 3793 237 3853 dicit
261 3792 413 3871 Johannes
438 3794 468 3851 in
491 3791 634 3868 principio
660 3792 704 3850 sui
725 3792 874 3867 evangelii,
899 3792 980 3869 quod
1002 3794 1038 3850 de
1059 3793 1122 3868 ejus

101 3988 109 4018 ¹
126 3987 201 4052 sicut]
214 3995 279 4044 srmt,
291 3987 329 4037 ed.
341 4003 378 4053 pr.
477 3987 486 4015 ²
503 3987 616 4036 videntur
628 3986 740 4049 inuuere]
753 4001 802 4034 orn.
815 3987 853 4034 ed.
866 4002 902 4051 pr.
1007 3989 1015 4015 ³
1033 3987 1122 4051 homo]

68 4067 121 4102 om.
134 4052 168 4102 D.
283 4050 294 4081 ⁴
311 4053 342 4102 ci.
352 4055 411 4102 Luc.
423 4052 448 4102 ii.
462 4065 502 4116 5²·
628 4051 638 4079 ⁵
653 4051 695 4114 de]
710 4067 759 4099 orn.
771 4051 836 4100 D.C.
848 4053 949 4116 primae,
962 4051 990 4100 B.
1003 4054 1124 4102 secundae

68 4133 165 4167 manus.
305 4119 315 4146 ⁸
332 4118 453 4182 intellige]
473 4117 592 4181 intelligo.
613 4117 672 4166 B.C.
815 4116 882 4180 ἐκ]
903 4126 935 4173 et,
957 4116 985 4166 B.
1004 4118 1124 4167 secundae

70 4198 166 4232 manus.
