2864 4836
498 439 756 519 Jorrvrvrs
798 442 1033 505 mem·
1218 471 1291 509 mr.

234 611 290 663 nec
311 602 407 662 adhuc
428 601 513 662 video
533 603 794 664 contradictionem
815 604 925 665 claram
944 624 988 666 ex
1010 609 1138 669 ratione
1158 610 1243 668 vivaci
1254 607 1288 666 rei

235 702 383 777 scriptura,
403 701 555 778 quomodo
576 702 806 762 contradicerem
819 704 915 762 verbis
935 705 1008 765 tuis.
1056 706 1124 767 Sed
1145 707 1287 786 mpporito.

234 799 315 876 quod
329 800 462 877 episcopi
477 799 575 859 orent¹
590 817 645 877 pro
658 801 820 878 baptisatis,
830 813 863 861 ut
875 802 907 888 in
921 805 1111 880 acceptione
1127 805 1227 865 Scnoti
1236 802 1287 880 Str}

235 900 304 959 ritus
332 897 548 968 confirmentur,
573 908 602 957 et
630 908 782 976 apponant
808 899 893 976 signa
922 901 1084 962 sensibilia
1119 903 1215 962 modo
1239 916 1286 978 qu

234 995 351 1065 iaciunt,
373 1013 435 1055 non
455 996 541 1055 video
565 995 634 1073 quin
660 996 817 1056 conficiant
838 995 897 1056 hoc
918 998 1046 1057 tertium
1069 1009 1285 1066 namra.

233 1095 386 1170 supposito
410 1093 491 1170 quod
518 1094 564 1152 ille
592 1094 658 1153 finis
685 1096 807 1165 eveniat,
834 1096 909 1154 sicut
936 1095 969 1153 in
998 1099 1121 1159 sanctis
1150 1094 1285 1176 apostdk'

233 1193 414 1267 sequebatur,
435 1190 516 1268 quod
534 1192 591 1251 sia
609 1192 667 1250 fine
685 1191 887 1269 apostolorum
907 1192 1063 1265 deficiant,
1079 1213 1148 1255 non
1167 1196 1285 1255 vineoe

232 1289 291 1348 hoc
304 1300 393 1360 textu,
412 1288 564 1366 quomodo
584 1289 793 1350 confirmant⁸..
822 1288 954 1363 Quando
975 1302 1086 1353 autem
1100 1296 1145 1354 ab
1159 1295 1216 1355 isto
1228 1293 1286 1353 defi

233 1387 313 1445 ciunt
333 1396 362 1446 et
382 1386 503 1463 quando
522 1387 613 1447 finem
637 1388 724 1447 istum
744 1387 912 1465 sttingrmt‘,
933 1386 1055 1449 videbar
1076 1409 1194 1452 vanum
1215 1391 1286 1451 nobit

232 1483 383 1543 discutere.

273 1581 398 1658 Oportet
416 1592 514 1642 tamen
533 1600 589 1643 nos
608 1583 650 1643 sic
668 1582 734 1643 laxe
747 1582 827 1660 loqui
846 1583 884 1644 de
902 1591 1092 1659 emanente,
1108 1605 1184 1648 cum
1198 1587 1285 1647 Petrus

231 1690 260 1738 et
274 1677 425 1757 johannes
438 1680 647 1741 ascenderunt³
656 1681 687 1739 in
701 1681 842 1758 templum
855 1691 888 1740 ut
902 1691 1031 1753 orarent,
1044 1683 1189 1746 fecerunt
1202 1702 1285 1745 sacra·

231 1787 363 1836 mentum
383 1776 535 1849 laudabile,
556 1779 625 1855 quia
645 1789 755 1838 certum
775 1789 828 1851 est,
848 1778 931 1856 quod
949 1796 1060 1839 eorum
1084 1784 1248 1843 ambulatio
1262 1792 1287 1840 et

230 1874 308 1934 Petri
326 1874 433 1934 locutio
452 1875 504 1934 suit
524 1893 624 1935 sacrae
642 1877 683 1936 rei
702 1877 828 1953 signum,
841 1878 911 1954 quia
923 1856 1046 1953 sig'num
1068 1883 1149 1940 sacri
1165 1879 1286 1941 minori

231 1975 262 2032 in
275 1974 427 2032 sanatione
442 1972 536 2032 claudi
551 1992 570 2032 a
585 1972 692 2050 Spiritu
706 1973 816 2035 Sancto
831 1975 1001 2046 institutum,
1014 1985 1051 2034 ut
1065 1987 1153 2054 patet
1167 1979 1235 2038 Act.
1246 1979 1287 2047 iii,

231 2081 260 2130 et
281 2072 322 2131 sic
344 2073 436 2130 sancti
457 2071 589 2147 episcopi
610 2070 719 2130 faciunt
740 2071 828 2149 vulgo
852 2067 1020 2148 incognitus‘
1040 2073 1178 2150 plurima
1199 2094 1287 2136 sam·

232 2179 338 2228 menta.
380 2168 451 2228 Non
464 2179 563 2228 tamen
574 2169 668 2240 video,
679 2168 760 2247 quod
770 2169 941 2246 generaliter
951 2169 986 2228 sit
997 2168 1286 2234 hocsacramentum

42 2274 103 2340 ζμ
123 2278 135 2302 ⁰
231 2266 268 2326 de
289 2267 459 2326 necessitate
480 2267 578 2326 salutis
599 2266 735 2338 fidelium,
750 2285 805 2327 nec
819 2266 899 2344 quod
911 2267 1144 2343 praetendentes
1165 2290 1202 2331 se
1221 2289 1287 2333 eou-

42 2396 54 2420 1.
80 2399 103 2422 η.
112 2359 133 2383 ⁶
143 2399 185 2424 aa.
231 2365 345 2424 firmare
364 2382 471 2441 pueros
488 2364 655 2440 regulariter
672 2364 727 2424 hos
746 2365 928 2436 confirmant,
943 2381 1000 2424 nec
1018 2366 1105 2440 quod
1119 2367 1183 2429 boc
1197 2387 1286 2430 εισι-

41 2517 53 2542 ,
79 2439 147 2544 ποῖ,
170 2441 190 2466 ¹⁶
232 2472 363 2522 mentum
377 2463 413 2521 sit
427 2463 589 2538 specialiter
607 2463 753 2539 episcopis
767 2460 911 2522 Caesariis
924 2471 1117 2523 reservatum.
1160 2465 1203 2525 Et
1220 2467 1286 2526 ulte·

54 2562 169 2628 „ud-3³5²·
232 2561 289 2619 rius
300 2561 410 2620 videtur
425 2560 494 2617 mihi
508 2559 589 2636 quod
603 2559 678 2619 foret
692 2559 757 2636 plus
768 2560 935 2636 religiosum
949 2569 978 2618 et
992 2558 1184 2624 conformius
1197 2565 1284 2625 modo

231 2659 370 2735 loquendi
395 2659 560 2734 scripturae,
585 2676 693 2734 negare
717 2658 799 2734 quod
823 2658 914 2717 nostri
938 2658 1070 2735 episcopi
1097 2661 1173 2721 dant
1200 2663 1284 2741 Spiri-

232 2768 293 2815 tum
316 2757 455 2815 Sanctum
477 2756 521 2814 vel
542 2757 716 2814 confirmant
729 2755 847 2814 ulterius
862 2753 960 2814 Sancti
980 2754 1107 2831 Spiritus
1126 2759 1283 2831 dationem,

231 2855 299 2930 quia
312 2854 440 2930 glossata
459 2862 715 2929 quantumcunque
729 2853 878 2913 locutione
891 2853 939 2911 tali
953 2871 971 2912 a
985 2853 1161 2917 doctoribus
1181 2860 1284 2919 nostris

231 2971 380 3023 concessa,
392 2952 486 3011 adhuc
502 2961 557 3009 stat
567 2951 635 3009 mali
648 2951 809 3011 intellectus
823 2951 990 3028 periculum,
1001 2962 1031 3010 et
1044 2954 1131 3013 modi
1145 2955 1283 3034 loquendi

229 3050 326 3109 deficit
346 3049 574 3108 fundamentum.
615 3048 703 3107 Unde
724 3048 897 3125 quibusdam
911 3048 1030 3119 videtur,
1044 3052 1130 3125 quod
1145 3054 1204 3112 ista
1216 3055 1283 3114 levis

229 3159 257 3206 et
270 3149 365 3206 brevis
387 3148 591 3223 episcoporum
613 3147 795 3206 confirmatio
817 3165 884 3206 cum
904 3146 1024 3222 adjectis
1045 3148 1152 3209 ritibus
1172 3161 1283 3211 tantum

230 3244 437 3303 solemnisatis⁷
454 3255 499 3303 est
513 3245 580 3304 ideo
594 3246 724 3303 motione
739 3244 847 3304 daboli
866 3244 1038 3315 introducta,
1052 3255 1085 3304 ut
1103 3248 1238 3325 populus
1254 3250 1282 3308 iu

230 3342 287 3401 fide
301 3341 440 3400 ecclesiae
454 3341 587 3400 illudatur
600 3351 629 3399 et
647 3343 854 3419 episcoporum
873 3343 1041 3401 solemnitas
1056 3352 1106 3403 aut
1121 3348 1281 3407 necessitas

230 3440 294 3515 plus
315 3439 455 3498 credatur.
497 3438 609 3498 Dicitur
623 3439 702 3498 enim
721 3441 922 3510 communiter,
937 3439 1020 3499 cum⁸
1033 3442 1171 3520 episcopi
1192 3445 1280 3505 nostri

229 3538 300 3595 dant
318 3535 375 3595 hoc
390 3548 604 3595 sacramentum
623 3536 861 3609 continuationis,
884 3538 956 3596 sicut
974 3547 1003 3596 et
1021 3537 1077 3598 alin
1096 3539 1171 3615 ipsis
1190 3543 1282 3620 speci·

231 3634 311 3692 aliter
339 3644 491 3706 reservata,
515 3652 569 3693 nec
596 3635 657 3694 sine
682 3637 853 3711 acceptione
881 3636 1002 3695 istorum
1028 3651 1279 3700 sacramentorum

227 3744 287 3791 tarn
314 3731 487 3791 solemnium
512 3742 568 3791 stat
591 3731 669 3790 salus
693 3732 831 3804 fidelium,
856 3733 1007 3810 quomodo
1032 3745 1134 3810 posset
1159 3739 1279 3799 ecclesia

259 3953 352 4017 ¹quod
363 3952 472 4019 episcopi
483 3951 565 4016 orent]
577 3951 644 4016 quod
656 3953 702 4018 ipsi
713 3958 792 4009 orent.
802 3952 846 4009 C.;
881 3951 931 4001 uod
940 3958 1018 4009 orent,
1030 3952 1094 4002 ΑΒ.
1162 3954 1278 4006 'mnis

227 4019 358 4082 apostolis]
371 4019 462 4069 sanctis
473 4018 626 4131 approbatis,
638 4018 686 4074 A.;
703 4017 775 4069 iactis
786 3967 937 4094 apostciiicis,
948 4017 987 4066 ed.
999 4032 1036 4082 pr.
1144 4084 1151 4095 .
1164 4019 1177 4050 ⁸
1193 4021 1277 4071 eonfit-

226 4084 306 4148 mant]
320 4083 472 4138 confirment.
509 4119 514 4131 .
580 4082 590 4110 ⁴
605 4083 742 4148 attingunt]
755 4098 806 4133 non
816 4082 996 4146 attingunted.
1008 4098 1063 4159 pr.;
1082 4085 1277 4151 oontmguntll

225 4147 411 4200 ⁸ascenderunt
435 4148 603 4204 ascendentes,
615 4147 653 4197 ed.
665 4163 702 4211 pr.
890 4148 942 4197 ‘in
990 4147 1054 4212 nrts]
1066 4148 1207 4213 incognito,
1220 4151 1278 4202 ΒΩ.

225 4211 234 4240 ²
251 4212 416 4263 solemnisatis
439 4213 598 4269 solemnibus,
611 4213 704 4264 A.B.C.
804 4213 813 4242 ⁸
829 4211 899 4277 cum]
911 4229 961 4263 orn.
996 4249 1002 4261 .
1015 4213 1137 4264 secundae
1149 4231 1247 4266 manus
