<?xml version="1.0" encoding="UTF-8"?>
<!DOCTYPE html PUBLIC "-//W3C//DTD XHTML 1.0 Transitional//EN"
    "http://www.w3.org/TR/xhtml1/DTD/xhtml1-transitional.dtd">
<html xmlns="http://www.w3.org/1999/xhtml" xml:lang="en" lang="en">
 <head>
  <title>
</title>
<meta http-equiv="Content-Type" content="text/html;charset=utf-8" />
  <meta name='ocr-system' content='tesseract 3.04.00' />
  <meta name='ocr-capabilities' content='ocr_page ocr_carea ocr_par ocr_line ocrx_word'/>
</head>
<body>
  <div class='ocr_page' id='page_1' title='image "./trialoguscumsup00lechgoog_0196.png"; bbox 0 0 2864 4836; ppageno 0'>
   <div class='ocr_carea' id='block_1_1' title="bbox 10 434 765 499">
    <p class='ocr_par' dir='ltr' id='par_1_1' title="bbox 10 434 765 499">
     <span class='ocr_line' id='line_1_1' title="bbox 10 434 765 499; baseline 0 -2"><span class='ocrx_word' id='word_1_1' title='bbox 10 450 13 497; x_wconf 79' lang='grc' dir='ltr'>ἰ</span> <span class='ocrx_word' id='word_1_2' title='bbox 59 456 156 494; x_wconf 68' lang='lat' dir='ltr'>canna</span> <span class='ocrx_word' id='word_1_3' title='bbox 424 434 765 499; x_wconf 79' lang='lat' dir='ltr'><em>TRIALoGUS.</em></span> 
     </span>
    </p>
   </div>
   <div class='ocr_carea' id='block_1_2' title="bbox 58 595 1121 1949">
    <p class='ocr_par' dir='ltr' id='par_1_2' title="bbox 58 595 1121 1949">
     <span class='ocr_line' id='line_1_2' title="bbox 61 595 1115 676; baseline 0.002 -20"><span class='ocrx_word' id='word_1_4' title='bbox 61 596 229 668; x_wconf 84' lang='lat' dir='ltr'>extrinseci,</span> <span class='ocrx_word' id='word_1_5' title='bbox 240 595 464 674; x_wconf 89' lang='lat' dir='ltr'>quodammodo</span> <span class='ocrx_word' id='word_1_6' title='bbox 477 601 657 659; x_wconf 89' lang='lat' dir='ltr'>conveniens</span> <span class='ocrx_word' id='word_1_7' title='bbox 671 616 739 657; x_wconf 89' lang='lat' dir='ltr'>cum</span> <span class='ocrx_word' id='word_1_8' title='bbox 753 609 886 676; x_wconf 88' lang='lat' dir='ltr'>utroque.</span> <span class='ocrx_word' id='word_1_9' title='bbox 927 598 966 657; x_wconf 80' lang='lat' dir='ltr'>Et</span> <span class='ocrx_word' id='word_1_10' title='bbox 979 616 1032 675; x_wconf 89' lang='lat' dir='ltr'>per</span> <span class='ocrx_word' id='word_1_11' title='bbox 1041 597 1115 658; x_wconf 85' lang='lat' dir='ltr'>haec</span> 
     </span>
     <span class='ocr_line' id='line_1_3' title="bbox 62 696 1118 775; baseline 0.004 -22"><span class='ocrx_word' id='word_1_12' title='bbox 62 704 144 772; x_wconf 86' lang='lat' dir='ltr'>patet</span> <span class='ocrx_word' id='word_1_13' title='bbox 158 697 312 773; x_wconf 87' lang='lat' dir='ltr'>responsio</span> <span class='ocrx_word' id='word_1_14' title='bbox 326 696 365 756; x_wconf 87' lang='lat' dir='ltr'>ad</span> <span class='ocrx_word' id='word_1_15' title='bbox 379 707 459 756; x_wconf 92' lang='lat' dir='ltr'>tuam</span> <span class='ocrx_word' id='word_1_16' title='bbox 476 697 628 775; x_wconf 81' lang='lat' dir='ltr'>argutiam,</span> <span class='ocrx_word' id='word_1_17' title='bbox 643 697 849 757; x_wconf 89' lang='lat' dir='ltr'>concedendo¹</span> <span class='ocrx_word' id='word_1_18' title='bbox 864 698 945 775; x_wconf 92' lang='lat' dir='ltr'>quod</span> <span class='ocrx_word' id='word_1_19' title='bbox 963 709 1118 775; x_wconf 91' lang='lat' dir='ltr'>peccatum</span> 
     </span>
     <span class='ocr_line' id='line_1_4' title="bbox 62 791 1118 874; baseline 0.006 -24"><span class='ocrx_word' id='word_1_20' title='bbox 62 791 234 852; x_wconf 89' lang='lat' dir='ltr'>omissionis</span> <span class='ocrx_word' id='word_1_21' title='bbox 264 804 309 854; x_wconf 90' lang='lat' dir='ltr'>est</span> <span class='ocrx_word' id='word_1_22' title='bbox 341 796 467 872; x_wconf 87' lang='lat' dir='ltr'>primum</span> <span class='ocrx_word' id='word_1_23' title='bbox 500 797 634 855; x_wconf 91' lang='lat' dir='ltr'>omnium</span> <span class='ocrx_word' id='word_1_24' title='bbox 667 807 864 873; x_wconf 89' lang='lat' dir='ltr'>peccatomm,</span> <span class='ocrx_word' id='word_1_25' title='bbox 891 807 952 855; x_wconf 91' lang='lat' dir='ltr'>tam</span> <span class='ocrx_word' id='word_1_26' title='bbox 986 808 1118 874; x_wconf 88' lang='lat' dir='ltr'>tempore</span> 
     </span>
     <span class='ocr_line' id='line_1_5' title="bbox 63 892 1121 971; baseline 0.004 -23"><span class='ocrx_word' id='word_1_27' title='bbox 63 908 155 967; x_wconf 90' lang='lat' dir='ltr'>quam</span> <span class='ocrx_word' id='word_1_28' title='bbox 176 901 288 951; x_wconf 85' lang='lat' dir='ltr'>natura.</span> <span class='ocrx_word' id='word_1_29' title='bbox 329 892 539 954; x_wconf 86' lang='lat' dir='ltr'>Verumtamen</span> <span class='ocrx_word' id='word_1_30' title='bbox 560 893 598 952; x_wconf 94' lang='lat' dir='ltr'>ad</span> <span class='ocrx_word' id='word_1_31' title='bbox 622 894 699 953; x_wconf 90' lang='lat' dir='ltr'>istud</span> <span class='ocrx_word' id='word_1_32' title='bbox 720 905 873 971; x_wconf 89' lang='lat' dir='ltr'>peccatum</span> <span class='ocrx_word' id='word_1_33' title='bbox 898 894 1121 953; x_wconf 84' lang='lat' dir='ltr'>convertibiliter</span> 
     </span>
     <span class='ocr_line' id='line_1_6' title="bbox 61 990 1120 1069; baseline 0.006 -23"><span class='ocrx_word' id='word_1_34' title='bbox 61 990 193 1066; x_wconf 87' lang='lat' dir='ltr'>sequitur</span> <span class='ocrx_word' id='word_1_35' title='bbox 213 991 326 1051; x_wconf 85' lang='lat' dir='ltr'>accidia</span> <span class='ocrx_word' id='word_1_36' title='bbox 346 1002 375 1051; x_wconf 92' lang='lat' dir='ltr'>et</span> <span class='ocrx_word' id='word_1_37' title='bbox 395 992 486 1051; x_wconf 91' lang='lat' dir='ltr'>multa</span> <span class='ocrx_word' id='word_1_38' title='bbox 506 992 562 1053; x_wconf 87' lang='lat' dir='ltr'>alia</span> <span class='ocrx_word' id='word_1_39' title='bbox 575 1003 704 1069; x_wconf 89' lang='lat' dir='ltr'>peccata,</span> <span class='ocrx_word' id='word_1_40' title='bbox 727 992 778 1052; x_wconf 91' lang='lat' dir='ltr'>sed</span> <span class='ocrx_word' id='word_1_41' title='bbox 799 993 884 1051; x_wconf 90' lang='lat' dir='ltr'>decet</span> <span class='ocrx_word' id='word_1_42' title='bbox 904 993 987 1069; x_wconf 92' lang='lat' dir='ltr'>quod</span> <span class='ocrx_word' id='word_1_43' title='bbox 1006 994 1120 1069; x_wconf 88' lang='lat' dir='ltr'>species</span> 
     </span>
     <span class='ocr_line' id='line_1_7' title="bbox 61 1087 1120 1168; baseline 0.003 -22"><span class='ocrx_word' id='word_1_44' title='bbox 61 1097 252 1164; x_wconf 87' lang='lat' dir='ltr'>peccatorum</span> <span class='ocrx_word' id='word_1_45' title='bbox 284 1087 438 1165; x_wconf 90' lang='lat' dir='ltr'>peccatum</span> <span class='ocrx_word' id='word_1_46' title='bbox 470 1090 637 1149; x_wconf 88' lang='lat' dir='ltr'>omissionis</span> <span class='ocrx_word' id='word_1_47' title='bbox 664 1089 791 1150; x_wconf 87' lang='lat' dir='ltr'>habeant</span> <span class='ocrx_word' id='word_1_48' title='bbox 819 1101 958 1168; x_wconf 85' lang='lat' dir='ltr'>tanquam</span> <span class='ocrx_word' id='word_1_49' title='bbox 993 1108 1120 1149; x_wconf 89' lang='lat' dir='ltr'>causam.</span> 
     </span>
     <span class='ocr_line' id='line_1_8' title="bbox 63 1181 1120 1264; baseline 0.005 -22"><span class='ocrx_word' id='word_1_50' title='bbox 63 1181 130 1243; x_wconf 88' lang='lat' dir='ltr'>Nec</span> <span class='ocrx_word' id='word_1_51' title='bbox 144 1184 289 1255; x_wconf 90' lang='lat' dir='ltr'>sollicitor,</span> <span class='ocrx_word' id='word_1_52' title='bbox 305 1186 329 1245; x_wconf 92' lang='lat' dir='ltr'>si</span> <span class='ocrx_word' id='word_1_53' title='bbox 343 1196 497 1262; x_wconf 89' lang='lat' dir='ltr'>peccatum</span> <span class='ocrx_word' id='word_1_54' title='bbox 511 1187 639 1245; x_wconf 83' lang='lat' dir='ltr'>accidiae</span> <span class='ocrx_word' id='word_1_55' title='bbox 654 1187 691 1246; x_wconf 92' lang='lat' dir='ltr'>sit</span> <span class='ocrx_word' id='word_1_56' title='bbox 710 1205 798 1246; x_wconf 88' lang='lat' dir='ltr'>causa</span> <span class='ocrx_word' id='word_1_57' title='bbox 814 1187 967 1263; x_wconf 85' lang='lat' dir='ltr'>superbiae</span> <span class='ocrx_word' id='word_1_58' title='bbox 982 1197 1011 1245; x_wconf 91' lang='lat' dir='ltr'>et</span> <span class='ocrx_word' id='word_1_59' title='bbox 1024 1189 1120 1264; x_wconf 87' lang='lat' dir='ltr'>cujus·</span> 
     </span>
     <span class='ocr_line' id='line_1_9' title="bbox 61 1283 1120 1361; baseline 0.003 -20"><span class='ocrx_word' id='word_1_60' title='bbox 61 1297 179 1358; x_wconf 82' lang='lat' dir='ltr'>cunque</span> <span class='ocrx_word' id='word_1_61' title='bbox 203 1283 316 1359; x_wconf 88' lang='lat' dir='ltr'>peccati</span> <span class='ocrx_word' id='word_1_62' title='bbox 342 1283 468 1354; x_wconf 89' lang='lat' dir='ltr'>alterius,</span> <span class='ocrx_word' id='word_1_63' title='bbox 491 1302 559 1343; x_wconf 89' lang='lat' dir='ltr'>cum</span> <span class='ocrx_word' id='word_1_64' title='bbox 588 1284 690 1343; x_wconf 89' lang='lat' dir='ltr'>dicitur</span> <span class='ocrx_word' id='word_1_65' title='bbox 714 1287 916 1356; x_wconf 88' lang='lat' dir='ltr'>communiter,</span> <span class='ocrx_word' id='word_1_66' title='bbox 941 1284 1022 1361; x_wconf 91' lang='lat' dir='ltr'>quod</span> <span class='ocrx_word' id='word_1_67' title='bbox 1046 1285 1120 1344; x_wconf 90' lang='lat' dir='ltr'>haec</span> 
     </span>
     <span class='ocr_line' id='line_1_10' title="bbox 61 1381 1120 1457; baseline 0.002 -19"><span class='ocrx_word' id='word_1_68' title='bbox 61 1391 177 1457; x_wconf 86' lang='lat' dir='ltr'>septem</span> <span class='ocrx_word' id='word_1_69' title='bbox 187 1381 309 1440; x_wconf 90' lang='lat' dir='ltr'>crimina</span> <span class='ocrx_word' id='word_1_70' title='bbox 322 1399 386 1441; x_wconf 88' lang='lat' dir='ltr'>sese</span> <span class='ocrx_word' id='word_1_71' title='bbox 398 1391 526 1442; x_wconf 83' lang='lat' dir='ltr'>causant</span> <span class='ocrx_word' id='word_1_72' title='bbox 572 1381 787 1441; x_wconf 76' lang='lat' dir='ltr'>Enumerantur</span> <span class='ocrx_word' id='word_1_73' title='bbox 798 1381 912 1441; x_wconf 80' lang='lat' dir='ltr'>autem²</span> <span class='ocrx_word' id='word_1_74' title='bbox 926 1384 1120 1442; x_wconf 89' lang='lat' dir='ltr'>communiter</span> 
     </span>
     <span class='ocr_line' id='line_1_11' title="bbox 60 1479 1119 1559; baseline 0.001 -20"><span class='ocrx_word' id='word_1_75' title='bbox 60 1479 202 1551; x_wconf 79' lang='lat' dir='ltr'>sedecim,</span> <span class='ocrx_word' id='word_1_76' title='bbox 216 1498 292 1556; x_wconf 90' lang='lat' dir='ltr'>quae</span> <span class='ocrx_word' id='word_1_77' title='bbox 311 1480 453 1541; x_wconf 89' lang='lat' dir='ltr'>accidiam</span> <span class='ocrx_word' id='word_1_78' title='bbox 472 1491 611 1559; x_wconf 86' lang='lat' dir='ltr'>tanquam</span> <span class='ocrx_word' id='word_1_79' title='bbox 631 1483 744 1558; x_wconf 90' lang='lat' dir='ltr'>species</span> <span class='ocrx_word' id='word_1_80' title='bbox 757 1482 801 1540; x_wconf 94' lang='lat' dir='ltr'>vel</span> <span class='ocrx_word' id='word_1_81' title='bbox 821 1481 1033 1541; x_wconf 85' lang='lat' dir='ltr'>convertibilia³</span> <span class='ocrx_word' id='word_1_82' title='bbox 1047 1500 1119 1541; x_wconf 86' lang='lat' dir='ltr'>con·</span> 
     </span>
     <span class='ocr_line' id='line_1_12' title="bbox 59 1578 1117 1657; baseline 0.002 -21"><span class='ocrx_word' id='word_1_83' title='bbox 59 1587 230 1654; x_wconf 84' lang='lat' dir='ltr'>sequuntur,</span> <span class='ocrx_word' id='word_1_84' title='bbox 245 1597 320 1655; x_wconf 88' lang='lat' dir='ltr'>quae</span> <span class='ocrx_word' id='word_1_85' title='bbox 339 1588 407 1638; x_wconf 86' lang='lat' dir='ltr'>sunt</span> <span class='ocrx_word' id='word_1_86' title='bbox 426 1578 568 1657; x_wconf 83' lang='lat' dir='ltr'>tepiditas,</span> <span class='ocrx_word' id='word_1_87' title='bbox 587 1580 729 1651; x_wconf 91' lang='lat' dir='ltr'>mollities,</span> <span class='ocrx_word' id='word_1_88' title='bbox 750 1579 954 1650; x_wconf 87' lang='lat' dir='ltr'>somnolentia,</span> <span class='ocrx_word' id='word_1_89' title='bbox 976 1580 1117 1648; x_wconf 78' lang='lat' dir='ltr'>otiositaS‚</span> 
     </span>
     <span class='ocr_line' id='line_1_13' title="bbox 59 1674 1117 1755; baseline -0.001 -20"><span class='ocrx_word' id='word_1_90' title='bbox 59 1674 171 1747; x_wconf 78' lang='lat' dir='ltr'>dilatiO,</span> <span class='ocrx_word' id='word_1_91' title='bbox 185 1677 313 1748; x_wconf 87' lang='lat' dir='ltr'>tarditas,</span> <span class='ocrx_word' id='word_1_92' title='bbox 332 1677 517 1754; x_wconf 85' lang='lat' dir='ltr'>negligentia,</span> <span class='ocrx_word' id='word_1_93' title='bbox 531 1677 710 1755; x_wconf 80' lang='lat' dir='ltr'>imperfectio</span> <span class='ocrx_word' id='word_1_94' title='bbox 731 1677 776 1736; x_wconf 92' lang='lat' dir='ltr'>vel</span> <span class='ocrx_word' id='word_1_95' title='bbox 794 1678 1057 1752; x_wconf 89' lang='lat' dir='ltr'>imperseverantia,</span> <span class='ocrx_word' id='word_1_96' title='bbox 1073 1695 1117 1734; x_wconf 91' lang='lat' dir='ltr'>re·</span> 
     </span>
     <span class='ocr_line' id='line_1_14' title="bbox 59 1772 1117 1852; baseline 0 -20"><span class='ocrx_word' id='word_1_97' title='bbox 59 1772 172 1845; x_wconf 87' lang='lat' dir='ltr'>missio,</span> <span class='ocrx_word' id='word_1_98' title='bbox 197 1773 357 1845; x_wconf 89' lang='lat' dir='ltr'>dissolutio,</span> <span class='ocrx_word' id='word_1_99' title='bbox 382 1776 500 1847; x_wconf 90' lang='lat' dir='ltr'>incuria,</span> <span class='ocrx_word' id='word_1_100' title='bbox 526 1776 649 1852; x_wconf 88' lang='lat' dir='ltr'>ignavia,</span> <span class='ocrx_word' id='word_1_101' title='bbox 665 1775 822 1844; x_wconf 78' lang='lat' dir='ltr'>indevotis,</span> <span class='ocrx_word' id='word_1_102' title='bbox 843 1774 965 1845; x_wconf 88' lang='lat' dir='ltr'>tristitia,</span> <span class='ocrx_word' id='word_1_103' title='bbox 988 1773 1117 1833; x_wconf 88' lang='lat' dir='ltr'>taedium</span> 
     </span>
     <span class='ocr_line' id='line_1_15' title="bbox 58 1871 1116 1949; baseline -0.001 -18"><span class='ocrx_word' id='word_1_104' title='bbox 58 1871 147 1943; x_wconf 86' lang='lat' dir='ltr'>vitae,</span> <span class='ocrx_word' id='word_1_105' title='bbox 161 1871 334 1949; x_wconf 88' lang='lat' dir='ltr'>desperatio.</span> <span class='ocrx_word' id='word_1_106' title='bbox 376 1872 429 1932; x_wconf 88' lang='lat' dir='ltr'>Est</span> <span class='ocrx_word' id='word_1_107' title='bbox 446 1884 544 1932; x_wconf 91' lang='lat' dir='ltr'>autem</span> <span class='ocrx_word' id='word_1_108' title='bbox 563 1874 688 1948; x_wconf 79' lang='lat' dir='ltr'>tepiditas</span> <span class='ocrx_word' id='word_1_109' title='bbox 706 1890 812 1949; x_wconf 90' lang='lat' dir='ltr'>parvus</span> <span class='ocrx_word' id='word_1_110' title='bbox 826 1889 909 1930; x_wconf 90' lang='lat' dir='ltr'>amor</span> <span class='ocrx_word' id='word_1_111' title='bbox 922 1872 1002 1942; x_wconf 91' lang='lat' dir='ltr'>boni,</span> <span class='ocrx_word' id='word_1_112' title='bbox 1017 1888 1116 1930; x_wconf 88' lang='lat' dir='ltr'>amore</span> 
     </span>
    </p>
   </div>
   <div class='ocr_carea' id='block_1_3' title="bbox 1202 435 1263 521">
    <p class='ocr_par' dir='ltr' id='par_1_3' title="bbox 1202 435 1263 521">
     <span class='ocr_line' id='line_1_16' title="bbox 1202 435 1263 521; baseline 0.016 -24"><span class='ocrx_word' id='word_1_113' title='bbox 1202 435 1263 521; x_wconf 85' lang='lat'>183</span> 
     </span>
    </p>
   </div>
   <div class='ocr_carea' id='block_1_4' title="bbox 60 1967 1230 2047">
    <p class='ocr_par' dir='ltr' id='par_1_4' title="bbox 60 1967 1230 2047">
     <span class='ocr_line' id='line_1_17' title="bbox 60 1967 1230 2047; baseline -0.008 -14"><span class='ocrx_word' id='word_1_114' title='bbox 60 1967 120 2029; x_wconf 84' lang='lat' dir='ltr'>Dei</span> <span class='ocrx_word' id='word_1_115' title='bbox 144 1970 318 2046; x_wconf 86' lang='lat' dir='ltr'>postposito.</span> <span class='ocrx_word' id='word_1_116' title='bbox 359 1969 398 2029; x_wconf 91' lang='lat' dir='ltr'>Et</span> <span class='ocrx_word' id='word_1_117' title='bbox 422 1981 466 2030; x_wconf 87' lang='lat' dir='ltr'>est</span> <span class='ocrx_word' id='word_1_118' title='bbox 489 1971 583 2047; x_wconf 88' lang='lat' dir='ltr'>prima</span> <span class='ocrx_word' id='word_1_119' title='bbox 607 1970 689 2029; x_wconf 80' lang='lat' dir='ltr'>radix</span> <span class='ocrx_word' id='word_1_120' title='bbox 710 1971 838 2029; x_wconf 88' lang='lat' dir='ltr'>accidiae</span> <span class='ocrx_word' id='word_1_121' title='bbox 860 1969 904 2028; x_wconf 89' lang='lat' dir='ltr'>vel</span> <span class='ocrx_word' id='word_1_122' title='bbox 926 1969 1118 2037; x_wconf 84' lang='lat' dir='ltr'>convertibilis</span> <span class='ocrx_word' id='word_1_123' title='bbox 1150 1981 1230 2007; x_wconf 52' lang='grc' dir='ltr'>«ΜΚ</span> 
     </span>
    </p>
   </div>
   <div class='ocr_carea' id='block_1_5' title="bbox 33 2066 1117 3914">
    <p class='ocr_par' dir='ltr' id='par_1_5' title="bbox 33 2066 1117 3914">
     <span class='ocr_line' id='line_1_18' title="bbox 59 2066 1117 2144; baseline 0.001 -17"><span class='ocrx_word' id='word_1_124' title='bbox 59 2084 132 2127; x_wconf 86' lang='lat' dir='ltr'>cum</span> <span class='ocrx_word' id='word_1_125' title='bbox 156 2067 269 2127; x_wconf 89' lang='lat' dir='ltr'>eadem.</span> <span class='ocrx_word' id='word_1_126' title='bbox 318 2066 365 2126; x_wconf 85' lang='lat' dir='ltr'>Ex</span> <span class='ocrx_word' id='word_1_127' title='bbox 387 2069 444 2128; x_wconf 89' lang='lat' dir='ltr'>ista</span> <span class='ocrx_word' id='word_1_128' title='bbox 468 2079 566 2129; x_wconf 89' lang='lat' dir='ltr'>autem</span> <span class='ocrx_word' id='word_1_129' title='bbox 593 2080 751 2128; x_wconf 86' lang='lat' dir='ltr'>nascuntur</span> <span class='ocrx_word' id='word_1_130' title='bbox 775 2069 889 2144; x_wconf 91' lang='lat' dir='ltr'>species</span> <span class='ocrx_word' id='word_1_131' title='bbox 913 2067 986 2127; x_wconf 89' lang='lat' dir='ltr'>aliae</span> <span class='ocrx_word' id='word_1_132' title='bbox 1013 2086 1117 2128; x_wconf 89' lang='lat' dir='ltr'>conse-</span> 
     </span>
     <span class='ocr_line' id='line_1_19' title="bbox 57 2166 1117 2244; baseline 0 -20"><span class='ocrx_word' id='word_1_133' title='bbox 57 2175 193 2243; x_wconf 89' lang='lat' dir='ltr'>quentes,</span> <span class='ocrx_word' id='word_1_134' title='bbox 213 2166 253 2225; x_wconf 91' lang='lat' dir='ltr'>sic</span> <span class='ocrx_word' id='word_1_135' title='bbox 274 2166 363 2242; x_wconf 92' lang='lat' dir='ltr'>quod,</span> <span class='ocrx_word' id='word_1_136' title='bbox 382 2167 646 2244; x_wconf 89' lang='lat' dir='ltr'>correspondenter</span> <span class='ocrx_word' id='word_1_137' title='bbox 666 2177 698 2226; x_wconf 93' lang='lat' dir='ltr'>ut</span> <span class='ocrx_word' id='word_1_138' title='bbox 717 2178 849 2226; x_wconf 90' lang='lat' dir='ltr'>creatura</span> <span class='ocrx_word' id='word_1_139' title='bbox 862 2166 1017 2243; x_wconf 90' lang='lat' dir='ltr'>peccabilis</span> <span class='ocrx_word' id='word_1_140' title='bbox 1038 2167 1117 2225; x_wconf 90' lang='lat' dir='ltr'>inor-</span> 
     </span>
     <span class='ocr_line' id='line_1_20' title="bbox 58 2263 1114 2342; baseline 0 -18"><span class='ocrx_word' id='word_1_141' title='bbox 58 2265 161 2325; x_wconf 88' lang='lat' dir='ltr'>dinate</span> <span class='ocrx_word' id='word_1_142' title='bbox 184 2263 305 2323; x_wconf 88' lang='lat' dir='ltr'>afficitur</span> <span class='ocrx_word' id='word_1_143' title='bbox 328 2275 484 2336; x_wconf 89' lang='lat' dir='ltr'>creaturae,</span> <span class='ocrx_word' id='word_1_144' title='bbox 506 2266 548 2324; x_wconf 91' lang='lat' dir='ltr'>sic</span> <span class='ocrx_word' id='word_1_145' title='bbox 570 2276 638 2325; x_wconf 91' lang='lat' dir='ltr'>sunt</span> <span class='ocrx_word' id='word_1_146' title='bbox 659 2267 771 2342; x_wconf 89' lang='lat' dir='ltr'>species</span> <span class='ocrx_word' id='word_1_147' title='bbox 792 2264 920 2325; x_wconf 87' lang='lat' dir='ltr'>accidiae</span> <span class='ocrx_word' id='word_1_148' title='bbox 945 2263 1114 2342; x_wconf 89' lang='lat' dir='ltr'>capiendae,</span> 
     </span>
     <span class='ocr_line' id='line_1_21' title="bbox 58 2362 1116 2440; baseline 0.001 -18"><span class='ocrx_word' id='word_1_149' title='bbox 58 2380 131 2422; x_wconf 90' lang='lat' dir='ltr'>cum</span> <span class='ocrx_word' id='word_1_150' title='bbox 145 2362 263 2422; x_wconf 87' lang='lat' dir='ltr'>aocidus</span> <span class='ocrx_word' id='word_1_151' title='bbox 282 2363 418 2440; x_wconf 89' lang='lat' dir='ltr'>quiescit⁴</span> <span class='ocrx_word' id='word_1_152' title='bbox 432 2365 462 2421; x_wconf 90' lang='lat' dir='ltr'>in</span> <span class='ocrx_word' id='word_1_153' title='bbox 482 2381 583 2423; x_wconf 89' lang='lat' dir='ltr'>amore</span> <span class='ocrx_word' id='word_1_154' title='bbox 603 2364 732 2423; x_wconf 92' lang='lat' dir='ltr'>indebito</span> <span class='ocrx_word' id='word_1_155' title='bbox 752 2374 907 2423; x_wconf 88' lang='lat' dir='ltr'>creaturae.</span> <span class='ocrx_word' id='word_1_156' title='bbox 950 2362 1038 2422; x_wconf 93' lang='lat' dir='ltr'>Unde</span> <span class='ocrx_word' id='word_1_157' title='bbox 1053 2364 1116 2423; x_wconf 84' lang='lat' dir='ltr'>talis</span> 
     </span>
     <span class='ocr_line' id='line_1_22' title="bbox 33 2460 1114 2539; baseline -0.004 -17"><span class='ocrx_word' id='word_1_158' title='bbox 33 2492 38 2522; x_wconf 80' lang='grc' dir='ltr'>ι</span> <span class='ocrx_word' id='word_1_159' title='bbox 58 2460 212 2538; x_wconf 87' lang='lat' dir='ltr'>cupiditas,</span> <span class='ocrx_word' id='word_1_160' title='bbox 225 2479 294 2520; x_wconf 91' lang='lat' dir='ltr'>cum</span> <span class='ocrx_word' id='word_1_161' title='bbox 313 2463 349 2520; x_wconf 92' lang='lat' dir='ltr'>sit</span> <span class='ocrx_word' id='word_1_162' title='bbox 367 2462 533 2539; x_wconf 88' lang='lat' dir='ltr'>propinqua</span> <span class='ocrx_word' id='word_1_163' title='bbox 551 2461 706 2539; x_wconf 85' lang='lat' dir='ltr'>hypocrisi,</span> <span class='ocrx_word' id='word_1_164' title='bbox 720 2463 862 2520; x_wconf 90' lang='lat' dir='ltr'>vomitum</span> <span class='ocrx_word' id='word_1_165' title='bbox 877 2471 1018 2538; x_wconf 93' lang='lat' dir='ltr'>provocat</span> <span class='ocrx_word' id='word_1_166' title='bbox 1031 2462 1114 2537; x_wconf 91' lang='lat' dir='ltr'>spiri-</span> 
     </span>
     <span class='ocr_line' id='line_1_23' title="bbox 58 2559 1113 2620; baseline -0.003 0"><span class='ocrx_word' id='word_1_167' title='bbox 58 2559 180 2620; x_wconf 90' lang='lat' dir='ltr'>tualem.</span> <span class='ocrx_word' id='word_1_168' title='bbox 221 2559 302 2619; x_wconf 87' lang='lat' dir='ltr'>Sicut</span> <span class='ocrx_word' id='word_1_169' title='bbox 315 2560 395 2618; x_wconf 90' lang='lat' dir='ltr'>enim</span> <span class='ocrx_word' id='word_1_170' title='bbox 409 2559 492 2619; x_wconf 71' lang='lat' dir='ltr'>sunt⁶</span> <span class='ocrx_word' id='word_1_171' title='bbox 511 2559 711 2618; x_wconf 79' lang='lat' dir='ltr'>exhalationes</span> <span class='ocrx_word' id='word_1_172' title='bbox 729 2559 839 2618; x_wconf 88' lang='lat' dir='ltr'>calidae</span> <span class='ocrx_word' id='word_1_173' title='bbox 856 2560 1032 2617; x_wconf 87' lang='lat' dir='ltr'>commixtae</span> <span class='ocrx_word' id='word_1_174' title='bbox 1046 2577 1113 2617; x_wconf 89' lang='lat' dir='ltr'>cum</span> 
     </span>
     <span class='ocr_line' id='line_1_24' title="bbox 58 2657 1113 2736; baseline -0.001 -19"><span class='ocrx_word' id='word_1_175' title='bbox 58 2657 168 2735; x_wconf 82' lang='lat' dir='ltr'>frigido</span> <span class='ocrx_word' id='word_1_176' title='bbox 182 2675 277 2734; x_wconf 88' lang='lat' dir='ltr'>aqueo</span> <span class='ocrx_word' id='word_1_177' title='bbox 298 2659 328 2717; x_wconf 92' lang='lat' dir='ltr'>in</span> <span class='ocrx_word' id='word_1_178' title='bbox 349 2676 427 2735; x_wconf 90' lang='lat' dir='ltr'>aqua</span> <span class='ocrx_word' id='word_1_179' title='bbox 447 2659 553 2736; x_wconf 88' lang='lat' dir='ltr'>tepida,</span> <span class='ocrx_word' id='word_1_180' title='bbox 569 2675 645 2734; x_wconf 89' lang='lat' dir='ltr'>quae</span> <span class='ocrx_word' id='word_1_181' title='bbox 666 2668 828 2734; x_wconf 90' lang='lat' dir='ltr'>provocant</span> <span class='ocrx_word' id='word_1_182' title='bbox 848 2657 886 2715; x_wconf 92' lang='lat' dir='ltr'>ad</span> <span class='ocrx_word' id='word_1_183' title='bbox 906 2658 1057 2727; x_wconf 89' lang='lat' dir='ltr'>vomitum,</span> <span class='ocrx_word' id='word_1_184' title='bbox 1072 2658 1113 2716; x_wconf 89' lang='lat' dir='ltr'>sic</span> 
     </span>
     <span class='ocr_line' id='line_1_25' title="bbox 56 2755 1112 2834; baseline -0.004 -17"><span class='ocrx_word' id='word_1_185' title='bbox 56 2765 129 2817; x_wconf 88' lang='lat' dir='ltr'>suut</span> <span class='ocrx_word' id='word_1_186' title='bbox 146 2756 177 2814; x_wconf 89' lang='lat' dir='ltr'>in</span> <span class='ocrx_word' id='word_1_187' title='bbox 195 2755 355 2834; x_wconf 82' lang='lat' dir='ltr'>hypocrisi⁶</span> <span class='ocrx_word' id='word_1_188' title='bbox 368 2757 513 2833; x_wconf 87' lang='lat' dir='ltr'>quaedam</span> <span class='ocrx_word' id='word_1_189' title='bbox 533 2756 717 2833; x_wconf 90' lang='lat' dir='ltr'>operationes</span> <span class='ocrx_word' id='word_1_190' title='bbox 738 2757 834 2816; x_wconf 86' lang='lat' dir='ltr'>bonae</span> <span class='ocrx_word' id='word_1_191' title='bbox 853 2755 889 2814; x_wconf 92' lang='lat' dir='ltr'>de</span> <span class='ocrx_word' id='word_1_192' title='bbox 908 2773 1016 2831; x_wconf 91' lang='lat' dir='ltr'>genere</span> <span class='ocrx_word' id='word_1_193' title='bbox 1031 2773 1112 2813; x_wconf 92' lang='lat' dir='ltr'>com-</span> 
     </span>
     <span class='ocr_line' id='line_1_26' title="bbox 56 2852 1105 2932; baseline -0.002 -18"><span class='ocrx_word' id='word_1_194' title='bbox 56 2855 167 2914; x_wconf 86' lang='lat' dir='ltr'>mixtae</span> <span class='ocrx_word' id='word_1_195' title='bbox 192 2872 259 2914; x_wconf 89' lang='lat' dir='ltr'>curn</span> <span class='ocrx_word' id='word_1_196' title='bbox 283 2865 406 2932; x_wconf 92' lang='lat' dir='ltr'>peccato</span> <span class='ocrx_word' id='word_1_197' title='bbox 427 2853 595 2931; x_wconf 87' lang='lat' dir='ltr'>hypocrisis.</span> <span class='ocrx_word' id='word_1_198' title='bbox 637 2853 676 2912; x_wconf 93' lang='lat' dir='ltr'>Et</span> <span class='ocrx_word' id='word_1_199' title='bbox 697 2853 763 2913; x_wconf 92' lang='lat' dir='ltr'>ideo</span> <span class='ocrx_word' id='word_1_200' title='bbox 785 2852 907 2930; x_wconf 87' lang='lat' dir='ltr'>Apocal.</span> <span class='ocrx_word' id='word_1_201' title='bbox 928 2853 965 2913; x_wconf 92' lang='lat' dir='ltr'>iii.</span> <span class='ocrx_word' id='word_1_202' title='bbox 987 2853 1105 2912; x_wconf 91' lang='lat' dir='ltr'>dicitur:</span> 
     </span>
     <span class='ocr_line' id='line_1_27' title="bbox 55 2951 1111 3030; baseline -0.002 -18"><span class='ocrx_word' id='word_1_203' title='bbox 55 2953 145 3030; x_wconf 88' lang='lat' dir='ltr'>‘quia</span> <span class='ocrx_word' id='word_1_204' title='bbox 158 2971 254 3030; x_wconf 90' lang='lat' dir='ltr'>neque</span> <span class='ocrx_word' id='word_1_205' title='bbox 275 2952 387 3013; x_wconf 92' lang='lat' dir='ltr'>calidus</span> <span class='ocrx_word' id='word_1_206' title='bbox 400 2970 432 3012; x_wconf 90' lang='lat' dir='ltr'>es</span> <span class='ocrx_word' id='word_1_207' title='bbox 447 2971 543 3030; x_wconf 89' lang='lat' dir='ltr'>neque</span> <span class='ocrx_word' id='word_1_208' title='bbox 564 2951 685 3029; x_wconf 83' lang='lat' dir='ltr'>frigidus</span> <span class='ocrx_word' id='word_1_209' title='bbox 706 2952 760 3011; x_wconf 89' lang='lat' dir='ltr'>sed</span> <span class='ocrx_word' id='word_1_210' title='bbox 780 2952 903 3028; x_wconf 89' lang='lat' dir='ltr'>tepidus,</span> <span class='ocrx_word' id='word_1_211' title='bbox 918 2951 1056 3027; x_wconf 90' lang='lat' dir='ltr'>incipiam</span> <span class='ocrx_word' id='word_1_212' title='bbox 1082 2961 1111 3010; x_wconf 88' lang='lat' dir='ltr'>te</span> 
     </span>
     <span class='ocr_line' id='line_1_28' title="bbox 55 3048 1110 3126; baseline -0.003 -16"><span class='ocrx_word' id='word_1_213' title='bbox 55 3069 194 3111; x_wconf 87' lang='lat' dir='ltr'>evomere</span> <span class='ocrx_word' id='word_1_214' title='bbox 208 3050 245 3110; x_wconf 91' lang='lat' dir='ltr'>de</span> <span class='ocrx_word' id='word_1_215' title='bbox 259 3068 311 3109; x_wconf 90' lang='lat' dir='ltr'>ore</span> <span class='ocrx_word' id='word_1_216' title='bbox 325 3050 410 3109; x_wconf 90' lang='lat' dir='ltr'>meo.&#39;</span> <span class='ocrx_word' id='word_1_217' title='bbox 453 3049 533 3109; x_wconf 92' lang='lat' dir='ltr'>Nihil</span> <span class='ocrx_word' id='word_1_218' title='bbox 548 3051 626 3109; x_wconf 92' lang='lat' dir='ltr'>enim</span> <span class='ocrx_word' id='word_1_219' title='bbox 641 3050 717 3108; x_wconf 83' lang='lat' dir='ltr'>tam⁷</span> <span class='ocrx_word' id='word_1_220' title='bbox 731 3060 870 3126; x_wconf 91' lang='lat' dir='ltr'>provocat</span> <span class='ocrx_word' id='word_1_221' title='bbox 885 3048 991 3119; x_wconf 89' lang='lat' dir='ltr'>Deum,</span> <span class='ocrx_word' id='word_1_222' title='bbox 1006 3049 1056 3124; x_wconf 93' lang='lat' dir='ltr'>qui</span> <span class='ocrx_word' id='word_1_223' title='bbox 1067 3061 1110 3107; x_wconf 90' lang='lat' dir='ltr'>est</span> 
     </span>
     <span class='ocr_line' id='line_1_29' title="bbox 54 3147 1111 3224; baseline -0.004 -17"><span class='ocrx_word' id='word_1_224' title='bbox 54 3148 181 3220; x_wconf 84' lang='lat' dir='ltr'>Veritas,</span> <span class='ocrx_word' id='word_1_225' title='bbox 196 3149 234 3208; x_wconf 94' lang='lat' dir='ltr'>ad</span> <span class='ocrx_word' id='word_1_226' title='bbox 248 3148 517 3208; x_wconf 90' lang='lat' dir='ltr'>abhominationem</span> <span class='ocrx_word' id='word_1_227' title='bbox 531 3149 689 3224; x_wconf 87' lang='lat' dir='ltr'>peccantis,</span> <span class='ocrx_word' id='word_1_228' title='bbox 704 3148 776 3207; x_wconf 90' lang='lat' dir='ltr'>sicut</span> <span class='ocrx_word' id='word_1_229' title='bbox 791 3147 960 3224; x_wconf 90' lang='lat' dir='ltr'>hypocrisis,</span> <span class='ocrx_word' id='word_1_230' title='bbox 976 3162 1051 3222; x_wconf 90' lang='lat' dir='ltr'>quae</span> <span class='ocrx_word' id='word_1_231' title='bbox 1066 3158 1111 3204; x_wconf 90' lang='lat' dir='ltr'>est</span> 
     </span>
     <span class='ocr_line' id='line_1_30' title="bbox 54 3245 1110 3323; baseline -0.007 -16"><span class='ocrx_word' id='word_1_232' title='bbox 54 3245 201 3307; x_wconf 85' lang='lat' dir='ltr'>simulatio</span> <span class='ocrx_word' id='word_1_233' title='bbox 216 3247 382 3306; x_wconf 88' lang='lat' dir='ltr'>sanctitatis.</span> <span class='ocrx_word' id='word_1_234' title='bbox 424 3246 530 3306; x_wconf 89' lang='lat' dir='ltr'>Omnis</span> <span class='ocrx_word' id='word_1_235' title='bbox 544 3264 615 3323; x_wconf 86' lang='lat' dir='ltr'>ergo</span> <span class='ocrx_word' id='word_1_236' title='bbox 630 3246 756 3315; x_wconf 90' lang='lat' dir='ltr'>accidus,</span> <span class='ocrx_word' id='word_1_237' title='bbox 768 3247 841 3305; x_wconf 90' lang='lat' dir='ltr'>sicut</span> <span class='ocrx_word' id='word_1_238' title='bbox 855 3245 952 3303; x_wconf 90' lang='lat' dir='ltr'>omnis</span> <span class='ocrx_word' id='word_1_239' title='bbox 963 3252 1110 3319; x_wconf 89' lang='lat' dir='ltr'>peccator,</span> 
     </span>
     <span class='ocr_line' id='line_1_31' title="bbox 54 3341 1110 3421; baseline -0.006 -18"><span class='ocrx_word' id='word_1_240' title='bbox 54 3353 161 3421; x_wconf 92' lang='lat' dir='ltr'>peccat</span> <span class='ocrx_word' id='word_1_241' title='bbox 174 3344 204 3402; x_wconf 91' lang='lat' dir='ltr'>in</span> <span class='ocrx_word' id='word_1_242' title='bbox 220 3343 375 3420; x_wconf 89' lang='lat' dir='ltr'>hypocrisi,</span> <span class='ocrx_word' id='word_1_243' title='bbox 391 3361 459 3402; x_wconf 93' lang='lat' dir='ltr'>cum</span> <span class='ocrx_word' id='word_1_244' title='bbox 479 3344 549 3404; x_wconf 84' lang='lat' dir='ltr'>false</span> <span class='ocrx_word' id='word_1_245' title='bbox 569 3343 684 3403; x_wconf 92' lang='lat' dir='ltr'>simulat</span> <span class='ocrx_word' id='word_1_246' title='bbox 698 3345 881 3402; x_wconf 89' lang='lat' dir='ltr'>sanctitatem</span> <span class='ocrx_word' id='word_1_247' title='bbox 890 3360 898 3413; x_wconf 75' lang='lat'><em>3</em></span> <span class='ocrx_word' id='word_1_248' title='bbox 920 3351 949 3400; x_wconf 91' lang='lat' dir='ltr'>et</span> <span class='ocrx_word' id='word_1_249' title='bbox 968 3342 1024 3399; x_wconf 91' lang='lat' dir='ltr'>ista</span> <span class='ocrx_word' id='word_1_250' title='bbox 1038 3341 1110 3415; x_wconf 89' lang='lat' dir='ltr'>tepi-</span> 
     </span>
     <span class='ocr_line' id='line_1_32' title="bbox 55 3441 1110 3513; baseline -0.007 -11"><span class='ocrx_word' id='word_1_251' title='bbox 55 3443 145 3502; x_wconf 85' lang='lat' dir='ltr'>ditate</span> <span class='ocrx_word' id='word_1_252' title='bbox 170 3442 293 3501; x_wconf 90' lang='lat' dir='ltr'>inficitur</span> <span class='ocrx_word' id='word_1_253' title='bbox 317 3453 394 3501; x_wconf 90' lang='lat' dir='ltr'>totus</span> <span class='ocrx_word' id='word_1_254' title='bbox 419 3442 554 3502; x_wconf 89' lang='lat' dir='ltr'>mundus.</span> <span class='ocrx_word' id='word_1_255' title='bbox 606 3441 652 3500; x_wconf 79' lang='lat' dir='ltr'>Ex</span> <span class='ocrx_word' id='word_1_256' title='bbox 677 3441 734 3500; x_wconf 93' lang='lat' dir='ltr'>hoc</span> <span class='ocrx_word' id='word_1_257' title='bbox 760 3441 839 3498; x_wconf 91' lang='lat' dir='ltr'>enim</span> <span class='ocrx_word' id='word_1_258' title='bbox 865 3449 997 3497; x_wconf 88' lang='lat' dir='ltr'>causatur</span> <span class='ocrx_word' id='word_1_259' title='bbox 1021 3455 1110 3513; x_wconf 87' lang='lat' dir='ltr'>quae·</span> 
     </span>
     <span class='ocr_line' id='line_1_33' title="bbox 55 3535 1105 3618; baseline -0.009 -17"><span class='ocrx_word' id='word_1_260' title='bbox 55 3558 173 3617; x_wconf 88' lang='lat' dir='ltr'>cunque</span> <span class='ocrx_word' id='word_1_261' title='bbox 188 3541 302 3618; x_wconf 85' lang='lat' dir='ltr'>pigritia</span> <span class='ocrx_word' id='word_1_262' title='bbox 315 3540 367 3599; x_wconf 85' lang='lat' dir='ltr'>vel</span> <span class='ocrx_word' id='word_1_263' title='bbox 374 3539 526 3600; x_wconf 89' lang='lat' dir='ltr'>delectatio</span> <span class='ocrx_word' id='word_1_264' title='bbox 546 3550 693 3599; x_wconf 90' lang='lat' dir='ltr'>creaturae</span> <span class='ocrx_word' id='word_1_265' title='bbox 710 3538 857 3597; x_wconf 90' lang='lat' dir='ltr'>rationalis</span> <span class='ocrx_word' id='word_1_266' title='bbox 877 3536 1013 3606; x_wconf 87' lang='lat' dir='ltr'>indebita,</span> <span class='ocrx_word' id='word_1_267' title='bbox 1028 3535 1105 3612; x_wconf 91' lang='lat' dir='ltr'>quia,</span> 
     </span>
     <span class='ocr_line' id='line_1_34' title="bbox 55 3634 1109 3712; baseline -0.003 -13"><span class='ocrx_word' id='word_1_268' title='bbox 55 3641 80 3699; x_wconf 89' lang='lat' dir='ltr'>si</span> <span class='ocrx_word' id='word_1_269' title='bbox 95 3638 215 3698; x_wconf 88' lang='lat' dir='ltr'>haberet</span> <span class='ocrx_word' id='word_1_270' title='bbox 228 3656 360 3697; x_wconf 90' lang='lat' dir='ltr'>amorem</span> <span class='ocrx_word' id='word_1_271' title='bbox 374 3639 404 3696; x_wconf 91' lang='lat' dir='ltr'>in</span> <span class='ocrx_word' id='word_1_272' title='bbox 419 3639 485 3697; x_wconf 91' lang='lat' dir='ltr'>Deo</span> <span class='ocrx_word' id='word_1_273' title='bbox 500 3638 569 3697; x_wconf 89' lang='lat' dir='ltr'>satis</span> <span class='ocrx_word' id='word_1_274' title='bbox 583 3639 738 3706; x_wconf 89' lang='lat' dir='ltr'>intensum,</span> <span class='ocrx_word' id='word_1_275' title='bbox 754 3647 901 3712; x_wconf 89' lang='lat' dir='ltr'>torporem</span> <span class='ocrx_word' id='word_1_276' title='bbox 921 3634 1002 3694; x_wconf 88' lang='lat' dir='ltr'>illurn</span> <span class='ocrx_word' id='word_1_277' title='bbox 1021 3651 1109 3696; x_wconf 86' lang='lat' dir='ltr'>excu-</span> 
     </span>
     <span class='ocr_line' id='line_1_35' title="bbox 54 3733 1107 3814; baseline -0.008 -17"><span class='ocrx_word' id='word_1_278' title='bbox 54 3748 137 3808; x_wconf 88' lang='lat' dir='ltr'>teret,</span> <span class='ocrx_word' id='word_1_279' title='bbox 152 3747 182 3796; x_wconf 93' lang='lat' dir='ltr'>et</span> <span class='ocrx_word' id='word_1_280' title='bbox 196 3736 323 3814; x_wconf 85' lang='lat' dir='ltr'>perfecte</span> <span class='ocrx_word' id='word_1_281' title='bbox 338 3737 466 3796; x_wconf 91' lang='lat' dir='ltr'>amando</span> <span class='ocrx_word' id='word_1_282' title='bbox 482 3737 580 3796; x_wconf 87' lang='lat' dir='ltr'>Deum</span> <span class='ocrx_word' id='word_1_283' title='bbox 595 3736 649 3794; x_wconf 91' lang='lat' dir='ltr'>sibi</span> <span class='ocrx_word' id='word_1_284' title='bbox 663 3735 758 3794; x_wconf 91' lang='lat' dir='ltr'>debite</span> <span class='ocrx_word' id='word_1_285' title='bbox 777 3734 940 3794; x_wconf 89' lang='lat' dir='ltr'>deserviret.</span> <span class='ocrx_word' id='word_1_286' title='bbox 982 3733 1020 3791; x_wconf 89' lang='lat' dir='ltr'>Et</span> <span class='ocrx_word' id='word_1_287' title='bbox 1040 3750 1107 3791; x_wconf 91' lang='lat' dir='ltr'>cum</span> 
     </span>
     <span class='ocr_line' id='line_1_36' title="bbox 55 3831 1109 3914; baseline -0.005 -17"><span class='ocrx_word' id='word_1_288' title='bbox 55 3846 211 3914; x_wconf 90' lang='lat' dir='ltr'>peccatum</span> <span class='ocrx_word' id='word_1_289' title='bbox 235 3835 432 3913; x_wconf 91' lang='lat' dir='ltr'>quodcunque</span> <span class='ocrx_word' id='word_1_290' title='bbox 455 3846 589 3895; x_wconf 90' lang='lat' dir='ltr'>causatur</span> <span class='ocrx_word' id='word_1_291' title='bbox 613 3835 644 3893; x_wconf 92' lang='lat' dir='ltr'>in</span> <span class='ocrx_word' id='word_1_292' title='bbox 665 3834 813 3911; x_wconf 85' lang='lat' dir='ltr'>tepiditate</span> <span class='ocrx_word' id='word_1_293' title='bbox 838 3831 1008 3903; x_wconf 88' lang='lat' dir='ltr'>dilectionis,</span> <span class='ocrx_word' id='word_1_294' title='bbox 1029 3840 1109 3910; x_wconf 89' lang='lat' dir='ltr'>patet</span> 
     </span>
    </p>
   </div>
   <div class='ocr_carea' id='block_1_6' title="bbox 53 4026 1108 4281">
    <p class='ocr_par' dir='ltr' id='par_1_6' title="bbox 53 4026 1108 4281">
     <span class='ocr_line' id='line_1_37' title="bbox 88 4026 1108 4094; baseline -0.003 -17"><span class='ocrx_word' id='word_1_295' title='bbox 88 4027 97 4056; x_wconf 90' lang='lat'>¹</span> <span class='ocrx_word' id='word_1_296' title='bbox 114 4027 287 4094; x_wconf 84' lang='lat' dir='ltr'>concedendo]</span> <span class='ocrx_word' id='word_1_297' title='bbox 299 4027 417 4083; x_wconf 85' lang='lat' dir='ltr'>concedo,</span> <span class='ocrx_word' id='word_1_298' title='bbox 430 4027 458 4076; x_wconf 90' lang='lat' dir='ltr'>B.</span> <span class='ocrx_word' id='word_1_299' title='bbox 471 4027 509 4078; x_wconf 89' lang='lat' dir='ltr'>ed.</span> <span class='ocrx_word' id='word_1_300' title='bbox 522 4045 558 4093; x_wconf 89' lang='lat' dir='ltr'>pr.</span> <span class='ocrx_word' id='word_1_301' title='bbox 642 4028 652 4056; x_wconf 76' lang='lat'>²</span> <span class='ocrx_word' id='word_1_302' title='bbox 668 4026 763 4091; x_wconf 88' lang='lat' dir='ltr'>autem]</span> <span class='ocrx_word' id='word_1_303' title='bbox 775 4042 825 4076; x_wconf 90' lang='lat' dir='ltr'>om.</span> <span class='ocrx_word' id='word_1_304' title='bbox 839 4026 866 4074; x_wconf 90' lang='lat' dir='ltr'>B.</span> <span class='ocrx_word' id='word_1_305' title='bbox 879 4026 917 4076; x_wconf 88' lang='lat' dir='ltr'>ed.</span> <span class='ocrx_word' id='word_1_306' title='bbox 927 4041 962 4089; x_wconf 90' lang='lat' dir='ltr'>pr.</span> <span class='ocrx_word' id='word_1_307' title='bbox 1044 4026 1054 4055; x_wconf 84' lang='lat'>⁸</span> <span class='ocrx_word' id='word_1_308' title='bbox 1070 4026 1108 4074; x_wconf 87' lang='lat' dir='ltr'>vel</span> 
     </span>
     <span class='ocr_line' id='line_1_38' title="bbox 53 4091 1108 4158; baseline -0.003 -16"><span class='ocrx_word' id='word_1_309' title='bbox 53 4092 238 4156; x_wconf 86' lang='lat' dir='ltr'>convertibilia]</span> <span class='ocrx_word' id='word_1_310' title='bbox 256 4109 305 4143; x_wconf 90' lang='lat' dir='ltr'>om.</span> <span class='ocrx_word' id='word_1_311' title='bbox 324 4094 364 4149; x_wconf 77' lang='lat' dir='ltr'>A..</span> <span class='ocrx_word' id='word_1_312' title='bbox 381 4095 411 4143; x_wconf 90' lang='lat' dir='ltr'>C.</span> <span class='ocrx_word' id='word_1_313' title='bbox 424 4094 517 4158; x_wconf 88' lang='lat' dir='ltr'>primae</span> <span class='ocrx_word' id='word_1_314' title='bbox 533 4108 629 4143; x_wconf 75' lang='lat' dir='ltr'>manua</span> <span class='ocrx_word' id='word_1_315' title='bbox 833 4092 841 4120; x_wconf 84' lang='lat'>¹</span> <span class='ocrx_word' id='word_1_316' title='bbox 858 4091 973 4156; x_wconf 85' lang='lat' dir='ltr'>quiescit]</span> <span class='ocrx_word' id='word_1_317' title='bbox 991 4091 1108 4156; x_wconf 82' lang='lat' dir='ltr'>quiescat,</span> 
     </span>
     <span class='ocr_line' id='line_1_39' title="bbox 54 4156 1107 4281; baseline -0.002 -72"><span class='ocrx_word' id='word_1_318' title='bbox 54 4159 160 4281; x_wconf 34' lang='lat' dir='ltr'>{palpa</span> <span class='ocrx_word' id='word_1_319' title='bbox 172 4223 205 4273; x_wconf 41' lang='lat' dir='ltr'>D·</span> <span class='ocrx_word' id='word_1_320' title='bbox 254 4159 349 4224; x_wconf 68' lang='grc' dir='ltr'>5ειιιιῑ]</span> <span class='ocrx_word' id='word_1_321' title='bbox 361 4175 411 4209; x_wconf 84' lang='grc' dir='ltr'>οιιι.</span> <span class='ocrx_word' id='word_1_322' title='bbox 424 4160 456 4210; x_wconf 86' lang='grc' dir='ltr'>Α.</span> <span class='ocrx_word' id='word_1_323' title='bbox 566 4161 576 4189; x_wconf 80' lang='lat'>⁰</span> <span class='ocrx_word' id='word_1_324' title='bbox 592 4157 728 4224; x_wconf 85' lang='lat' dir='ltr'>hypocrisi]</span> <span class='ocrx_word' id='word_1_325' title='bbox 740 4157 860 4222; x_wconf 85' lang='lat' dir='ltr'>ypocrita,</span> <span class='ocrx_word' id='word_1_326' title='bbox 872 4156 905 4207; x_wconf 94' lang='lat' dir='ltr'>D.</span> <span class='ocrx_word' id='word_1_327' title='bbox 1016 4156 1026 4185; x_wconf 76' lang='lat'>¹</span> <span class='ocrx_word' id='word_1_328' title='bbox 1044 4157 1107 4221; x_wconf 91' lang='lat' dir='ltr'>tam]</span> 
     </span>
    </p>
   </div>
   <div class='ocr_carea' id='block_1_7' title="bbox 0 0 1436 4836">
    <p class='ocr_par' dir='ltr' id='par_1_7' title="bbox 0 0 1436 4836">
     <span class='ocr_line' id='line_1_40' title="bbox 0 0 1436 4836; baseline 0 2"><span class='ocrx_word' id='word_1_329' title='bbox 0 0 1436 4836; x_wconf 95' lang='lat' dir='ltr'> </span> 
     </span>
    </p>
   </div>
  </div>
 </body>
</html>
