2864 4836
91 473 170 517 cine
452 450 790 513 TRIALOGUS.

90 620 351 690 quantumcunque
364 613 485 673 variata¹
497 614 618 674 materia
628 614 672 673 vel
686 614 880 674 animatioue¹
894 614 1034 692 ejusdem,
1045 624 1145 674 manet

91 709 231 768 continue
244 711 349 769 eadem
364 728 500 787 persona,
514 712 626 771 ratione
641 712 832 772 intellectivae
846 713 997 784 essentiae,
1009 731 1086 789 quae
1100 723 1145 772 est

90 807 197 866 anima
244 806 438 867 Postmodum
457 819 554 868 autem
573 819 641 886 post
660 809 738 869 diem
755 809 857 887 judicii
877 811 1018 869 animabit
1037 827 1145 886 corpus

91 905 316 983 incorruptibile,
328 909 369 966 sic
380 907 461 984 quod
472 908 659 968 ascendendo
675 909 843 968 devenietur
853 910 892 967 ab
903 909 1146 969 individuatione⁸

92 1004 235 1081 suppositi
249 1023 287 1063 ex
301 1023 354 1064 sua
368 1006 495 1077 materia,
510 1015 541 1064 ut
555 1023 644 1065 causa
657 1007 811 1065 materiali¹
826 1007 924 1083 priori,
936 1007 975 1065 ad
985 1007 1144 1066 individua·

92 1102 206 1161 tionem
219 1119 363 1178 personae
379 1121 416 1162 ex
430 1121 482 1162 sua
496 1103 599 1174 forma,
614 1121 690 1180 quae
709 1113 754 1163 est
773 1101 876 1164 causa⁶
892 1105 1051 1165 essentialis
1066 1107 1146 1181 prius

92 1200 260 1260 naturaliter
283 1201 329 1260 vel
353 1200 539 1278 originaliter,
564 1219 652 1277 quam
681 1213 725 1261 est
748 1202 812 1262 talis
836 1203 964 1262 materia
1017 1202 1054 1261 Et
1078 1203 1147 1280 quia

92 1298 230 1367 actuario,
245 1316 303 1375 qua
323 1298 507 1375 suppositum
529 1300 606 1376 capit
628 1318 711 1358 suam
732 1300 931 1376 quidditatem,
952 1311 996 1359 est
1016 1302 1146 1359 medium

93 1397 131 1456 ad
153 1396 227 1455 haec
247 1396 316 1467 duo,
331 1395 398 1455 ideo
419 1396 585 1474 philosophi
606 1399 762 1474 ceperunt¹
781 1399 838 1457 hoc
852 1398 991 1469 medium,
1009 1398 1089 1476 quod
1104 1409 1147 1457 est

92 1512 252 1554 commune
266 1493 368 1554 formis
382 1495 586 1566 materialibus
601 1506 630 1554 et
644 1496 819 1573 reliquerunt
834 1495 965 1555 fidelibus
980 1497 1145 1555 considera-

93 1595 206 1654 tionem
230 1594 267 1653 de
291 1594 389 1653 anima
413 1594 591 1667 intellectiva,
618 1596 782 1655 secundum
807 1595 886 1671 quod
914 1606 1011 1654 actuat
1039 1614 1146 1673 corpus

95 1692 282 1770 corruptibile
303 1692 351 1752 hie
372 1692 470 1764 invia,
485 1694 526 1753 sic
541 1694 622 1770 quod
642 1704 704 1753 tota
725 1693 916 1770 personalitas
937 1694 1065 1753 hominis
1087 1712 1146 1753 ser-

94 1792 288 1868 vanuinipso
297 1791 406 1868 spiritu,
417 1793 490 1851 sicut
500 1801 562 1852 tota
573 1792 765 1868 suppositatio
776 1790 1146 1852 individuae²substantiae

95 1900 225 1949 servatur
251 1890 281 1947 in
309 1890 372 1966 ipsa
398 1890 526 1949 materia
581 1889 619 1948 Et
646 1890 685 1948 ita
717 1900 818 1966 posset
845 1888 911 1959 dici,
940 1889 1022 1967 quod
1049 1889 1148 1947 anima

96 1986 235 2058 humana,
246 1988 334 2046 etiam
348 1998 488 2063 separata,
500 1998 544 2046 est
558 1997 640 2047 actus
654 1988 784 2065 corporis
799 1987 935 2046 naturalis
948 1988 1147 2047 instrumenti¹
1243 2056 1245 2058 ,

95 2085 135 2145 ad
157 2084 369 2144 exercendum¹
390 2086 575 2161 operationes
596 2085 703 2156 vitales,
727 2103 794 2144 cum
816 2085 981 2144 naturaliter
1002 2085 1148 2145 subducto

95 2194 219 2260 peccato
239 2182 331 2241 homo
355 2183 472 2254 viveret,
493 2200 647 2259 quousque
672 2183 710 2242 ad
730 2182 940 2241 beatitudinem
961 2183 1149 2260 plenariam¹⁰

95 2282 266 2358 perveniret.
311 2280 393 2340 Sicut
406 2280 517 2351 dicitur,
532 2281 613 2357 quod
626 2282 725 2340 anima
738 2280 846 2341 Christi
861 2292 994 2358 separata
1011 2283 1043 2340 in
1057 2281 1148 2341 limbo

95 2379 149 2438 tuit
164 2380 262 2437 anima
276 2397 330 2456 pro
343 2379 392 2438 illo
407 2378 511 2448 triduo,
525 2388 555 2436 et
570 2388 668 2437 tamen
682 2397 744 2437 non
759 2389 829 2438 ttrnc
848 2379 997 2439 actualiter
1011 2380 1149 2438 animavit

96 2494 205 2554 corpus
219 2495 313 2547 suum,
327 2477 380 2536 sed
398 2476 451 2535 suit
470 2477 500 2534 in
518 2476 709 2553 dispositione
727 2479 893 2554 propinqua
912 2488 940 2536 et
953 2477 1053 2536 habuit
1067 2477 1148 2536 habi-

96 2576 229 2634 tudinem
254 2575 422 2634 naturalem.
472 2574 511 2633 Et
535 2575 574 2634 ita
597 2574 707 2634 habent
729 2593 833 2634 omnes
859 2576 973 2633 animae
998 2586 1148 2652 separatae

97 2672 246 2750 quandam
265 2671 473 2744 habitudinem,
495 2673 657 2732 secundum
676 2691 765 2749 quam
780 2672 913 2750 corpus¹¹
927 2672 1104 2732 assument¹¹
1118 2673 1149 2731 in

98 2770 177 2829 linali
189 2770 308 2847 judicio.

98 2874 104 2879 ’
140 2869 200 2928 Sed
218 2869 487 2946 quomodocunque
506 2871 543 2928 sit
564 2867 600 2928 de
614 2868 707 2941 hoc¹¹,
727 2871 838 2929 videtur
858 2869 929 2928 mihi
951 2868 1031 2947 quod
1051 2870 1149 2929 omnis

97 2970 189 3029 homo
215 2969 303 3027 habet
326 2968 357 3027 in
381 2986 412 3028 se
438 2970 510 3028 duas
534 2969 679 3027 maneries
706 2970 877 3039 animarum,
902 2987 992 3027 unam
1017 2969 1148 3046 spiritum
1206 2984 1224 3008 ¹¹¹
1251 2999 1256 3010 ·

97 3066 301 3136 immortalem,
316 3084 391 3142 quae
412 3075 457 3125 est
477 3065 608 3125 eadem¹¹
629 3084 843 3142 personatum
865 3066 993 3135 homine,
1013 3077 1042 3125 et
1063 3065 1149 3125 aliam

97 3164 314 3241 corruptibilem
330 3163 453 3222 similem
467 3164 582 3223 animae
596 3164 760 3234 bestiarum,
773 3182 847 3240 quae
861 3165 960 3222 anima
973 3181 1034 3222 non
1049 3174 1093 3223 est
1104 3181 1150 3222 res

98 3281 174 3340 quae
188 3271 286 3339 potest
299 3279 353 3338 per
362 3279 393 3320 se
408 3262 539 3331 existere,
551 3260 604 3320 sed
618 3261 737 3320 actualis
751 3280 785 3319 ac
797 3261 991 3320 substantialis
1002 3261 1149 3332 animati0,

98 3360 261 3420 secundum
282 3377 371 3437 quarn
393 3377 500 3436 corpus
521 3360 592 3418 est¹⁶
613 3360 644 3418 in
665 3361 761 3436 specie
785 3359 833 3418 tali
854 3359 898 3417 vel
920 3357 977 3417 tali.
1019 3358 1151 3417 Dicere¹¹

98 3470 198 3520 autem
220 3458 265 3518 vel
290 3459 373 3528 scire,
394 3467 466 3535 quot
487 3458 601 3517 animae
623 3468 690 3517 sunt
711 3457 741 3514 in
762 3474 885 3533 corpore
906 3454 1065 3527 anuloso¹¹,
1088 3473 1149 3515 non

135 3656 142 3686 ¹
160 3655 264 3769 mnan]
280 3656 396 3713 variatur,
408 3657 501 3706 A.B.C.
514 3657 553 3705 ed.
564 3671 601 3731 pr.
722 3653 732 3682 ¹
748 3651 910 3716 animatione]
923 3650 1050 3709 animatio,
1063 3653 1100 3701 ed.
1112 3667 1149 3765 pr.

98 3723 109 3751 ¹
125 3722 159 3770 ab
170 3721 245 3770 indivi
263 3721 373 3785 natione]
386 3721 418 3770 ad
429 3722 655 3776 individuatronern,
669 3718 760 3768 ΑΒΕ.
772 3718 811 3768 ed.
822 3733 859 3782 pr.
990 3717 999 3745 ⁴
1015 3718 1118 3767 nrateria
1128 3717 1148 3781 i]

99 3785 232 3841 essentiali.
244 3785 308 3837 ct).
320 3786 358 3836 ed.
370 3802 407 3851 pr.
506 3787 516 3815 ¹
533 3785 617 3849 causa]
630 3801 680 3834 om,
692 3785 754 3833 ΑΒ.
841 3784 851 3812 ¹
869 3781 996 3848 oeperunt]
1010 3790 1149 3847 coeperant,

99 3852 139 3902 ed.
151 3867 188 3916 pr.
286 3850 296 3880 ¹
312 3851 463 3915 individuae]
476 3851 602 3906 individui,
612 3851 674 3899 ΑΒ.
687 3850 725 3899 ed.
738 3865 774 3914 pr.
857 3849 867 3878 ¹
883 3847 1050 3911 instrumenti]
1062 3848 1150 3896 instru-

99 3916 211 3972 merrtati,
224 3916 283 3967 B.C.
294 3916 333 3967 ed.
344 3930 382 3981 pr.
481 3917 491 3947 ¹
507 3914 693 3980 excercendum]
707 3931 756 3964 om.
768 3915 806 3963 ed.
818 3929 855 3978 pr.
966 3912 985 3941 ¹¹
1001 3912 1148 3977 plenariam]

99 3982 216 4077 plenarie,
229 3981 323 4032 A.B.C.
335 3982 373 4032 ed.
385 3998 422 4047 pr.
572 3982 590 4010 ¹¹
608 3980 742 4030 secundum
754 3995 827 4044 qnam
839 3977 941 4043 corpus]
954 3993 1003 4026 om.
1017 3977 1049 4026 D.
1062 3978 1100 4027 ed.
1112 3992 1150 4041 pr.

134 4047 271 4111 assument]
283 4055 407 4097 assument
419 4046 527 4104 omnino,
541 4045 573 4096 D.
585 4046 623 4096 ed.
635 4062 672 4111 pr.
813 4045 830 4074 ¹³
847 4045 878 4094 de
889 4043 949 4107 hoc]
961 4043 1049 4098 adhuc,
1061 4043 1100 4091 ed.
1111 4058 1149 4107 pr.

99 4113 117 4143 ¹¹
134 4111 232 4176 eadem]
251 4113 336 4163 eadem
354 4112 411 4168 sere,
429 4113 458 4162 C.
475 4113 513 4161 ed.
531 4127 583 4176 pn:
606 4111 692 4160 eadem
709 4125 814 4176 persona
831 4110 888 4166 sere,
901 4110 929 4157 B.
945 4108 1038 4172 primae
1054 4122 1150 4156 manus.

99 4181 117 4209 ¹¹
133 4177 184 4242 est]
196 4184 234 4226 est
244 4177 344 4233 animal.
356 4177 390 4226 D.
401 4178 439 4229 ed.
452 4193 488 4242 pr.
644 4177 663 4206 ¹¹
679 4175 771 4240 dicere]
783 4191 906 4289 quaerere.
917 4173 955 4224 ed.
968 4190 1004 4238 pr.
1016 4173 1045 4223 C.
1058 4173 1151 4248 primae

98 4259 195 4298 manus.
208 4243 240 4291 D.
307 4242 325 4274 ¹⁷
342 4259 431 4307 corpus
442 4241 595 4298 annulosum.
607 4242 676 4307 quasi
688 4258 718 4293 ex
729 4257 795 4291 annu
806 4241 826 4289 is
838 4240 948 4304 pluribus
957 4247 1129 4304 compositum.
