2864 4836
510 408 767 497 Josrrms
806 408 1047 479 uretur
1240 430 1303 469 a...

243 589 390 653 aurose,
414 581 492 641 deut
517 572 702 659 supponas,
724 576 809 656 qood
834 587 903 639 um
929 578 995 657 ipsi
1025 594 1126 657 qum
1149 575 1256 655 posui·
1271 588 1301 633 s

243 668 1301 757 ueghgeudauoddcotiouiseccleeiaeanltemiumoru‘sertiuh

243 776 369 852 graviter
387 784 600 853 peccavemnt;
628 772 1057 853 etgraredodiiuspeccati
1078 762 1304 835 crsutinueieu²

243 874 337 945 lescit,
351 888 420 933 cum
437 872 558 952 praelati
572 870 710 933 Goemrei
722 870 905 933 seculanhus
918 871 1077 933 dominiis
1095 872 1167 951 pius
1182 870 1306 933 ui}

244 972 409 1042 amantur,
423 982 454 1031 et
466 986 529 1031 nou
546 970 683 1033 obstante
700 968 924 1031 fortificatione¹
944 968 1126 1031 evidentiae
1143 968 1231 1047 hu‘p
1244 964 1305 1025 hori·

245 1068 438 1129 decimarrdse
461 1070 601 1129 continue
623 1077 740 1129 armant
758 1084 792 1127 se
811 1066 1010 1145 pertinacius,
1032 1066 1199 1147 quomodo
1215 1062 1300 1127 dein·

245 1164 978 1244 daut'domiuiumoecupatrrmperclcricos5
1017 1160 1300 1225 evisam

245 1262 409 1323 secundnm
428 1264 515 1324 istam
535 1264 678 1325 rationem
698 1264 837 1325 continue
861 1262 1031 1323 invalescit.
1078 1262 1219 1343 Smspuui
1234 1260 1305 1321 eis·

246 1371 351 1438 potest,
375 1362 458 1439 quod
481 1360 627 1421 Hilarius
648 1361 830 1440 nugam
850 1358 1032 1421 Andronis
1055 1370 1091 1423 et
1108 1360 1202 1421 ceteri
1222 1358 1301 1419 nti

245 1456 284 1519 de
304 1460 539 1536 possessionibus
558 1458 666 1520 habitis
684 1460 816 1519 dxeram
834 1458 905 1519 satis
929 1474 1036 1535 perce,
1060 1468 1095 1519 et
1118 1456 1205 1537 quod
1225 1454 1300 1533 eiipi

245 1555 362 1617 fuerunt
380 1556 411 1616 iu
429 1557 554 1617 remisso
570 1558 725 1635 proposito
737 1552 919 1617 mationem
938 1556 1124 1633 hujusmodi
1141 1552 1301 1625 dhnittud

246 1655 320 1714 sicut
332 1656 436 1715 beatus
449 1654 637 1715 Porrriimirr
648 1656 749 1716 recitat
762 1653 800 1714 de
815 1655 904 1713 heuto
916 1652 1102 1731 Augustino,
1116 1652 1203 1733 quod
1214 1652 1303 1713 uidem

246 1753 370 1813 ciericos
390 1770 462 1814 suos
485 1754 563 1813 circo
585 1754 791 1831 possessiones
813 1768 883 1811 curn
902 1750 1020 1811 ciuhus
1043 1753 1112 1812 suis
1134 1748 1302 1813 corindae

235 1850 337 1911 ¹voluit
350 1851 482 1913 redditus
497 1850 563 1911 ilios
575 1850 720 1911 dimittere
733 1860 763 1911 et
775 1848 871 1909 vivere
884 1847 922 1908 de
935 1848 1120 1911 elemosinis
1137 1859 1171 1909 et
1183 1848 1302 1915 definit

246 1949 321 2009 sicut
343 1950 475 2009 vixeram
498 1958 597 2027 patres
616 1948 731 2009 Veteris
753 1944 946 2007 Testamenti.
991 1946 1058 2007 Sed
1082 1946 1214 2009 fimiter
1234 1947 1304 2007 circs

248 2044 459 2124 Hipponenses
472 2047 671 2123 receptionem
689 2045 846 2107 dotationis
863 2044 1037 2122 hujumodi
1057 2056 1234 2107 nunaunt.
1268 2040 1304 2103 ih

247 2144 289 2203 sic
304 2144 431 2221 supponi
449 2152 548 2221 potest
565 2143 604 2205 de
617 2142 766 2203 Androrio
785 2152 814 2203 et
832 2142 896 2203 aliis
913 2142 1025 2203 sanctis
1043 2144 1213 2223 episcopis.
1251 2140 1305 2201 Sed

248 2239 1035 2318 certumestquodexisteutesuimisremin’iu
1066 2238 1303 2319 ietoprup'ou'tu

248 2348 457 2416 peccaverunt;
489 2337 557 2399 ideo
573 2332 722 2416 'quamdiu
747 2337 794 2398 isti
821 2338 914 2397 mucii
937 2336 1058 2398 iuenmt
1083 2338 1120 2399 in
1142 2336 1306 2417 metendo

249 2436 449 2514 postmodum,
462 2437 641 2513 ignoramus.
682 2434 722 2496 Et
739 2436 781 2496 sic
799 2435 907 2513 scripte
924 2434 1103 2513 apocrypha
1121 2436 1303 2515 allegantis

249 2537 303 2593 ista
331 2535 451 2594 materia
478 2534 677 2593 detestamur⁵.
728 2532 767 2594 Et
794 2534 835 2592 sic
863 2534 945 2610 quod
972 2530 1028 2592 fuit
1055 2544 1223 2610 peccattuu
1248 2530 1304 2592 lere

249 2642 381 2708 tempore
402 2631 562 2708 Augustr'm'
583 2641 627 2690 est
647 2649 764 2690 versum
787 2632 818 2690 in
839 2628 983 2689 haeresim
1004 2632 1205 2706 pertinacem.
1245 2630 1304 2689 Nec

250 2730 368 2787 miretur
382 2728 482 2799 tidelis,
498 2729 578 2804 quod
592 2729 616 2787 si
631 2730 742 2788 essem⁰
756 2728 868 2805 positus
882 2744 935 2805 per
947 2728 1140 2804 impossibile
1158 2730 1190 2789 in
1209 2746 1304 2789 neces·

61 2839 100 2867 0..
112 2839 204 2906 ,mm
250 2826 349 2885 sitate⁷
369 2825 560 2903 adoptionis⁸,
574 2826 620 2885 vel
642 2826 813 2897 concedere,
828 2826 909 2902 quod
929 2825 976 2883 isti
996 2821 1075 2884 sint'
1089 2826 1228 2887 damnati
1246 2838 1304 2886 tan·

86 2914 184 2988 ”iim
250 2942 338 2999 quam
353 2923 498 2994 haeretici,
513 2923 557 2981 vel
571 2924 654 2999 quod
672 2923 852 2983 meritorium
870 2925 906 2982 sit
919 2932 949 2981 et
967 2922 1115 2981 licitum²⁰
1129 2925 1256 2984 ciericos
1267 2923 1305 2982 sic

250 3021 352 3092 dotari,
367 3021 447 3098 quod
469 3021 658 3097 praefigerem
679 3021 803 3096 primam
824 3030 945 3097 partem,
960 3028 989 3077 et
1005 3020 1178 3081 secundam
1197 3032 1304 3100 partem

249 3119 419 3196 aufugerem
440 3122 587 3196 tanqusm'
601 3121 770 3195 oppositum
791 3119 857 3177 fidei
877 3118 1069 3178 Christianae.
1115 3116 1156 3178 Iu
1177 3131 1305 3181 neutrum

250 3225 349 3275 tamur
362 3217 481 3275 istarum
495 3217 620 3292 partium
634 3216 742 3286 incido,
754 3216 807 3275 sed
821 3216 932 3275 evitans
946 3213 1075 3290 Scyllam
1084 3224 1117 3273 et
1130 3214 1304 3277 Caribdiru¹¹

249 3325 365 3374 nauseo
386 3334 438 3392 per
458 3315 597 3386 medium,
618 3314 729 3373 dictum
749 3332 849 3373 meum
869 3330 932 3372 non
952 3312 1110 3372 diffiniens.
1156 3312 1225 3375 Nec
1248 3315 1306 3373 scio

249 3431 389 3472 excusare
407 3412 553 3489 praelatos
571 3412 731 3472 modernos
751 3413 789 3471 ab
809 3411 931 3481 haeresi,
950 3409 1002 3470 sed
1021 3410 1140 3470 cavebo
1160 3412 1306 3472 diffinitive

249 3528 387 3581 asserere,
408 3510 489 3587 quod
510 3528 547 3569 ex
567 3508 626 3569 Dei
645 3510 838 3586 praescientia
858 3509 914 3568 sint
935 3506 1114 3579 damnandi3
1150 3509 1212 3569 hoc
1229 3512 1305 3568 euim

249 3608 363 3666 excellit
384 3625 481 3667 meam
502 3607 634 3667 notitiam
650 3607 686 3666 de
708 3624 885 3684 quocunque
906 3622 995 3682 quem
1008 3604 1128 3663 rideo¹⁸
1149 3617 1305 3683 quantumi-

283 3805 291 3834 ¹
308 3802 493 3869 iustificatione]
505 3802 679 3858 iortiisctione¹
691 3818 714 3851 s.
725 3804 750 3852 b.
905 3801 915 3830 ²
930 3799 1077 3865 defendant]
1089 3800 1237 3858 defenduat
1250 3802 1303 3851 Ars

249 3867 414 3924 defenderent,
426 3869 456 3917 C.
637 3867 647 3896 ²
664 3868 700 3932 et]
714 3867 780 3923 item.
792 3868 822 3917 C.
1001 3865 1010 3894 ⁴
1026 3864 1150 3931 allegata]
1163 3883 1216 3917 om.
1227 3866 1304 3917 nhc.

248 3933 258 3962 ⁶
274 3932 436 3994 detestamur]
448 3933 605 3988 detestamus,
617 3932 672 3982 cod.
684 3934 747 3988 a.b.;
766 3933 909 3988 detestatus,
921 3933 950 3980 C.
1053 3930 1064 3957 ⁸
1081 3932 1180 3996 essem]
1192 3942 1265 3987 caet,
1276 3932 1303 3981 C.

248 3997 257 4025 ⁷
274 3997 430 4062 necessitate]
442 3998 621 4054 necessitatem,
630 3999 678 4048 ab.
691 3998 786 4062 primae
796 4013 891 4047 manus.
974 3997 984 4025 ⁸
999 3995 1158 4062 adoptionis]
1170 3999 1209 4048 sic
1221 4011 1304 4047 omnes

249 4063 345 4119 Codd.;
364 4063 407 4112 sed
419 4063 489 4113 notio
500 4064 585 4113 subest
596 4064 701 4126 optionis.
831 4066 842 4092 ⁹
858 4062 919 4123 sint]
932 4070 997 4116 sunt,
1009 4061 1039 4111 C.
1161 4064 1181 4091 ¹·
1199 4060 1303 4125 licitum]

248 4126 343 4176 licitum
361 4127 399 4184 sit,
412 4128 442 4177 C.
623 4128 641 4157 ¹¹
777 4136 802 4177 et
814 4126 953 4191 Caribdim]
966 4127 1056 4182 sillum.
1067 4126 1134 4182 a.b.;
1153 4127 1249 4186 ailiam,
1261 4128 1302 4178 C.;

249 4190 382 4254 caribdym,
395 4194 426 4241 Λ.
526 4194 545 4225 ¹²
560 4192 644 4256 video]
657 4193 682 4241 vi
700 4207 750 4247 ero.
763 4194 792 4242 C.
