2864 4836
496 423 752 501 JOANNIS
788 421 1004 486 WICLIF
1193 447 1270 484 univ.

659 856 755 918 CAP.
776 858 846 919 v11.

388 1011 448 1085 Quo
461 1015 536 1072 modo
545 1016 630 1090 panr's
643 1020 814 1073 comecralus
827 1023 926 1090 corpus
939 1015 979 1073 rit
990 1011 1121 1074 Domi&

264 1169 385 1228 Alzllrr'a.
427 1169 526 1231 Placet
540 1171 651 1244 iterum,
666 1171 747 1248 quod
761 1181 822 1230 tam
837 1171 985 1232 evidenter
998 1180 1029 1231 et
1047 1182 1139 1233 acute
1157 1170 1277 1250 expauit

223 1275 251 1325 te
275 1268 389 1343 ipsum;
421 1279 449 1328 et
474 1270 639 1336 considero,
663 1270 745 1347 quod
768 1270 914 1328 infinitum
938 1270 1033 1346 magis
1060 1270 1214 1330 autentica
1238 1279 1277 1328 ert

224 1367 327 1425 veritas
342 1368 508 1443 scripturae,
523 1385 612 1445 quam
626 1386 753 1445 persona
770 1367 868 1445 aliqua
884 1368 947 1443 jam
964 1378 1116 1444 superstes
1129 1368 1179 1427 vel
1200 1384 1276 1427 com-

224 1464 350 1522 munitas
374 1464 534 1541 alleganda.
577 1466 651 1524 Ideo
674 1466 698 1526 si
723 1475 822 1526 essent
841 1475 962 1525 centum
985 1482 1093 1542 papae,
1116 1476 1149 1524 et
1173 1480 1276 1525 omues

223 1560 324 1620 iratres
342 1573 440 1621 essent
458 1565 532 1621 versi
550 1564 581 1622 in
600 1563 769 1634 cardinales,
784 1580 846 1623 non
864 1563 984 1622 deberet
1003 1563 1101 1622 credi¹
1116 1565 1276 1623 sententiae

224 1677 293 1717 suae
314 1661 344 1717 in
359 1663 479 1720 materia
493 1661 569 1732 fidei,
585 1661 640 1720 nisi
653 1660 691 1720 de
705 1671 816 1738 quanto
832 1678 865 1720 se
878 1658 1063 1720 fundaverint
1077 1661 1110 1719 in
1124 1663 1273 1738 scriptura

224 1757 319 1817 Video
334 1759 446 1829 iterum,
461 1758 541 1835 quod
556 1777 617 1818 non
635 1759 759 1819 damnas
778 1777 886 1836 papam
903 1758 949 1818 vel
967 1776 1128 1835 personam
1149 1759 1277 1837 aliquam

225 1858 280 1914 sub
301 1858 357 1916 isto
378 1875 483 1927 errore,
497 1858 567 1932 quia
586 1858 682 1915 nescis
702 1857 824 1933 qualiter
843 1856 1039 1928 decesserunt,
1054 1856 1109 1916 sed
1130 1858 1216 1935 quod
1234 1865 1277 1917 at

224 1955 368 2013 infinitum
382 1956 433 2014 tibi
448 1955 514 2031 plus
529 1955 674 2025 credibile,
689 1954 770 2031 quod
785 1955 921 2014 doctores
940 1956 995 2013 sub
1009 1956 1065 2014 isto
1078 1953 1277 2033 cataclysmo⁸

224 2052 269 2110 vel
281 2063 413 2111 errarunt
427 2054 456 2110 in
472 2053 529 2111 lide
544 2053 588 2111 vel
602 2052 764 2112 vecorditer
779 2061 938 2122 tacuerunt,
953 2069 1043 2130 quam
1059 2053 1144 2128 quod
1158 2051 1277 2130 aliquod

225 2151 345 2209 verbum
360 2150 501 2226 evangelii
515 2151 621 2226 poterit
634 2167 699 2209 esse
713 2149 826 2209 salsum.
862 2150 900 2210 Et
913 2151 955 2210 sic
965 2160 1010 2211 est
1022 2149 1090 2209 trbi⁸
1104 2151 1196 2210 nimis
1208 2150 1277 2211 levis

225 2248 451 2319 evidentia;—si
470 2247 573 2324 aliquis
586 2249 658 2307 citra
672 2258 822 2307 auctorem
840 2247 998 2324 scripturae
1013 2247 1055 2307 sic
1074 2247 1189 2319 dixerit,
1205 2262 1276 2324 ergo

223 2364 332 2404 verum.
375 2344 448 2404 Ideo
473 2363 548 2404 vana
575 2355 619 2406 est
647 2344 808 2405 sollicitudo
835 2344 989 2405 hominum
1016 2345 1048 2404 in
1075 2347 1132 2405 ista
1155 2347 1277 2406 materia

223 2443 340 2503 credere
362 2443 530 2503 credulitate
555 2443 612 2502 fide
635 2444 725 2520 digna
746 2444 778 2501 iu
802 2443 847 2502 his
871 2460 947 2519 quae
971 2443 1150 2502 excesserint
1171 2459 1276 2503 sensus

223 2560 301 2613 suos,
327 2560 394 2601 cunr
419 2544 466 2600 vix
492 2542 642 2617 contingat
666 2542 704 2601 ad
728 2550 931 2617 argumentum
956 2538 1189 2617 topicum;—si‘
1210 2542 1275 2601 talis

223 2651 481 2716 quantumcunque
493 2651 610 2699 sanctus
621 2650 650 2699 et
662 2639 790 2715 prudens
801 2641 843 2697 sic
854 2639 956 2698 asserit
969 2649 1083 2716 praeter
1096 2638 1275 2698 evidentiam

223 2755 371 2807 sensuum,
386 2756 457 2813 ergo
479 2756 587 2797 verum.
630 2737 689 2796 Sed
708 2756 801 2796 unum
818 2737 920 2795 vellem
942 2734 1063 2794 libenter
1083 2753 1275 2812 cognoscere,

223 2836 350 2909 quomodo
358 2838 446 2910 ponti
460 2835 506 2895 ille
522 2842 563 2893 est
579 2845 677 2911 corpus
691 2834 816 2906 Domziu',
831 2852 892 2893 cam
910 2853 964 2892 non
981 2836 1020 2892 sil
1036 2834 1166 2892 admovet
1186 2837 1275 2911 ἐμω

223 2942 328 3007 corpas.

47 3069 71 3094 n
94 3069 158 3095 «ωι-
265 3031 427 3089 Phronesr's.
463 3031 560 3090 Video
571 3030 651 3107 quod
665 3031 696 3088 in
712 3031 809 3090 multis
823 3048 922 3090 verum
937 3030 1076 3106 concipis,
1087 3040 1117 3088 et
1131 3040 1274 3106 quantum

64 3108 138 3216 Ἢ
224 3131 261 3189 ad
276 3131 398 3189 modurn
413 3147 473 3205 quo
487 3130 571 3205 panis
586 3129 631 3187 ille
646 3139 689 3188 est
703 3147 811 3205 corpus
825 3128 954 3198 Domini,
970 3128 1086 3186 tinniter
1103 3126 1161 3187 hoc
1176 3129 1274 3199 crede,

31 3273 57 3339 ὦ
78 3232 159 3340 mg„
224 3247 291 3287 cum
303 3227 441 3297 Christus,
453 3229 504 3304 qui
517 3228 631 3285 mentiri
646 3245 706 3286 non
721 3228 835 3303 poterit,
850 3228 890 3286 ita
903 3227 980 3286 dicit
1020 3226 1058 3284 Et
1072 3227 1177 3286 novisti
1193 3228 1275 3304 quod

224 3326 328 3401 triplex
350 3337 394 3385 est
415 3327 602 3402 praedicatio,
622 3326 731 3385 scilicet
751 3325 880 3385 formalis
899 3325 1060 3385 essentialis
1079 3335 1109 3383 et
1129 3324 1275 3386 habitudi-

225 3427 308 3485 nalis.
351 3426 472 3485 Relictis
500 3426 531 3484 in
558 3427 614 3484 ista
641 3427 760 3484 materia
788 3425 900 3484 duabus
926 3425 1210 3501 praedicationibus·
1237 3426 1275 3484 ad

224 3526 336 3582 tertiam
361 3535 477 3600 oportet
499 3523 655 3582 attendere.
706 3522 785 3581 Nam
808 3524 969 3582 secundum
994 3523 1189 3581 tertiam'dixi
1215 3525 1275 3594 tibi,

225 3622 377 3698 quomodo
392 3621 524 3682 Christus
539 3621 611 3680 dixit
625 3622 661 3680 de
677 3619 816 3697 Baptista,
830 3621 910 3697 quod
929 3621 966 3680 sit
980 3619 1092 3692 Helias,
1107 3620 1212 3680 Matth.
1227 3625 1274 3693 xi,

226 3720 376 3796 apostolus
387 3719 471 3778 dicit⁷
486 3720 522 3778 de
537 3719 653 3778 Christo
668 3739 683 3776 2
700 3719 768 3778 Cor.
780 3738 818 3789 x.,
830 3719 1027 3777 moralisando
1041 3729 1125 3795 gesta
1138 3719 1213 3796 legis
1226 3739 1275 3779 ve·

223 3820 300 3889 teris,
313 3824 420 3894 ‘petra
432 3818 532 3895 inquit,
544 3826 605 3876 erat
615 3817 766 3877 Christus!
801 3817 839 3875 Et
850 3815 959 3876 Genea.
969 3817 1018 3875 xli.
1030 3816 1102 3875 fides
1116 3818 1275 3895 scripturae

256 4011 264 4040 ¹
282 4010 360 4073 credi]
373 4009 482 4065 concedi,
494 4009 532 4057 ed.
544 4024 581 4073 pr.
719 4007 729 4036 ²
745 4006 907 4071 cataclysmo]
919 4006 1092 4066 kathaclismo,
1103 4007 1275 4066 cathaclismo,

223 4075 279 4126 libri
291 4091 366 4125 manu
378 4075 470 4151 scripti.
552 4076 561 4101 ³
578 4071 636 4135 tibi]
649 4072 691 4129 ibi,
700 4072 730 4123 C.
797 4073 806 4101 ⁴
823 4072 855 4136 si]
869 4073 912 4122 sed
923 4074 952 4128 si,
963 4073 1002 4123 ed.
1014 4089 1051 4138 pr.
1128 4073 1138 4102 ⁸
1154 4074 1274 4139 identice]

222 4141 368 4204 ydemptice,
381 4139 437 4188 libn
449 4139 520 4189 MSS.
628 4137 639 4166 ‘
654 4138 889 4203 praedicationibus]
902 4138 1032 4203 prioribus,
1042 4137 1170 4189 A.B.D.C
1180 4140 1276 4205 primae

222 4221 318 4261 manus,
328 4205 367 4255 ed.
379 4220 416 4269 pr.
514 4204 523 4233 r
540 4202 613 4267 dicit]
624 4203 693 4258 dixit,
706 4203 769 4252 B.D.
