2864 4836
494 409 756 499 Jorrvrvrs
798 413 1035 475 vvrcm
1222 438 1288 477 m,

225 576 345 634 istorum
360 575 498 659 capitum,
514 574 567 634 sed
580 575 733 651 quiescant
747 576 778 633 in
791 575 860 653 lege
876 579 1016 637 caritatis
1032 588 1063 638 et
1083 581 1197 656 gratiae
1215 590 1239 636 et
1255 579 1288 636 sic

224 674 331 733 habent
355 672 484 732 titrdum¹
510 673 614 750 supra¹
633 674 713 732 istos.
757 673 817 733 Sed
838 675 926 734 multi
951 677 1038 734 avari
1060 676 1228 735 beneficiati
1248 676 1288 734 de

224 772 369 832 scendunt
391 773 428 833 de
450 782 527 830 tecto
546 783 576 832 et
597 772 638 831 sic
656 774 784 832 excitant
801 774 965 833 ecclesiam
985 786 1129 834 nostram
1149 775 1287 834 occiduam

224 871 262 928 ad
286 871 362 930 hanc
386 888 526 947 pugnarn.
568 870 607 929 Et
630 873 709 929 tertre
733 871 885 949 subjungit
907 872 1045 944 Veritas,
1070 873 1158 951 quod
1183 875 1287 950 ‘quiin

204 918 304 1201 tagre,
327 987 389 1028 non
409 979 585 1028 revertantur
606 970 706 1029 tollere
727 971 855 1028 tunicam
882 972 992 1042 suam,'
1017 973 1105 1049 quod
1128 972 1236 1032 videtur
1253 973 1287 1029 sie

223 1085 312 1144 posse
326 1085 396 1126 sane
408 1066 535 1142 intelligi,
547 1068 629 1143 quod
643 1067 787 1126 seculares
797 1068 891 1126 active
902 1069 1054 1141 viventes,
1067 1081 1184 1130 stantes
1197 1072 1226 1128 in
1238 1069 1286 1128 fide

205 1206 207 1265 ι
224 1164 344 1223 Domini
358 1165 450 1223 nostri
468 1162 539 1241 Jesu
554 1164 669 1236 Christi,
685 1183 746 1224 non
760 1175 940 1225 revertantur
959 1167 1003 1225 ad
1024 1168 1157 1228 alterum
1177 1171 1286 1227 istorum

205 1270 207 1323 t
223 1274 420 1325 monstrorum
434 1262 488 1322 ad¹
501 1264 704 1340 accipiendum
725 1263 814 1322 tidem
835 1281 944 1323 novam
959 1265 1009 1323 vel
1033 1266 1170 1343 aliquam
1189 1267 1286 1324 virtutis

224 1361 360 1432 tunicam,
376 1360 428 1420 sed
449 1361 479 1419 in
501 1362 651 1421 virtutibus
666 1363 793 1437 ‘antiqui
814 1361 957 1421 diemm‘'
980 1373 1013 1422 et
1036 1383 1115 1441 agro
1138 1365 1285 1440 scripturae

223 1469 391 1517 remaneant
414 1459 536 1518 stabiliti.
578 1459 616 1518 Et
638 1470 707 1518 tunc
731 1460 786 1518 ista
807 1460 866 1518 duo
891 1470 1031 1520 monstra
1057 1480 1130 1521 cum
1158 1461 1285 1520 membris

223 1557 331 1616 diaboli
356 1557 410 1616 sibi
433 1556 657 1616 adhaerentibus
682 1557 761 1616 sese¹
784 1558 974 1628 destruerent,
1001 1560 1136 1619 ecclesia
1161 1560 1282 1620 fidelium

223 1665 317 1713 stante
342 1654 429 1713 salva.
482 1654 574 1726 Quod
598 1665 695 1714 autem
719 1655 840 1713 istorum
862 1657 993 1731 capitum
1021 1659 1060 1716 sit
1086 1660 1222 1735 nequius,
1246 1668 1284 1716 ert

224 1754 309 1812 nohis
342 1754 532 1830 impertinens
564 1753 703 1826 diffinire3
739 1754 792 1813 sed
820 1753 945 1813 creditur
972 1757 1182 1830 probabiliter,
1211 1754 1283 1832 quod

223 1850 362 1910 Rodertus
382 1851 494 1910 habens
516 1853 682 1928 corporales
701 1852 853 1911 thesauros
874 1852 1071 1912 absconditos
1092 1865 1122 1912 et
1146 1855 1282 1930 majorem

223 1960 335 2024 partem
363 1949 597 2026 pseudofratrum
625 1951 680 2009 sibi
708 1950 861 2009 infideliter
888 1950 1114 2012 adhaerentem.
1168 1952 1227 2012 Sed
1255 1961 1283 2010 ut

224 2046 355 2106 Christus
382 2048 536 2124 praedicit⁰
564 2048 705 2119 fidelibus,
734 2054 803 2107 ‘vae
832 2051 1065 2125 praegnantibus
1093 2063 1124 2110 et
1158 2053 1282 2110 nutrien-

224 2146 314 2204 tibus¹
328 2147 358 2204 in
372 2146 426 2205 illis
446 2146 566 2217 diebus‚'
582 2148 650 2223 quia
669 2147 823 2223 gignentes
842 2147 916 2206 filios
934 2147 1081 2207 ecclesiae
1096 2167 1151 2225 per
1165 2150 1280 2208 verbim

225 2242 329 2302 Christi
344 2254 411 2302 sunt
429 2245 594 2303 acutissime
613 2246 765 2321 persecuti,
779 2255 809 2303 et
827 2245 986 2304 nutrientes
1006 2245 1101 2305 fidem
1120 2260 1150 2305 et
1168 2250 1280 2306 virtutes

224 2342 363 2401 ecclesiae
387 2353 455 2401 sunt
479 2361 531 2419 per
556 2341 703 2402 membra⁸
725 2344 847 2401 istorum
872 2343 1001 2418 capitum
1024 2346 1115 2403 anxie
1141 2344 1279 2404 detestati.

225 2440 284 2499 Sed
298 2441 439 2500 debemus
454 2446 561 2511 ‘orare,
577 2443 659 2517 quod
677 2443 732 2500 ista
752 2443 914 2518 persecutio
933 2458 994 2498 non
1015 2441 1067 2500 fiat
1080 2443 1113 2501 in
1128 2443 1226 2502 hicme
1239 2443 1279 2502 vel

225 2539 365 2608 sabbat0,'
381 2558 449 2597 cum
468 2540 522 2597 illis
537 2535 583 2597 fit⁰
603 2541 632 2597 in
653 2539 757 2609 hieme,
772 2539 924 2614 quorum¹⁰
943 2540 1047 2597 caritas
1068 2541 1240 2618 refrigescit,
1253 2551 1279 2597 et

225 2639 277 2696 illis
299 2637 355 2695 fit¹¹
379 2638 409 2694 in
430 2638 560 2707 sabbato,
583 2638 632 2714 qui
654 2638 827 2696 ceremoniis
848 2649 878 2695 et
898 2637 1105 2697 traditionibus
1128 2640 1277 2698 hominum

224 2737 310 2792 nimis
332 2736 469 2805 eredunt;
502 2736 571 2792 nulli
592 2736 671 2793 enim
692 2737 747 2794 nisi
769 2735 840 2793 tales
861 2735 995 2811 peribunt
1017 2737 1047 2793 in
1070 2737 1131 2796 isto
1153 2737 1278 2814 periculo

224 2832 391 2891 antichristi.
434 2833 471 2890 Et
489 2833 554 2890 licet
574 2832 648 2892 illa¹¹
666 2834 828 2910 persecutio
849 2834 884 2891 sit
904 2833 1034 2891 callidior
1052 2852 1146 2911 quam
1161 2836 1277 2913 ‘sagitta

225 2932 325 2988 volans
341 2932 369 2988 in
384 2930 554 3001 tenebris¹³,’
570 2942 667 2989 tamen
680 2932 797 3007 juvante
804 2932 824 2963 ¹⁴
836 2930 892 2989 Dei
906 2933 998 3007 gratia
1013 2943 1043 2990 et
1057 2943 1156 2992 stante
1171 2933 1277 3011 populo

224 3031 253 3086 in
267 3030 322 3086 fide
335 3029 463 3099 Domini,
476 3029 595 3087 faciliter
607 3039 702 3104 potest
713 3029 780 3087 tolli.
815 3028 966 3087 Debemus
977 3032 1057 3087 enim
1070 3033 1192 3092 credere
1200 3034 1277 3109 juxta

225 3127 368 3184 declarata
389 3129 528 3203 superius,
551 3126 630 3203 quod
652 3127 746 3186 nullus
769 3127 831 3186 talis
855 3146 932 3203 papa
956 3131 1142 3188 necessarius
1164 3143 1208 3189 est
1229 3148 1277 3207 per

223 3226 436 3283 ordinationem
461 3224 576 3295 Christi,
602 3225 655 3284 sed
679 3244 731 3301 per
756 3225 897 3284 cautelam
926 3225 1061 3283 diaboii¹⁵
1086 3229 1276 3288 introductus.

224 3325 261 3382 Et
275 3325 315 3382 sic
331 3326 491 3400 supposito,
507 3325 586 3399 quod
602 3335 718 3382 nonest
733 3324 861 3400 aliquis¹⁶
875 3323 938 3382 talis
952 3326 982 3382 in
997 3325 1123 3384 eeclesia
1139 3329 1276 3386 militante

223 3422 390 3498 perlegam
413 3424 579 3498 scripturae,
601 3441 689 3499 quarn
710 3422 820 3480 habent
841 3423 948 3492 fideles,
970 3433 999 3480 et
1020 3441 1075 3499 per
1100 3426 1274 3502 adjutorium

223 3522 352 3596 episcopi
378 3518 574 3589 animarum¹⁷‚
600 3522 649 3597 qni
674 3530 716 3578 est
745 3538 831 3596 supra
859 3521 890 3578 in
919 3520 1042 3579 ecclesia
1070 3523 1274 3601 triumphante,

223 3619 351 3676 stabilius
380 3630 467 3677 staret
495 3631 594 3677 nostra
618 3619 749 3688 ecclesia,
775 3636 864 3694 quarn
889 3628 944 3676 stat
969 3618 1068 3676 modo
1123 3619 1173 3680 Sic
1199 3623 1273 3680 enirn

222 3727 314 3773 stante
335 3716 459 3774 ecclesia
480 3717 542 3775 sine
565 3716 764 3775 dominatione
787 3716 830 3773 vel
853 3717 1001 3774 dotatione
1023 3716 1206 3794 hujusmodi,
1226 3719 1274 3777 fuit

257 3860 264 3887 ¹
282 3859 392 3923 titulum]
405 3860 498 3917 titulos,
510 3862 537 3909 C.
682 3861 692 3888 ¹
707 3861 793 3925 supra]
806 3877 885 3926 snper,
898 3864 925 3911 C.
1073 3865 1083 3890 ³
1100 3864 1146 3927 ad]
1158 3874 1183 3913 et
1195 3865 1235 3919 ad.
1247 3867 1271 3912 C.

222 3924 230 3952 ¹
248 3926 278 3973 cs.
292 3926 355 3973 Dan.
368 3926 408 3973 vii.
421 3941 444 3989 9,
460 3940 496 3985 13.
628 3926 637 3955 ⁵
654 3926 719 3990 sese]
733 3942 766 3982 sc,
779 3928 808 3976 C.
934 3927 944 3957 ⁶
959 3927 1090 3992 praedicit]
1104 3931 1234 3993 praedixit,
1245 3931 1271 3978 C.

222 3989 230 4017 ⁷
248 3990 421 4053 nutrientibus]
434 3991 576 4043 nutricibus,
589 3993 637 4041 ab.
736 3993 745 4019 ⁸
763 3992 886 4056 membra]
898 3994 1072 4049 membrarum,
1084 4010 1107 4042 a.
1208 3998 1218 4023 ¹
1235 3994 1271 4057 tn]

222 4057 329 4109 situla.
414 4058 431 4085 ¹⁰
448 4057 734 4148 quorunrJergombC.
818 4061 835 4088 ¹¹
853 4057 1008 4122 srthit.A.a.
1068 4060 1086 4089 ¹²
1103 4060 1226 4123 illapsis,
1241 4062 1269 4107 A.

223 4120 239 4147 ¹³
256 4121 286 4168 cf.
301 4123 339 4169 Ps.
352 4123 397 4169 xci.
411 4136 433 4183 5.
549 4124 553 4151 ¹
580 4123 691 4187 juvante]
704 4130 814 4178 nutante,
826 4141 850 4172 a.
932 4125 949 4154 ¹¹
966 4125 1073 4189 diaboli]
1085 4125 1230 4180 antichristi,
1242 4127 1268 4173 C.

222 4184 238 4211 ¹¹
255 4186 354 4249 aliquis]
367 4187 436 4245 alius,
449 4188 477 4236 C.
578 4187 595 4215 ¹⁷
613 4189 642 4237 cf.
659 4203 668 4236 1
682 4189 747 4237 Petri
757 4189 781 4237 ii.
797 4203 833 4251 25.
