<?xml version="1.0" encoding="UTF-8"?>
<!DOCTYPE html PUBLIC "-//W3C//DTD XHTML 1.0 Transitional//EN"
    "http://www.w3.org/TR/xhtml1/DTD/xhtml1-transitional.dtd">
<html xmlns="http://www.w3.org/1999/xhtml" xml:lang="en" lang="en">
 <head>
  <title>
</title>
<meta http-equiv="Content-Type" content="text/html;charset=utf-8" />
  <meta name='ocr-system' content='tesseract 3.04.00' />
  <meta name='ocr-capabilities' content='ocr_page ocr_carea ocr_par ocr_line ocrx_word'/>
</head>
<body>
  <div class='ocr_page' id='page_1' title='image "./trialoguscumsup00lechgoog_0201.png"; bbox 0 0 2864 4836; ppageno 0'>
   <div class='ocr_carea' id='block_1_1' title="bbox 548 421 1326 503">
    <p class='ocr_par' dir='ltr' id='par_1_1' title="bbox 548 421 1326 503">
     <span class='ocr_line' id='line_1_1' title="bbox 548 421 1326 503; baseline -0.005 -18"><span class='ocrx_word' id='word_1_1' title='bbox 548 422 802 503; x_wconf 74' lang='lat' dir='ltr'>Jorrvms</span> <span class='ocrx_word' id='word_1_2' title='bbox 842 421 1052 486; x_wconf 78' lang='lat' dir='ltr'>vvrcrrr</span> <span class='ocrx_word' id='word_1_3' title='bbox 1246 443 1326 482; x_wconf 69' lang='lat' dir='ltr'>ma</span> 
     </span>
    </p>
   </div>
   <div class='ocr_carea' id='block_1_2' title="bbox 262 583 1331 3601">
    <p class='ocr_par' dir='ltr' id='par_1_2' title="bbox 262 583 1331 3601">
     <span class='ocr_line' id='line_1_2' title="bbox 276 583 1327 663; baseline 0.004 -21"><span class='ocrx_word' id='word_1_4' title='bbox 276 593 359 642; x_wconf 91' lang='lat' dir='ltr'>tram.</span> <span class='ocrx_word' id='word_1_5' title='bbox 401 583 501 643; x_wconf 84' lang='lat' dir='ltr'><strong>Virtus</strong></span> <span class='ocrx_word' id='word_1_6' title='bbox 514 593 614 644; x_wconf 88' lang='lat' dir='ltr'>tamen</span> <span class='ocrx_word' id='word_1_7' title='bbox 634 596 756 662; x_wconf 90' lang='lat' dir='ltr'>peccato</span> <span class='ocrx_word' id='word_1_8' title='bbox 770 585 816 645; x_wconf 92' lang='lat' dir='ltr'>isti</span> <span class='ocrx_word' id='word_1_9' title='bbox 837 584 980 645; x_wconf 87' lang='lat' dir='ltr'>contraria</span> <span class='ocrx_word' id='word_1_10' title='bbox 999 594 1137 645; x_wconf 90' lang='lat' dir='ltr'>servatur</span> <span class='ocrx_word' id='word_1_11' title='bbox 1154 585 1197 645; x_wconf 88' lang='lat' dir='ltr'>ad</span> <span class='ocrx_word' id='word_1_12' title='bbox 1210 584 1327 663; x_wconf 76' lang='lat' dir='ltr'>regum</span> 
     </span>
     <span class='ocr_line' id='line_1_3' title="bbox 276 681 1328 758; baseline -0.001 -18"><span class='ocrx_word' id='word_1_13' title='bbox 276 683 306 740; x_wconf 93' lang='lat' dir='ltr'>in</span> <span class='ocrx_word' id='word_1_14' title='bbox 330 682 524 758; x_wconf 82' lang='lat' dir='ltr'><strong>triumphante</strong></span> <span class='ocrx_word' id='word_1_15' title='bbox 549 683 679 755; x_wconf 89' lang='lat' dir='ltr'>ecclesia,</span> <span class='ocrx_word' id='word_1_16' title='bbox 704 701 772 742; x_wconf 88' lang='lat' dir='ltr'>cum</span> <span class='ocrx_word' id='word_1_17' title='bbox 796 699 900 742; x_wconf 87' lang='lat' dir='ltr'>omnes</span> <span class='ocrx_word' id='word_1_18' title='bbox 924 681 963 741; x_wconf 88' lang='lat' dir='ltr'>ibi</span> <span class='ocrx_word' id='word_1_19' title='bbox 983 681 1113 758; x_wconf 80' lang='lat' dir='ltr'>diligunt</span> <span class='ocrx_word' id='word_1_20' title='bbox 1135 701 1170 742; x_wconf 88' lang='lat' dir='ltr'>se</span> <span class='ocrx_word' id='word_1_21' title='bbox 1194 683 1328 745; x_wconf 71' lang='lat' dir='ltr'>munire</span> 
     </span>
     <span class='ocr_line' id='line_1_4' title="bbox 275 779 1329 859; baseline 0.002 -23"><span class='ocrx_word' id='word_1_22' title='bbox 275 780 433 855; x_wconf 87' lang='lat' dir='ltr'><strong>reciproce,</strong></span> <span class='ocrx_word' id='word_1_23' title='bbox 454 790 484 839; x_wconf 90' lang='lat' dir='ltr'>et</span> <span class='ocrx_word' id='word_1_24' title='bbox 504 780 666 857; x_wconf 82' lang='lat' dir='ltr'>specialiter</span> <span class='ocrx_word' id='word_1_25' title='bbox 685 791 809 857; x_wconf 83' lang='lat' dir='ltr'>prosunt</span> <span class='ocrx_word' id='word_1_26' title='bbox 828 780 859 839; x_wconf 91' lang='lat' dir='ltr'>in</span> <span class='ocrx_word' id='word_1_27' title='bbox 880 779 1076 859; x_wconf 76' lang='lat' dir='ltr'>spiritualibus</span> <span class='ocrx_word' id='word_1_28' title='bbox 1098 780 1247 842; x_wconf 84' lang='lat' dir='ltr'>ecclesiae</span> <span class='ocrx_word' id='word_1_29' title='bbox 1265 779 1329 839; x_wconf 92' lang='lat' dir='ltr'>mili-</span> 
     </span>
     <span class='ocr_line' id='line_1_5' title="bbox 275 876 1330 957; baseline 0 -21"><span class='ocrx_word' id='word_1_30' title='bbox 275 877 355 936; x_wconf 81' lang='lat' dir='ltr'>tanti.</span> <span class='ocrx_word' id='word_1_31' title='bbox 397 876 435 936; x_wconf 87' lang='lat' dir='ltr'>Et</span> <span class='ocrx_word' id='word_1_32' title='bbox 455 895 523 937; x_wconf 89' lang='lat' dir='ltr'>curn</span> <span class='ocrx_word' id='word_1_33' title='bbox 545 877 667 956; x_wconf 80' lang='lat' dir='ltr'>Moyses</span> <span class='ocrx_word' id='word_1_34' title='bbox 687 878 774 938; x_wconf 92' lang='lat' dir='ltr'>debet</span> <span class='ocrx_word' id='word_1_35' title='bbox 792 877 887 938; x_wconf 84' lang='lat' dir='ltr'>facere</span> <span class='ocrx_word' id='word_1_36' title='bbox 905 878 1005 937; x_wconf 92' lang='lat' dir='ltr'>omnia</span> <span class='ocrx_word' id='word_1_37' title='bbox 1023 878 1196 938; x_wconf 88' lang='lat' dir='ltr'>secundum</span> <span class='ocrx_word' id='word_1_38' title='bbox 1215 877 1330 957; x_wconf 87' lang='lat' dir='ltr'>qnodiu</span> 
     </span>
     <span class='ocr_line' id='line_1_6' title="bbox 273 973 1329 1054; baseline 0.003 -23"><span class='ocrx_word' id='word_1_39' title='bbox 273 983 375 1033; x_wconf 91' lang='lat' dir='ltr'>monte</span> <span class='ocrx_word' id='word_1_40' title='bbox 389 974 447 1034; x_wconf 91' lang='lat' dir='ltr'>hoc</span> <span class='ocrx_word' id='word_1_41' title='bbox 461 976 515 1035; x_wconf 86' lang='lat' dir='ltr'>sibi</span> <span class='ocrx_word' id='word_1_42' title='bbox 529 986 723 1036; x_wconf 81' lang='lat' dir='ltr'>monstramm</span> <span class='ocrx_word' id='word_1_43' title='bbox 734 986 786 1048; x_wconf 84' lang='lat' dir='ltr'>est,</span> <span class='ocrx_word' id='word_1_44' title='bbox 797 985 830 1035; x_wconf 94' lang='lat' dir='ltr'>ut</span> <span class='ocrx_word' id='word_1_45' title='bbox 844 975 948 1035; x_wconf 91' lang='lat' dir='ltr'>dicitur</span> <span class='ocrx_word' id='word_1_46' title='bbox 957 973 1053 1034; x_wconf 85' lang='lat' dir='ltr'>Exod.</span> <span class='ocrx_word' id='word_1_47' title='bbox 1064 992 1147 1046; x_wconf 73' lang='lat' dir='ltr'>xxv„</span> <span class='ocrx_word' id='word_1_48' title='bbox 1158 986 1245 1054; x_wconf 82' lang='lat' dir='ltr'>patet</span> <span class='ocrx_word' id='word_1_49' title='bbox 1257 973 1329 1053; x_wconf 87' lang='lat' dir='ltr'>qnod</span> 
     </span>
     <span class='ocr_line' id='line_1_7' title="bbox 273 1071 1330 1153; baseline 0.003 -21"><span class='ocrx_word' id='word_1_50' title='bbox 273 1071 392 1148; x_wconf 88' lang='lat' dir='ltr'>praelati</span> <span class='ocrx_word' id='word_1_51' title='bbox 407 1074 498 1134; x_wconf 84' lang='lat' dir='ltr'>nostri</span> <span class='ocrx_word' id='word_1_52' title='bbox 513 1074 544 1132; x_wconf 91' lang='lat' dir='ltr'>in</span> <span class='ocrx_word' id='word_1_53' title='bbox 558 1074 753 1151; x_wconf 87' lang='lat' dir='ltr'>spiritualibus</span> <span class='ocrx_word' id='word_1_54' title='bbox 766 1074 940 1153; x_wconf 87' lang='lat' dir='ltr'>prodessent</span> <span class='ocrx_word' id='word_1_55' title='bbox 953 1073 1114 1150; x_wconf 84' lang='lat' dir='ltr'>praecipue</span> <span class='ocrx_word' id='word_1_56' title='bbox 1124 1074 1256 1135; x_wconf 88' lang='lat' dir='ltr'>subditis</span> <span class='ocrx_word' id='word_1_57' title='bbox 1268 1073 1330 1143; x_wconf 77' lang='lat' dir='ltr'>suis,</span> 
     </span>
     <span class='ocr_line' id='line_1_8' title="bbox 273 1168 1331 1249; baseline 0.001 -20"><span class='ocrx_word' id='word_1_58' title='bbox 273 1170 347 1229; x_wconf 93' lang='lat' dir='ltr'>sicut</span> <span class='ocrx_word' id='word_1_59' title='bbox 361 1171 456 1248; x_wconf 85' lang='lat' dir='ltr'>angeli</span> <span class='ocrx_word' id='word_1_60' title='bbox 470 1172 610 1231; x_wconf 87' lang='lat' dir='ltr'>ecclesiae</span> <span class='ocrx_word' id='word_1_61' title='bbox 628 1172 840 1249; x_wconf 89' lang='lat' dir='ltr'>triumphantis.</span> <span class='ocrx_word' id='word_1_62' title='bbox 884 1171 943 1231; x_wconf 91' lang='lat' dir='ltr'>Sed</span> <span class='ocrx_word' id='word_1_63' title='bbox 949 1168 1092 1248; x_wconf 65' lang='lat' dir='ltr'>sordeniar</span> <span class='ocrx_word' id='word_1_64' title='bbox 1117 1180 1331 1233; x_wconf 85' lang='lat' dir='ltr'>conversusest</span> 
     </span>
     <span class='ocr_line' id='line_1_9' title="bbox 274 1268 1330 1346; baseline 0.005 -21"><span class='ocrx_word' id='word_1_65' title='bbox 274 1277 440 1340; x_wconf 87' lang='lat' dir='ltr'>retrorsum,</span> <span class='ocrx_word' id='word_1_66' title='bbox 462 1287 530 1329; x_wconf 91' lang='lat' dir='ltr'>cum</span> <span class='ocrx_word' id='word_1_67' title='bbox 551 1270 635 1329; x_wconf 90' lang='lat' dir='ltr'>labor</span> <span class='ocrx_word' id='word_1_68' title='bbox 655 1279 684 1329; x_wconf 90' lang='lat' dir='ltr'>et</span> <span class='ocrx_word' id='word_1_69' title='bbox 704 1268 868 1346; x_wconf 86' lang='lat' dir='ltr'>sollicitudo</span> <span class='ocrx_word' id='word_1_70' title='bbox 889 1270 967 1330; x_wconf 90' lang='lat' dir='ltr'>circa</span> <span class='ocrx_word' id='word_1_71' title='bbox 986 1269 1086 1345; x_wconf 81' lang='lat' dir='ltr'>gravia</span> <span class='ocrx_word' id='word_1_72' title='bbox 1106 1279 1138 1330; x_wconf 93' lang='lat' dir='ltr'>et</span> <span class='ocrx_word' id='word_1_73' title='bbox 1153 1269 1248 1329; x_wconf 86' lang='lat' dir='ltr'>vana¹</span> <span class='ocrx_word' id='word_1_74' title='bbox 1263 1280 1330 1330; x_wconf 86' lang='lat' dir='ltr'>tem·</span> 
     </span>
     <span class='ocr_line' id='line_1_10' title="bbox 273 1366 1330 1445; baseline 0.003 -20"><span class='ocrx_word' id='word_1_75' title='bbox 273 1367 385 1443; x_wconf 92' lang='lat' dir='ltr'>poralia</span> <span class='ocrx_word' id='word_1_76' title='bbox 409 1378 477 1427; x_wconf 89' lang='lat' dir='ltr'>sunt</span> <span class='ocrx_word' id='word_1_77' title='bbox 505 1368 618 1445; x_wconf 88' lang='lat' dir='ltr'>dejecti,</span> <span class='ocrx_word' id='word_1_78' title='bbox 644 1378 674 1428; x_wconf 94' lang='lat' dir='ltr'>et</span> <span class='ocrx_word' id='word_1_79' title='bbox 701 1386 753 1445; x_wconf 91' lang='lat' dir='ltr'>per</span> <span class='ocrx_word' id='word_1_80' title='bbox 780 1383 966 1445; x_wconf 89' lang='lat' dir='ltr'>consequens</span> <span class='ocrx_word' id='word_1_81' title='bbox 993 1366 1082 1444; x_wconf 91' lang='lat' dir='ltr'>plena</span> <span class='ocrx_word' id='word_1_82' title='bbox 1108 1376 1141 1427; x_wconf 91' lang='lat' dir='ltr'>et</span> <span class='ocrx_word' id='word_1_83' title='bbox 1168 1368 1330 1445; x_wconf 82' lang='lat' dir='ltr'>periculosa</span> 
     </span>
     <span class='ocr_line' id='line_1_11' title="bbox 273 1464 1325 1544; baseline -0.002 -19"><span class='ocrx_word' id='word_1_84' title='bbox 273 1466 400 1526; x_wconf 90' lang='lat' dir='ltr'>haeresis</span> <span class='ocrx_word' id='word_1_85' title='bbox 424 1465 545 1544; x_wconf 89' lang='lat' dir='ltr'>pullulat</span> <span class='ocrx_word' id='word_1_86' title='bbox 569 1469 599 1526; x_wconf 92' lang='lat' dir='ltr'>in</span> <span class='ocrx_word' id='word_1_87' title='bbox 621 1467 744 1527; x_wconf 90' lang='lat' dir='ltr'>ecclesia</span> <span class='ocrx_word' id='word_1_88' title='bbox 767 1467 916 1537; x_wconf 82' lang='lat' dir='ltr'>militante,</span> <span class='ocrx_word' id='word_1_89' title='bbox 941 1483 1009 1525; x_wconf 92' lang='lat' dir='ltr'>cum</span> <span class='ocrx_word' id='word_1_90' title='bbox 1033 1464 1181 1525; x_wconf 89' lang='lat' dir='ltr'>debemus</span> <span class='ocrx_word' id='word_1_91' title='bbox 1207 1483 1247 1525; x_wconf 89' lang='lat' dir='ltr'>ex</span> <span class='ocrx_word' id='word_1_92' title='bbox 1272 1464 1325 1523; x_wconf 88' lang='lat' dir='ltr'>lide</span> 
     </span>
     <span class='ocr_line' id='line_1_12' title="bbox 273 1563 1328 1642; baseline -0.001 -19"><span class='ocrx_word' id='word_1_93' title='bbox 273 1583 393 1625; x_wconf 90' lang='lat' dir='ltr'>omnem</span> <span class='ocrx_word' id='word_1_94' title='bbox 409 1566 632 1626; x_wconf 91' lang='lat' dir='ltr'>sollicitudinem</span> <span class='ocrx_word' id='word_1_95' title='bbox 649 1566 680 1625; x_wconf 91' lang='lat' dir='ltr'>in</span> <span class='ocrx_word' id='word_1_96' title='bbox 694 1565 842 1627; x_wconf 89' lang='lat' dir='ltr'>Christum</span> <span class='ocrx_word' id='word_1_97' title='bbox 863 1565 1004 1642; x_wconf 85' lang='lat' dir='ltr'>projicere</span> <span class='ocrx_word' id='word_1_98' title='bbox 1023 1572 1194 1635; x_wconf 87' lang='lat' dir='ltr'>retrorsum,</span> <span class='ocrx_word' id='word_1_99' title='bbox 1212 1563 1328 1641; x_wconf 89' lang='lat' dir='ltr'>projici·</span> 
     </span>
     <span class='ocr_line' id='line_1_13' title="bbox 273 1661 1324 1724; baseline -0.004 -2"><span class='ocrx_word' id='word_1_100' title='bbox 273 1681 339 1722; x_wconf 91' lang='lat' dir='ltr'>mus</span> <span class='ocrx_word' id='word_1_101' title='bbox 358 1682 375 1723; x_wconf 92' lang='lat' dir='ltr'>e</span> <span class='ocrx_word' id='word_1_102' title='bbox 389 1675 491 1723; x_wconf 87' lang='lat' dir='ltr'>contra</span> <span class='ocrx_word' id='word_1_103' title='bbox 504 1674 597 1723; x_wconf 89' lang='lat' dir='ltr'>totam</span> <span class='ocrx_word' id='word_1_104' title='bbox 611 1663 834 1724; x_wconf 86' lang='lat' dir='ltr'>sollicitudinem</span> <span class='ocrx_word' id='word_1_105' title='bbox 848 1666 979 1722; x_wconf 84' lang='lat' dir='ltr'>nostram</span> <span class='ocrx_word' id='word_1_106' title='bbox 991 1661 1022 1720; x_wconf 91' lang='lat' dir='ltr'>in</span> <span class='ocrx_word' id='word_1_107' title='bbox 1036 1670 1160 1720; x_wconf 80' lang='lat' dir='ltr'>terrena</span> <span class='ocrx_word' id='word_1_108' title='bbox 1204 1661 1244 1720; x_wconf 88' lang='lat' dir='ltr'>Et</span> <span class='ocrx_word' id='word_1_109' title='bbox 1257 1677 1324 1723; x_wconf 89' lang='lat' dir='ltr'>cum</span> 
     </span>
     <span class='ocr_line' id='line_1_14' title="bbox 262 1755 1326 1839; baseline -0.004 -19"><span class='ocrx_word' id='word_1_110' title='bbox 262 1762 378 1839; x_wconf 82' lang='lat' dir='ltr'>sactum</span> <span class='ocrx_word' id='word_1_111' title='bbox 399 1771 531 1821; x_wconf 88' lang='lat' dir='ltr'>nostrum</span> <span class='ocrx_word' id='word_1_112' title='bbox 552 1761 676 1837; x_wconf 90' lang='lat' dir='ltr'>imponit</span> <span class='ocrx_word' id='word_1_113' title='bbox 696 1760 801 1820; x_wconf 90' lang='lat' dir='ltr'>realius</span> <span class='ocrx_word' id='word_1_114' title='bbox 821 1755 957 1820; x_wconf 79' lang='lat' dir='ltr'>sensum&#39;</span> <span class='ocrx_word' id='word_1_115' title='bbox 977 1759 1144 1835; x_wconf 78' lang='lat' dir='ltr'>scriptiuae,</span> <span class='ocrx_word' id='word_1_116' title='bbox 1161 1776 1255 1836; x_wconf 85' lang='lat' dir='ltr'>quam</span> <span class='ocrx_word' id='word_1_117' title='bbox 1271 1775 1326 1816; x_wconf 80' lang='lat' dir='ltr'>vox</span> 
     </span>
     <span class='ocr_line' id='line_1_15' title="bbox 273 1855 1326 1936; baseline -0.004 -18"><span class='ocrx_word' id='word_1_118' title='bbox 273 1869 372 1918; x_wconf 90' lang='lat' dir='ltr'>nostra</span> <span class='ocrx_word' id='word_1_119' title='bbox 395 1859 566 1929; x_wconf 88' lang='lat' dir='ltr'>transitoria,</span> <span class='ocrx_word' id='word_1_120' title='bbox 591 1869 677 1935; x_wconf 87' lang='lat' dir='ltr'>patet,</span> <span class='ocrx_word' id='word_1_121' title='bbox 706 1857 811 1936; x_wconf 81' lang='lat' dir='ltr'>quam⁸</span> <span class='ocrx_word' id='word_1_122' title='bbox 832 1857 928 1935; x_wconf 90' lang='lat' dir='ltr'>plures</span> <span class='ocrx_word' id='word_1_123' title='bbox 950 1856 1070 1934; x_wconf 88' lang='lat' dir='ltr'>praelati</span> <span class='ocrx_word' id='word_1_124' title='bbox 1090 1867 1160 1916; x_wconf 86' lang='lat' dir='ltr'>sunt</span> <span class='ocrx_word' id='word_1_125' title='bbox 1181 1855 1326 1916; x_wconf 79' lang='lat' dir='ltr'>manifesti</span> 
     </span>
     <span class='ocr_line' id='line_1_16' title="bbox 273 1949 1327 2033; baseline -0.002 -18"><span class='ocrx_word' id='word_1_126' title='bbox 273 1956 408 2017; x_wconf 89' lang='lat' dir='ltr'>haeretici</span> <span class='ocrx_word' id='word_1_127' title='bbox 433 1976 470 2017; x_wconf 84' lang='lat' dir='ltr'>ex</span> <span class='ocrx_word' id='word_1_128' title='bbox 492 1956 664 2016; x_wconf 88' lang='lat' dir='ltr'>defensione</span> <span class='ocrx_word' id='word_1_129' title='bbox 678 1957 746 2015; x_wconf 88' lang='lat' dir='ltr'>reali</span> <span class='ocrx_word' id='word_1_130' title='bbox 770 1955 919 2033; x_wconf 87' lang='lat' dir='ltr'>pertinaci,</span> <span class='ocrx_word' id='word_1_131' title='bbox 944 1973 1003 2032; x_wconf 91' lang='lat' dir='ltr'>qua</span> <span class='ocrx_word' id='word_1_132' title='bbox 1026 1953 1244 2014; x_wconf 88' lang='lat' dir='ltr'>contrariantur</span> <span class='ocrx_word' id='word_1_133' title='bbox 1268 1949 1327 2013; x_wconf 81' lang='lat' dir='ltr'>isri⁴</span> 
     </span>
     <span class='ocr_line' id='line_1_17' title="bbox 273 2052 1324 2132; baseline -0.004 -18"><span class='ocrx_word' id='word_1_134' title='bbox 273 2057 430 2132; x_wconf 89' lang='lat' dir='ltr'>scripturae</span> <span class='ocrx_word' id='word_1_135' title='bbox 445 2055 512 2114; x_wconf 85' lang='lat' dir='ltr'>fidei</span> <span class='ocrx_word' id='word_1_136' title='bbox 524 2055 616 2114; x_wconf 89' lang='lat' dir='ltr'>sancti</span> <span class='ocrx_word' id='word_1_137' title='bbox 630 2053 723 2115; x_wconf 89' lang='lat' dir='ltr'>Petri:</span> <span class='ocrx_word' id='word_1_138' title='bbox 746 2060 884 2113; x_wconf 89' lang='lat' dir='ltr'>‘omnem</span> <span class='ocrx_word' id='word_1_139' title='bbox 898 2052 1123 2113; x_wconf 88' lang='lat' dir='ltr'>sollicitudinem</span> <span class='ocrx_word' id='word_1_140' title='bbox 1138 2052 1283 2112; x_wconf 75' lang='lat' dir='ltr'>vestram³</span> <span class='ocrx_word' id='word_1_141' title='bbox 1295 2053 1324 2110; x_wconf 90' lang='lat' dir='ltr'>in</span> 
     </span>
     <span class='ocr_line' id='line_1_18' title="bbox 272 2149 1325 2230; baseline -0.002 -20"><span class='ocrx_word' id='word_1_142' title='bbox 272 2153 383 2229; x_wconf 83' lang='lat' dir='ltr'>ipsum⁶</span> <span class='ocrx_word' id='word_1_143' title='bbox 397 2149 600 2230; x_wconf 67' lang='lat' dir='ltr'>projicientes!</span> <span class='ocrx_word' id='word_1_144' title='bbox 642 2151 680 2212; x_wconf 90' lang='lat' dir='ltr'>Et</span> <span class='ocrx_word' id='word_1_145' title='bbox 694 2162 782 2229; x_wconf 90' lang='lat' dir='ltr'>patet,</span> <span class='ocrx_word' id='word_1_146' title='bbox 796 2153 878 2228; x_wconf 93' lang='lat' dir='ltr'>quod</span> <span class='ocrx_word' id='word_1_147' title='bbox 892 2151 989 2229; x_wconf 89' lang='lat' dir='ltr'>plures</span> <span class='ocrx_word' id='word_1_148' title='bbox 1003 2160 1070 2210; x_wconf 89' lang='lat' dir='ltr'>sunt</span> <span class='ocrx_word' id='word_1_149' title='bbox 1083 2150 1177 2210; x_wconf 88' lang='lat' dir='ltr'>reales</span> <span class='ocrx_word' id='word_1_150' title='bbox 1192 2150 1325 2210; x_wconf 88' lang='lat' dir='ltr'>haeretici</span> 
     </span>
     <span class='ocr_line' id='line_1_19' title="bbox 273 2247 1325 2327; baseline -0.001 -20"><span class='ocrx_word' id='word_1_151' title='bbox 273 2267 361 2326; x_wconf 85' lang='lat' dir='ltr'>quam</span> <span class='ocrx_word' id='word_1_152' title='bbox 376 2249 514 2309; x_wconf 88' lang='lat' dir='ltr'>verbales.</span> <span class='ocrx_word' id='word_1_153' title='bbox 555 2250 594 2310; x_wconf 92' lang='lat' dir='ltr'>Et</span> <span class='ocrx_word' id='word_1_154' title='bbox 608 2261 686 2327; x_wconf 89' lang='lat' dir='ltr'>patet</span> <span class='ocrx_word' id='word_1_155' title='bbox 700 2251 731 2308; x_wconf 89' lang='lat' dir='ltr'>in</span> <span class='ocrx_word' id='word_1_156' title='bbox 745 2261 834 2327; x_wconf 90' lang='lat' dir='ltr'>parte,</span> <span class='ocrx_word' id='word_1_157' title='bbox 846 2248 999 2326; x_wconf 92' lang='lat' dir='ltr'>quomodo</span> <span class='ocrx_word' id='word_1_158' title='bbox 1012 2247 1166 2308; x_wconf 85' lang='lat' dir='ltr'>infideliter</span> <span class='ocrx_word' id='word_1_159' title='bbox 1179 2267 1199 2309; x_wconf 88' lang='lat' dir='ltr'>a</span> <span class='ocrx_word' id='word_1_160' title='bbox 1214 2250 1325 2309; x_wconf 87' lang='lat' dir='ltr'>servitio</span> 
     </span>
     <span class='ocr_line' id='line_1_20' title="bbox 272 2346 1324 2424; baseline 0.001 -19"><span class='ocrx_word' id='word_1_161' title='bbox 272 2346 329 2405; x_wconf 92' lang='lat' dir='ltr'>Dei</span> <span class='ocrx_word' id='word_1_162' title='bbox 343 2347 561 2419; x_wconf 58' lang='lat' dir='ltr'>distrahuntur]</span> <span class='ocrx_word' id='word_1_163' title='bbox 576 2366 628 2424; x_wconf 91' lang='lat' dir='ltr'>per</span> <span class='ocrx_word' id='word_1_164' title='bbox 640 2349 778 2408; x_wconf 88' lang='lat' dir='ltr'>versutias</span> <span class='ocrx_word' id='word_1_165' title='bbox 792 2348 959 2419; x_wconf 88' lang='lat' dir='ltr'>antichristi,</span> <span class='ocrx_word' id='word_1_166' title='bbox 974 2365 1041 2407; x_wconf 89' lang='lat' dir='ltr'>cum</span> <span class='ocrx_word' id='word_1_167' title='bbox 1055 2355 1134 2405; x_wconf 92' lang='lat' dir='ltr'>totus</span> <span class='ocrx_word' id='word_1_168' title='bbox 1153 2347 1284 2406; x_wconf 91' lang='lat' dir='ltr'>mundus</span> <span class='ocrx_word' id='word_1_169' title='bbox 1297 2355 1324 2405; x_wconf 89' lang='lat' dir='ltr'>et</span> 
     </span>
     <span class='ocr_line' id='line_1_21' title="bbox 273 2443 1325 2523; baseline 0 -19"><span class='ocrx_word' id='word_1_170' title='bbox 273 2444 432 2522; x_wconf 88' lang='lat' dir='ltr'>specialiter</span> <span class='ocrx_word' id='word_1_171' title='bbox 452 2445 547 2505; x_wconf 90' lang='lat' dir='ltr'>clerici</span> <span class='ocrx_word' id='word_1_172' title='bbox 568 2445 701 2505; x_wconf 86' lang='lat' dir='ltr'>laborant</span> <span class='ocrx_word' id='word_1_173' title='bbox 722 2464 774 2522; x_wconf 87' lang='lat' dir='ltr'>per</span> <span class='ocrx_word' id='word_1_174' title='bbox 794 2447 1001 2523; x_wconf 78' lang='lat' dir='ltr'>energuminos</span> <span class='ocrx_word' id='word_1_175' title='bbox 1021 2443 1156 2520; x_wconf 81' lang='lat' dir='ltr'>energia⁸</span> <span class='ocrx_word' id='word_1_176' title='bbox 1176 2446 1275 2505; x_wconf 89' lang='lat' dir='ltr'>carnis</span> <span class='ocrx_word' id='word_1_177' title='bbox 1296 2451 1325 2504; x_wconf 84' lang='lat' dir='ltr'>et</span> 
     </span>
     <span class='ocr_line' id='line_1_22' title="bbox 272 2542 1320 2621; baseline 0.002 -19"><span class='ocrx_word' id='word_1_178' title='bbox 272 2543 369 2614; x_wconf 88' lang='lat' dir='ltr'>seculi,</span> <span class='ocrx_word' id='word_1_179' title='bbox 394 2543 509 2603; x_wconf 78' lang='lat' dir='ltr'>labore⁹</span> <span class='ocrx_word' id='word_1_180' title='bbox 533 2544 609 2602; x_wconf 88' lang='lat' dir='ltr'>circa</span> <span class='ocrx_word' id='word_1_181' title='bbox 633 2542 770 2603; x_wconf 91' lang='lat' dir='ltr'>coelestia</span> <span class='ocrx_word' id='word_1_182' title='bbox 794 2544 1006 2620; x_wconf 77' lang='lat' dir='ltr'>praetermisso</span> <span class='ocrx_word' id='word_1_183' title='bbox 1059 2542 1118 2602; x_wconf 89' lang='lat' dir='ltr'>Sed</span> <span class='ocrx_word' id='word_1_184' title='bbox 1146 2542 1195 2602; x_wconf 93' lang='lat' dir='ltr'>hic</span> <span class='ocrx_word' id='word_1_185' title='bbox 1220 2545 1320 2621; x_wconf 87' lang='lat' dir='ltr'>objicit</span> 
     </span>
     <span class='ocr_line' id='line_1_23' title="bbox 272 2640 1324 2718; baseline 0.001 -17"><span class='ocrx_word' id='word_1_186' title='bbox 272 2642 451 2701; x_wconf 88' lang='lat' dir='ltr'>adversarius</span> <span class='ocrx_word' id='word_1_187' title='bbox 470 2651 569 2701; x_wconf 91' lang='lat' dir='ltr'>noster</span> <span class='ocrx_word' id='word_1_188' title='bbox 588 2642 731 2701; x_wconf 87' lang='lat' dir='ltr'>Pseustis:</span> <span class='ocrx_word' id='word_1_189' title='bbox 757 2642 867 2701; x_wconf 91' lang='lat' dir='ltr'>videtur</span> <span class='ocrx_word' id='word_1_190' title='bbox 887 2642 1005 2718; x_wconf 83' lang='lat' dir='ltr'>(inquit)</span> <span class='ocrx_word' id='word_1_191' title='bbox 1021 2640 1102 2718; x_wconf 91' lang='lat' dir='ltr'>quod</span> <span class='ocrx_word' id='word_1_192' title='bbox 1120 2658 1228 2701; x_wconf 91' lang='lat' dir='ltr'>omnes</span> <span class='ocrx_word' id='word_1_193' title='bbox 1247 2661 1324 2702; x_wconf 91' lang='lat' dir='ltr'>crea·</span> 
     </span>
     <span class='ocr_line' id='line_1_24' title="bbox 272 2739 1325 2816; baseline 0.002 -20"><span class='ocrx_word' id='word_1_194' title='bbox 272 2749 352 2797; x_wconf 89' lang='lat' dir='ltr'>turae</span> <span class='ocrx_word' id='word_1_195' title='bbox 373 2741 525 2798; x_wconf 83' lang='lat' dir='ltr'>serviant¹⁰</span> <span class='ocrx_word' id='word_1_196' title='bbox 544 2739 611 2798; x_wconf 91' lang='lat' dir='ltr'>Deo</span> <span class='ocrx_word' id='word_1_197' title='bbox 637 2757 700 2810; x_wconf 88' lang='lat' dir='ltr'>sue,</span> <span class='ocrx_word' id='word_1_198' title='bbox 721 2749 749 2800; x_wconf 90' lang='lat' dir='ltr'>et</span> <span class='ocrx_word' id='word_1_199' title='bbox 773 2741 913 2816; x_wconf 90' lang='lat' dir='ltr'>supponit</span> <span class='ocrx_word' id='word_1_200' title='bbox 937 2739 1098 2799; x_wconf 88' lang='lat' dir='ltr'>secundum</span> <span class='ocrx_word' id='word_1_201' title='bbox 1123 2740 1325 2816; x_wconf 73' lang='lat' dir='ltr'>Aregustrirrcrr,</span> 
     </span>
     <span class='ocr_line' id='line_1_25' title="bbox 271 2836 1325 2915; baseline 0.003 -21"><span class='ocrx_word' id='word_1_202' title='bbox 271 2836 351 2913; x_wconf 93' lang='lat' dir='ltr'>quod</span> <span class='ocrx_word' id='word_1_203' title='bbox 365 2848 481 2913; x_wconf 89' lang='lat' dir='ltr'>oportet</span> <span class='ocrx_word' id='word_1_204' title='bbox 495 2856 615 2896; x_wconf 89' lang='lat' dir='ltr'>omnem</span> <span class='ocrx_word' id='word_1_205' title='bbox 630 2837 781 2896; x_wconf 90' lang='lat' dir='ltr'>bominem</span> <span class='ocrx_word' id='word_1_206' title='bbox 801 2839 905 2897; x_wconf 87' lang='lat' dir='ltr'>servire</span> <span class='ocrx_word' id='word_1_207' title='bbox 919 2836 994 2908; x_wconf 90' lang='lat' dir='ltr'>Deo,</span> <span class='ocrx_word' id='word_1_208' title='bbox 1009 2837 1052 2896; x_wconf 92' lang='lat' dir='ltr'>vel</span> <span class='ocrx_word' id='word_1_209' title='bbox 1067 2836 1229 2896; x_wconf 87' lang='lat' dir='ltr'>faciendo¹¹</span> <span class='ocrx_word' id='word_1_210' title='bbox 1244 2837 1325 2915; x_wconf 92' lang='lat' dir='ltr'>quod</span> 
     </span>
     <span class='ocr_line' id='line_1_26' title="bbox 271 2934 1326 3012; baseline 0.004 -21"><span class='ocrx_word' id='word_1_211' title='bbox 271 2934 366 3004; x_wconf 91' lang='lat' dir='ltr'>debet,</span> <span class='ocrx_word' id='word_1_212' title='bbox 391 2934 435 2993; x_wconf 90' lang='lat' dir='ltr'>vel</span> <span class='ocrx_word' id='word_1_213' title='bbox 459 2936 598 3012; x_wconf 88' lang='lat' dir='ltr'>patiendo</span> <span class='ocrx_word' id='word_1_214' title='bbox 626 2936 706 3012; x_wconf 93' lang='lat' dir='ltr'>quod</span> <span class='ocrx_word' id='word_1_215' title='bbox 734 2935 829 2995; x_wconf 89' lang='lat' dir='ltr'>debet.</span> <span class='ocrx_word' id='word_1_216' title='bbox 872 2936 903 2995; x_wconf 87' lang='lat' dir='ltr'>Si</span> <span class='ocrx_word' id='word_1_217' title='bbox 929 2936 1046 3012; x_wconf 84' lang='lat' dir='ltr'>(inquit)</span> <span class='ocrx_word' id='word_1_218' title='bbox 1072 2934 1171 3012; x_wconf 90' lang='lat' dir='ltr'>aliqua</span> <span class='ocrx_word' id='word_1_219' title='bbox 1192 2947 1326 2995; x_wconf 86' lang='lat' dir='ltr'>creatura</span> 
     </span>
     <span class='ocr_line' id='line_1_27' title="bbox 271 3032 1326 3110; baseline 0.002 -20"><span class='ocrx_word' id='word_1_220' title='bbox 271 3034 357 3091; x_wconf 89' lang='lat' dir='ltr'>servit</span> <span class='ocrx_word' id='word_1_221' title='bbox 377 3032 443 3092; x_wconf 92' lang='lat' dir='ltr'>Deo</span> <span class='ocrx_word' id='word_1_222' title='bbox 469 3034 605 3104; x_wconf 88' lang='lat' dir='ltr'>indebite,</span> <span class='ocrx_word' id='word_1_223' title='bbox 627 3033 684 3093; x_wconf 94' lang='lat' dir='ltr'>hoc</span> <span class='ocrx_word' id='word_1_224' title='bbox 708 3033 781 3093; x_wconf 85' lang='lat' dir='ltr'>foret</span> <span class='ocrx_word' id='word_1_225' title='bbox 803 3035 953 3110; x_wconf 91' lang='lat' dir='ltr'>potissime</span> <span class='ocrx_word' id='word_1_226' title='bbox 975 3035 1006 3092; x_wconf 92' lang='lat' dir='ltr'>in</span> <span class='ocrx_word' id='word_1_227' title='bbox 1031 3032 1185 3104; x_wconf 89' lang='lat' dir='ltr'>damnatis,</span> <span class='ocrx_word' id='word_1_228' title='bbox 1209 3034 1263 3092; x_wconf 88' lang='lat' dir='ltr'>sed</span> <span class='ocrx_word' id='word_1_229' title='bbox 1287 3034 1326 3092; x_wconf 90' lang='lat' dir='ltr'>illi</span> 
     </span>
     <span class='ocr_line' id='line_1_28' title="bbox 271 3131 1326 3209; baseline 0.003 -20"><span class='ocrx_word' id='word_1_230' title='bbox 271 3131 333 3190; x_wconf 91' lang='lat' dir='ltr'>sine</span> <span class='ocrx_word' id='word_1_231' title='bbox 357 3131 467 3190; x_wconf 90' lang='lat' dir='ltr'>accidia</span> <span class='ocrx_word' id='word_1_232' title='bbox 489 3132 615 3190; x_wconf 90' lang='lat' dir='ltr'>serviunt</span> <span class='ocrx_word' id='word_1_233' title='bbox 637 3132 788 3207; x_wconf 90' lang='lat' dir='ltr'>potissime</span> <span class='ocrx_word' id='word_1_234' title='bbox 809 3131 876 3191; x_wconf 89' lang='lat' dir='ltr'>Deo</span> <span class='ocrx_word' id='word_1_235' title='bbox 900 3150 962 3203; x_wconf 92' lang='lat' dir='ltr'>su0,</span> <span class='ocrx_word' id='word_1_236' title='bbox 983 3148 1055 3209; x_wconf 82' lang='lat' dir='ltr'>ergo</span> <span class='ocrx_word' id='word_1_237' title='bbox 1075 3131 1174 3190; x_wconf 90' lang='lat' dir='ltr'>omnis</span> <span class='ocrx_word' id='word_1_238' title='bbox 1193 3143 1326 3192; x_wconf 88' lang='lat' dir='ltr'>creatura</span> 
     </span>
     <span class='ocr_line' id='line_1_29' title="bbox 271 3228 1326 3306; baseline 0.002 -19"><span class='ocrx_word' id='word_1_239' title='bbox 271 3229 341 3300; x_wconf 89' lang='lat' dir='ltr'>alia;</span> <span class='ocrx_word' id='word_1_240' title='bbox 364 3238 471 3305; x_wconf 89' lang='lat' dir='ltr'>quante</span> <span class='ocrx_word' id='word_1_241' title='bbox 485 3229 564 3288; x_wconf 92' lang='lat' dir='ltr'>enim</span> <span class='ocrx_word' id='word_1_242' title='bbox 575 3230 721 3305; x_wconf 88' lang='lat' dir='ltr'>patiuntur</span> <span class='ocrx_word' id='word_1_243' title='bbox 735 3239 814 3289; x_wconf 90' lang='lat' dir='ltr'>tante</span> <span class='ocrx_word' id='word_1_244' title='bbox 829 3231 963 3300; x_wconf 91' lang='lat' dir='ltr'>serviunt,</span> <span class='ocrx_word' id='word_1_245' title='bbox 975 3228 1028 3288; x_wconf 91' lang='lat' dir='ltr'>sed</span> <span class='ocrx_word' id='word_1_246' title='bbox 1036 3229 1205 3306; x_wconf 87' lang='lat' dir='ltr'>justissime,</span> <span class='ocrx_word' id='word_1_247' title='bbox 1220 3231 1326 3290; x_wconf 90' lang='lat' dir='ltr'>acutis·</span> 
     </span>
     <span class='ocr_line' id='line_1_30' title="bbox 271 3326 1325 3404; baseline 0.004 -20"><span class='ocrx_word' id='word_1_248' title='bbox 271 3327 342 3386; x_wconf 91' lang='lat' dir='ltr'>sime</span> <span class='ocrx_word' id='word_1_249' title='bbox 364 3338 393 3386; x_wconf 93' lang='lat' dir='ltr'>et</span> <span class='ocrx_word' id='word_1_250' title='bbox 413 3326 646 3386; x_wconf 84' lang='lat' dir='ltr'>instantissime¹¹</span> <span class='ocrx_word' id='word_1_251' title='bbox 666 3329 820 3403; x_wconf 90' lang='lat' dir='ltr'>patiuntur,</span> <span class='ocrx_word' id='word_1_252' title='bbox 841 3346 914 3404; x_wconf 81' lang='lat' dir='ltr'>ergo</span> <span class='ocrx_word' id='word_1_253' title='bbox 936 3328 1062 3386; x_wconf 89' lang='lat' dir='ltr'>serviunt</span> <span class='ocrx_word' id='word_1_254' title='bbox 1083 3327 1125 3386; x_wconf 92' lang='lat' dir='ltr'>sic</span> <span class='ocrx_word' id='word_1_255' title='bbox 1146 3326 1214 3386; x_wconf 91' lang='lat' dir='ltr'>Deo</span> <span class='ocrx_word' id='word_1_256' title='bbox 1235 3328 1325 3397; x_wconf 78' lang='lat' dir='ltr'>suo¹¹,</span> 
     </span>
     <span class='ocr_line' id='line_1_31' title="bbox 270 3424 1326 3502; baseline 0.002 -19"><span class='ocrx_word' id='word_1_257' title='bbox 270 3424 307 3484; x_wconf 90' lang='lat' dir='ltr'>Et</span> <span class='ocrx_word' id='word_1_258' title='bbox 322 3444 389 3485; x_wconf 92' lang='lat' dir='ltr'>cum</span> <span class='ocrx_word' id='word_1_259' title='bbox 403 3425 582 3501; x_wconf 91' lang='lat' dir='ltr'>impossibile</span> <span class='ocrx_word' id='word_1_260' title='bbox 602 3427 637 3484; x_wconf 92' lang='lat' dir='ltr'>sit</span> <span class='ocrx_word' id='word_1_261' title='bbox 651 3427 776 3486; x_wconf 86' lang='lat' dir='ltr'>viantem</span> <span class='ocrx_word' id='word_1_262' title='bbox 790 3444 921 3502; x_wconf 88' lang='lat' dir='ltr'>peccare,</span> <span class='ocrx_word' id='word_1_263' title='bbox 935 3426 992 3484; x_wconf 90' lang='lat' dir='ltr'>nisi</span> <span class='ocrx_word' id='word_1_264' title='bbox 1012 3443 1050 3483; x_wconf 87' lang='lat' dir='ltr'>ex</span> <span class='ocrx_word' id='word_1_265' title='bbox 1069 3442 1167 3501; x_wconf 88' lang='lat' dir='ltr'>poena</span> <span class='ocrx_word' id='word_1_266' title='bbox 1185 3425 1295 3485; x_wconf 85' lang='lat' dir='ltr'>intlicta</span> <span class='ocrx_word' id='word_1_267' title='bbox 1309 3444 1326 3485; x_wconf 92' lang='lat' dir='ltr'>a</span> 
     </span>
     <span class='ocr_line' id='line_1_32' title="bbox 272 3523 1325 3601; baseline 0.004 -21"><span class='ocrx_word' id='word_1_268' title='bbox 272 3523 339 3581; x_wconf 91' lang='lat' dir='ltr'>Deo</span> <span class='ocrx_word' id='word_1_269' title='bbox 361 3524 511 3582; x_wconf 90' lang='lat' dir='ltr'>scitissime</span> <span class='ocrx_word' id='word_1_270' title='bbox 518 3524 538 3556; x_wconf 83' lang='lat'>¹⁴</span> <span class='ocrx_word' id='word_1_271' title='bbox 560 3523 732 3600; x_wconf 78' lang='lat' dir='ltr'>puniatur¹⁵,</span> <span class='ocrx_word' id='word_1_272' title='bbox 746 3524 857 3583; x_wconf 92' lang='lat' dir='ltr'>videtur</span> <span class='ocrx_word' id='word_1_273' title='bbox 878 3523 959 3601; x_wconf 92' lang='lat' dir='ltr'>quod</span> <span class='ocrx_word' id='word_1_274' title='bbox 979 3523 1058 3582; x_wconf 92' lang='lat' dir='ltr'>idem</span> <span class='ocrx_word' id='word_1_275' title='bbox 1073 3523 1109 3580; x_wconf 91' lang='lat' dir='ltr'>sit</span> <span class='ocrx_word' id='word_1_276' title='bbox 1127 3523 1271 3599; x_wconf 89' lang='lat' dir='ltr'>judicium</span> <span class='ocrx_word' id='word_1_277' title='bbox 1288 3525 1325 3584; x_wconf 89' lang='lat' dir='ltr'>de</span> 
     </span>
    </p>
   </div>
   <div class='ocr_carea' id='block_1_3' title="bbox 253 3693 1324 4285">
    <p class='ocr_par' dir='ltr' id='par_1_3' title="bbox 253 3693 1324 4285">
     <span class='ocr_line' id='line_1_33' title="bbox 304 3693 1324 3760; baseline 0.003 -17"><span class='ocrx_word' id='word_1_278' title='bbox 304 3694 355 3744; x_wconf 90' lang='lat' dir='ltr'>¹et</span> <span class='ocrx_word' id='word_1_279' title='bbox 374 3694 449 3759; x_wconf 79' lang='lat' dir='ltr'>rann]</span> <span class='ocrx_word' id='word_1_280' title='bbox 469 3701 494 3744; x_wconf 87' lang='lat' dir='ltr'>et</span> <span class='ocrx_word' id='word_1_281' title='bbox 517 3695 598 3752; x_wconf 87' lang='lat' dir='ltr'>bassa,</span> <span class='ocrx_word' id='word_1_282' title='bbox 618 3695 679 3745; x_wconf 86' lang='lat' dir='ltr'>alias</span> <span class='ocrx_word' id='word_1_283' title='bbox 700 3711 771 3753; x_wconf 83' lang='lat' dir='ltr'>vana,</span> <span class='ocrx_word' id='word_1_284' title='bbox 793 3695 831 3744; x_wconf 87' lang='lat' dir='ltr'>ed.</span> <span class='ocrx_word' id='word_1_285' title='bbox 870 3711 904 3753; x_wconf 89' lang='lat' dir='ltr'>r.;</span> <span class='ocrx_word' id='word_1_286' title='bbox 929 3695 1003 3751; x_wconf 72' lang='lat' dir='ltr'>bam,</span> <span class='ocrx_word' id='word_1_287' title='bbox 1024 3693 1057 3744; x_wconf 94' lang='lat' dir='ltr'>D.</span> <span class='ocrx_word' id='word_1_288' title='bbox 1076 3694 1180 3760; x_wconf 82' lang='lat' dir='ltr'>primae,</span> <span class='ocrx_word' id='word_1_289' title='bbox 1199 3711 1270 3754; x_wconf 77' lang='lat' dir='ltr'>sona.</span> <span class='ocrx_word' id='word_1_290' title='bbox 1292 3697 1324 3746; x_wconf 86' lang='lat' dir='ltr'>D.</span> 
     </span>
     <span class='ocr_line' id='line_1_34' title="bbox 271 3759 1310 3825; baseline 0.002 -17"><span class='ocrx_word' id='word_1_291' title='bbox 271 3759 392 3808; x_wconf 87' lang='lat' dir='ltr'>secundae</span> <span class='ocrx_word' id='word_1_292' title='bbox 403 3775 505 3815; x_wconf 62' lang='lat' dir='ltr'>manum</span> <span class='ocrx_word' id='word_1_293' title='bbox 523 3761 596 3810; x_wconf 87' lang='lat' dir='ltr'>ceteri</span> <span class='ocrx_word' id='word_1_294' title='bbox 608 3760 664 3808; x_wconf 90' lang='lat' dir='ltr'>libri</span> <span class='ocrx_word' id='word_1_295' title='bbox 675 3776 750 3809; x_wconf 88' lang='lat' dir='ltr'>manu</span> <span class='ocrx_word' id='word_1_296' title='bbox 761 3761 845 3825; x_wconf 88' lang='lat' dir='ltr'>scripti</span> <span class='ocrx_word' id='word_1_297' title='bbox 889 3762 1028 3810; x_wconf 76' lang='lat' dir='ltr'>bertram.</span> <span class='ocrx_word' id='word_1_298' title='bbox 1185 3759 1310 3810; x_wconf 66' lang='lat' dir='ltr'>&#39;mum</span> 
     </span>
     <span class='ocr_line' id='line_1_35' title="bbox 271 3825 1310 3890; baseline 0.003 -17"><span class='ocrx_word' id='word_1_299' title='bbox 271 3840 379 3881; x_wconf 88' lang='lat' dir='ltr'>censum,</span> <span class='ocrx_word' id='word_1_300' title='bbox 392 3825 419 3873; x_wconf 92' lang='lat' dir='ltr'>B.</span> <span class='ocrx_word' id='word_1_301' title='bbox 502 3825 602 3890; x_wconf 76' lang='lat' dir='ltr'>’quam</span> <span class='ocrx_word' id='word_1_302' title='bbox 624 3825 738 3890; x_wconf 72' lang='lat' dir='ltr'>quode.</span> <span class='ocrx_word' id='word_1_303' title='bbox 821 3825 899 3890; x_wconf 77' lang='lat' dir='ltr'>⁴isti]</span> <span class='ocrx_word' id='word_1_304' title='bbox 912 3833 1001 3882; x_wconf 86' lang='lat' dir='ltr'>rectae,</span> <span class='ocrx_word' id='word_1_305' title='bbox 1012 3825 1050 3875; x_wconf 88' lang='lat' dir='ltr'>ed.</span> <span class='ocrx_word' id='word_1_306' title='bbox 1062 3839 1099 3890; x_wconf 90' lang='lat' dir='ltr'>pr.</span> <span class='ocrx_word' id='word_1_307' title='bbox 1176 3825 1310 3876; x_wconf 71' lang='lat' dir='ltr'>⁸vestrum</span> 
     </span>
     <span class='ocr_line' id='line_1_36' title="bbox 271 3888 1311 3955; baseline 0.002 -17"><span class='ocrx_word' id='word_1_308' title='bbox 271 3906 320 3938; x_wconf 89' lang='lat' dir='ltr'>om.</span> <span class='ocrx_word' id='word_1_309' title='bbox 333 3891 371 3940; x_wconf 86' lang='lat' dir='ltr'>ed.</span> <span class='ocrx_word' id='word_1_310' title='bbox 383 3905 419 3954; x_wconf 90' lang='lat' dir='ltr'>pr.</span> <span class='ocrx_word' id='word_1_311' title='bbox 502 3890 512 3919; x_wconf 82' lang='lat'>⁸</span> <span class='ocrx_word' id='word_1_312' title='bbox 528 3891 608 3955; x_wconf 86' lang='lat' dir='ltr'>ipsum</span> <span class='ocrx_word' id='word_1_313' title='bbox 633 3907 697 3945; x_wconf 86' lang='lat' dir='ltr'>eum,</span> <span class='ocrx_word' id='word_1_314' title='bbox 709 3890 747 3939; x_wconf 88' lang='lat' dir='ltr'>ed.</span> <span class='ocrx_word' id='word_1_315' title='bbox 759 3906 811 3955; x_wconf 64' lang='grc' dir='ltr'>ρης</span> <span class='ocrx_word' id='word_1_316' title='bbox 829 3891 860 3940; x_wconf 80' lang='lat' dir='ltr'>ci.</span> <span class='ocrx_word' id='word_1_317' title='bbox 875 3904 885 3939; x_wconf 87' lang='lat'>1</span> <span class='ocrx_word' id='word_1_318' title='bbox 901 3892 964 3941; x_wconf 88' lang='lat' dir='ltr'>Petr.</span> <span class='ocrx_word' id='word_1_319' title='bbox 976 3907 999 3938; x_wconf 86' lang='lat' dir='ltr'>v.</span> <span class='ocrx_word' id='word_1_320' title='bbox 1013 3901 1036 3953; x_wconf 85' lang='lat'>7.</span> <span class='ocrx_word' id='word_1_321' title='bbox 1116 3888 1126 3919; x_wconf 77' lang='lat'>²</span> <span class='ocrx_word' id='word_1_322' title='bbox 1142 3889 1311 3941; x_wconf 84' lang='lat' dir='ltr'>distrahuntur</span> 
     </span>
     <span class='ocr_line' id='line_1_37' title="bbox 270 3954 1310 4020; baseline 0.002 -17"><span class='ocrx_word' id='word_1_323' title='bbox 270 3955 419 4012; x_wconf 85' lang='lat' dir='ltr'>distrahitur,</span> <span class='ocrx_word' id='word_1_324' title='bbox 430 3955 488 4005; x_wconf 61' lang='grc' dir='ltr'>ΒΩ.</span> <span class='ocrx_word' id='word_1_325' title='bbox 500 3956 538 4005; x_wconf 85' lang='lat' dir='ltr'>ed.</span> <span class='ocrx_word' id='word_1_326' title='bbox 551 3972 588 4020; x_wconf 88' lang='lat' dir='ltr'>pr.</span> <span class='ocrx_word' id='word_1_327' title='bbox 687 3955 822 4020; x_wconf 74' lang='lat' dir='ltr'>&#39;energia]</span> <span class='ocrx_word' id='word_1_328' title='bbox 835 3957 936 4020; x_wconf 74' lang='lat' dir='ltr'>inergla,</span> <span class='ocrx_word' id='word_1_329' title='bbox 948 3955 1026 4005; x_wconf 88' lang='lat' dir='ltr'>Codd.</span> <span class='ocrx_word' id='word_1_330' title='bbox 1035 3954 1108 4005; x_wconf 84' lang='lat' dir='ltr'><strong>MSS.</strong></span> <span class='ocrx_word' id='word_1_331' title='bbox 1198 3955 1310 4006; x_wconf 79' lang='lat' dir='ltr'>&#39;labore</span> 
     </span>
     <span class='ocr_line' id='line_1_38' title="bbox 270 4020 1310 4086; baseline 0.003 -18"><span class='ocrx_word' id='word_1_332' title='bbox 270 4020 390 4077; x_wconf 88' lang='lat' dir='ltr'>laborare,</span> <span class='ocrx_word' id='word_1_333' title='bbox 401 4020 439 4069; x_wconf 87' lang='lat' dir='ltr'>ed.</span> <span class='ocrx_word' id='word_1_334' title='bbox 452 4036 489 4086; x_wconf 90' lang='lat' dir='ltr'>pr.</span> <span class='ocrx_word' id='word_1_335' title='bbox 588 4021 607 4052; x_wconf 89' lang='lat'>¹⁰</span> <span class='ocrx_word' id='word_1_336' title='bbox 623 4021 741 4086; x_wconf 87' lang='lat' dir='ltr'>serviant]</span> <span class='ocrx_word' id='word_1_337' title='bbox 754 4022 859 4071; x_wconf 89' lang='lat' dir='ltr'>serviant</span> <span class='ocrx_word' id='word_1_338' title='bbox 871 4021 961 4077; x_wconf 89' lang='lat' dir='ltr'>debite,</span> <span class='ocrx_word' id='word_1_339' title='bbox 972 4020 1011 4071; x_wconf 88' lang='lat' dir='ltr'>ed.</span> <span class='ocrx_word' id='word_1_340' title='bbox 1023 4036 1053 4086; x_wconf 88' lang='lat' dir='ltr'>pr</span> <span class='ocrx_word' id='word_1_341' title='bbox 1162 4021 1180 4050; x_wconf 88' lang='lat'>¹¹</span> <span class='ocrx_word' id='word_1_342' title='bbox 1197 4021 1310 4071; x_wconf 69' lang='lat' dir='ltr'>mciendo</span> 
     </span>
     <span class='ocr_line' id='line_1_39' title="bbox 271 4085 1323 4151; baseline 0.004 -19"><span class='ocrx_word' id='word_1_343' title='bbox 271 4085 383 4134; x_wconf 83' lang='lat' dir='ltr'>iaciendo</span> <span class='ocrx_word' id='word_1_344' title='bbox 396 4086 459 4141; x_wconf 85' lang='lat' dir='ltr'>Deo.</span> <span class='ocrx_word' id='word_1_345' title='bbox 472 4086 511 4136; x_wconf 85' lang='lat' dir='ltr'>ed.</span> <span class='ocrx_word' id='word_1_346' title='bbox 523 4103 560 4151; x_wconf 90' lang='lat' dir='ltr'>pr.</span> <span class='ocrx_word' id='word_1_347' title='bbox 633 4088 652 4116; x_wconf 87' lang='lat'>¹¹</span> <span class='ocrx_word' id='word_1_348' title='bbox 667 4086 855 4151; x_wconf 86' lang='lat' dir='ltr'>instantissime]</span> <span class='ocrx_word' id='word_1_349' title='bbox 867 4087 1054 4143; x_wconf 85' lang='lat' dir='ltr'>institutissime,</span> <span class='ocrx_word' id='word_1_350' title='bbox 1065 4085 1104 4135; x_wconf 88' lang='lat' dir='ltr'>ed.</span> <span class='ocrx_word' id='word_1_351' title='bbox 1115 4102 1153 4151; x_wconf 90' lang='lat' dir='ltr'>pr.</span> <span class='ocrx_word' id='word_1_352' title='bbox 1231 4087 1250 4115; x_wconf 84' lang='lat'>¹⁸</span> <span class='ocrx_word' id='word_1_353' title='bbox 1267 4087 1323 4136; x_wconf 81' lang='lat' dir='ltr'>Deo</span> 
     </span>
     <span class='ocr_line' id='line_1_40' title="bbox 253 4148 1322 4217; baseline 0.005 -19"><span class='ocrx_word' id='word_1_354' title='bbox 253 4148 256 4213; x_wconf 76' lang='grc' dir='ltr'>Ι</span> <span class='ocrx_word' id='word_1_355' title='bbox 271 4149 328 4212; x_wconf 90' lang='lat' dir='ltr'>suo]</span> <span class='ocrx_word' id='word_1_356' title='bbox 341 4166 390 4198; x_wconf 92' lang='lat' dir='ltr'>om.</span> <span class='ocrx_word' id='word_1_357' title='bbox 403 4150 467 4200; x_wconf 92' lang='lat' dir='ltr'>B.D.</span> <span class='ocrx_word' id='word_1_358' title='bbox 478 4152 517 4201; x_wconf 92' lang='lat' dir='ltr'>ed.</span> <span class='ocrx_word' id='word_1_359' title='bbox 526 4168 563 4217; x_wconf 89' lang='lat' dir='ltr'>pr.</span> <span class='ocrx_word' id='word_1_360' title='bbox 713 4151 731 4182; x_wconf 89' lang='lat'>¹¹</span> <span class='ocrx_word' id='word_1_361' title='bbox 747 4151 887 4216; x_wconf 87' lang='lat' dir='ltr'>scitissime]</span> <span class='ocrx_word' id='word_1_362' title='bbox 899 4152 1038 4207; x_wconf 73' lang='lat' dir='ltr'>suussime</span> <span class='ocrx_word' id='word_1_363' title='bbox 1050 4151 1081 4200; x_wconf 85' lang='grc' dir='ltr'>Α.</span> <span class='ocrx_word' id='word_1_364' title='bbox 1093 4152 1216 4202; x_wconf 85' lang='lat' dir='ltr'>secundae</span> <span class='ocrx_word' id='word_1_365' title='bbox 1227 4168 1322 4209; x_wconf 80' lang='lat' dir='ltr'>manus.</span> 
     </span>
     <span class='ocr_line' id='line_1_41' title="bbox 253 4213 1074 4285; baseline 0.005 -24"><span class='ocrx_word' id='word_1_366' title='bbox 253 4218 256 4285; x_wconf 58' lang='grc' dir='ltr'><strong>ξ</strong></span> <span class='ocrx_word' id='word_1_367' title='bbox 272 4213 366 4264; x_wconf 89' lang='lat' dir='ltr'><strong>B.C.D.</strong></span> <span class='ocrx_word' id='word_1_368' title='bbox 378 4216 416 4264; x_wconf 84' lang='lat' dir='ltr'>ed.</span> <span class='ocrx_word' id='word_1_369' title='bbox 429 4232 466 4280; x_wconf 93' lang='lat' dir='ltr'>pr.</span> <span class='ocrx_word' id='word_1_370' title='bbox 565 4217 584 4247; x_wconf 75' lang='lat'>¹⁸</span> <span class='ocrx_word' id='word_1_371' title='bbox 600 4216 726 4283; x_wconf 87' lang='lat' dir='ltr'>puniatur]</span> <span class='ocrx_word' id='word_1_372' title='bbox 739 4218 844 4282; x_wconf 85' lang='lat' dir='ltr'>patiatur</span> <span class='ocrx_word' id='word_1_373' title='bbox 856 4217 894 4267; x_wconf 85' lang='lat' dir='ltr'>vel</span> <span class='ocrx_word' id='word_1_374' title='bbox 906 4217 1029 4281; x_wconf 88' lang='lat' dir='ltr'>puniatur,</span> <span class='ocrx_word' id='word_1_375' title='bbox 1041 4215 1074 4265; x_wconf 93' lang='lat' dir='ltr'>D.</span> 
     </span>
    </p>
   </div>
   <div class='ocr_carea' id='block_1_4' title="bbox 0 0 1436 4836">
    <p class='ocr_par' dir='ltr' id='par_1_4' title="bbox 0 0 1436 4836">
     <span class='ocr_line' id='line_1_42' title="bbox 0 0 1436 4836; baseline 0 1"><span class='ocrx_word' id='word_1_376' title='bbox 0 0 1436 4836; x_wconf 95' lang='lat' dir='ltr'> </span> 
     </span>
    </p>
   </div>
  </div>
 </body>
</html>
