2864 4836
451 322 904 386 PROLEGOMENA.
1221 344 1241 410 9

94 481 189 558 major
204 481 330 543 sollertia
343 496 430 561 atque
444 483 527 563 labor
543 486 574 543 in
593 503 685 563 opera
703 497 871 547 sanctornm
890 486 1008 547 Patnrm
1027 487 1176 566 impensus
1188 500 1243 562 est,

93 604 184 664 quam
197 590 229 647 in
242 588 301 649 hoc
315 589 420 650 Wiclili
433 609 527 669 opus;
552 610 611 670 qua
623 593 655 651 in
668 611 700 653 re
713 591 847 664 Bohemi,
862 592 987 671 Joannis
1006 594 1085 661 Huai
1103 595 1242 668 asseclae,

93 710 165 769 prae
184 694 290 771 Anglis
312 695 477 757 elaborasse
497 698 637 759 videntur.
680 699 768 765 Unde
792 700 894 773 elucet,
915 709 1042 778 quantae
1066 700 1243 768 auctoritatis

31 814 32 817 ’
94 799 175 878 apud
187 802 296 863 multos
311 802 469 882 Trialogus
482 803 575 866 fuerit.

137 906 243 969 Seculo
263 911 417 987 posteriori
439 930 507 971 cum
527 913 632 973 veritas
656 913 824 991 evangelica
843 914 992 988 reluceret,
1013 913 1084 992 quid
1106 913 1144 973 de
1167 913 1242 975 libro

93 1012 152 1072 isto
167 1014 329 1091 judicatum
344 1017 389 1088 sit,
403 1035 441 1076 ex
460 1017 585 1096 prologo
603 1018 724 1079 editioni
737 1021 861 1097 principi
879 1021 1041 1097 praemisso
1060 1037 1243 1096 cognoscere

94 1118 169 1180 licet
211 1120 329 1198 Prologi
343 1123 430 1201 hujus
445 1135 554 1198 auctor,
568 1127 688 1187 nomine
708 1137 793 1186 tenus
811 1128 896 1187 nobis
915 1143 1036 1204 prorsus
1049 1127 1175 1203 ignotus,
1189 1126 1244 1186 sed

94 1235 124 1286 et
137 1228 278 1306 evangelii
291 1232 506 1292 amantissimus
520 1242 549 1292 et
566 1232 712 1293 literarum
729 1233 935 1294 humaniorum
947 1234 1145 1312 peritissimus,
1159 1231 1245 1292 Tria-

93 1331 197 1410 logum
210 1334 366 1398 lectoribus
383 1338 569 1399 vehementer
588 1340 784 1413 commendat,
798 1342 907 1418 quippe
926 1341 977 1416 qui
995 1341 1031 1399 sit
1049 1340 1138 1399 animi
1154 1339 1195 1416 pii
1208 1356 1244 1398 ac

44 1429 48 1436 ’
94 1441 188 1499 sancti
206 1441 417 1503 documentum
435 1444 701 1506 luculentissimum
742 1444 889 1524 Joannem
906 1444 1054 1505 Wiclifnm
1072 1446 1177 1523 ipsum,
1197 1444 1244 1507 ille

94 1547 198 1623 pergit,
220 1547 309 1616 fuisse
329 1569 431 1612 verum
452 1551 559 1612 Christi
580 1563 693 1626 testem,
714 1554 765 1631 qui
785 1553 863 1613 bene
884 1553 1006 1625 noverit,

445 1710 532 1788 ‘quid
554 1710 660 1771 distent
680 1729 748 1771 aera
767 1710 891 1789 lupinis,'

94 1871 113 1930 i.
119 1890 145 1931 e.
160 1873 211 1951 qui
223 1892 323 1934 veram
333 1885 421 1954 atque
431 1877 590 1954 genuinam
602 1876 710 1936 Christi
720 1877 899 1936 veritatema
913 1876 1063 1936 sententiis
1076 1875 1245 1938 humanitus

94 1977 169 2038 lictis
188 1988 219 2039 et
238 1980 406 2043 adulterinis
429 1984 507 2043 bene
531 1982 701 2054 distinxerit,
722 1992 752 2042 et
776 1982 940 2042 doctrinam
964 1983 1123 2059 scripturae
1144 2000 1244 2044 sacrae

95 2085 281 2148 conformem
315 2089 390 2148 inter
424 2088 606 2167 Cymmerias
641 2090 776 2149 tenebras
812 2088 951 2148 docuerit
1007 2086 1088 2146 ‘Stili
1122 2086 1244 2164 quidem

95 2193 299 2268 asperitatem,’
327 2213 387 2273 qua
413 2195 571 2273 Trialogus
597 2195 719 2268 laborat,
745 2197 868 2272 scriptor
895 2194 958 2265 iste,
986 2202 1088 2271 utpote
1112 2202 1242 2253 veterum

95 2293 277 2359 Graecorum
304 2300 534 2380 Latinorumque
563 2303 640 2362 bene
666 2320 784 2379 marus,
809 2302 878 2361 satis
906 2300 1053 2376 cognovit.
1104 2298 1164 2358 Sed
1187 2299 1243 2370 hac

95 2407 177 2467 dere
196 2408 291 2485 primo
312 2411 434 2483 monuit,
449 2415 531 2469 ‘non
551 2411 691 2469 eminenti
710 2426 855 2480 sermone,
877 2408 931 2468 sed
951 2408 982 2466 in
1001 2407 1104 2466 virtute
1117 2423 1242 2483 regnum

94 2511 152 2572 Dei
165 2514 331 2574 'consistere'
348 2516 390 2588 (1.
404 2513 536 2576 Corinth.
552 2535 579 2589 4,
597 2518 658 2590 ao),
672 2516 797 2576 veritatis
812 2514 974 2592 simplicem
988 2530 1054 2572 esse
1068 2513 1242 2585 orationem,

95 2618 276 2695 simplicitate
290 2620 345 2680 stili
359 2620 518 2682 candorem
529 2621 634 2682 Wiclifi
647 2632 677 2682 et
694 2601 1011 2682 mentisinnocentiam
1025 2618 1243 2696 repraesentari,

95 2742 164 2784 cum
175 2735 276 2785 auctor
289 2728 384 2804 magis
394 2746 458 2788 rem
467 2729 562 2806 ipsam
573 2728 702 2806 proferat
711 2746 801 2806 quam
811 2727 942 2787 Atticum
950 2725 1094 2785 sermonis
1101 2723 1244 2802 leporem,

94 2848 133 2891 ne
147 2831 221 2892 sorte
237 2832 338 2892 lumen
357 2833 411 2893 soli
430 2833 537 2894 addere
553 2833 692 2895 videatur.
734 2835 888 2895 Praeterea
905 2831 1021 2910 prologi
1040 2831 1163 2908 scriptor
1180 2847 1243 2889 non

92 2953 214 3015 prorsus
227 2939 334 2999 infitias
347 2940 406 3014 ivit,
420 2940 562 3018 nonnulla
576 2945 694 3018 ‘aspere
708 2940 904 3018 perplexeque
915 2939 992 2998 dicta
1005 2954 1079 3008 esse,
1093 2933 1244 2995 Wiclilum

93 3046 210 3106 ‘crudis
223 3046 440 3106 dialecticorum
456 3047 605 3107 vocabulis
624 3043 692 3120 uti’;
714 3046 767 3106 sed
784 3047 851 3106 vitia
864 3047 919 3104 ista
936 3043 1079 3104 benevole
1097 3058 1243 3102 excusans
1266 3030 1274 3039 ’

92 3151 127 3211 in
144 3152 317 3212 memoriam
334 3151 477 3212 lectorum
495 3152 610 3213 reduxit
623 3151 713 3213 seculi
726 3151 801 3210 illins
819 3151 970 3228 ingenium
989 3148 1066 3209 adeo
1080 3147 1192 3208 ‘sterile
1206 3160 1241 3206 ac

93 3255 213 3330 infelix',
226 3268 259 3319 nt
272 3258 405 3320 Wiclifus
423 3277 485 3319 non
504 3269 604 3338 posset
622 3278 660 3320 eo
679 3277 740 3337 quo
760 3258 882 3319 decebat
899 3258 993 3318 nitore
1007 3255 1167 3316 ‘coelestes
1186 3255 1242 3315 sibi

92 3364 178 3424 datas
192 3382 265 3442 opes
278 3369 408 3427 exactius
421 3367 580 3445 posteritati
595 3362 790 3426 demandare!

136 3470 289 3545 Quantum
302 3472 409 3533 distant
423 3475 461 3534 ab
475 3472 530 3533 hac
544 3474 747 3533 aestimatione
760 3470 955 3531 recentiorum
968 3467 1096 3546 judicial
1131 3465 1243 3529 Nostra

93 3579 175 3639 enim
188 3591 281 3640 aetate
294 3581 383 3658 longe
396 3581 511 3659 plurimi
525 3582 699 3659 Trialogum
713 3580 793 3656 parvi
807 3577 924 3638 iaciunt
965 3575 1101 3634 Flathaits
1114 3574 1243 3652 exempli

93 3668 188 3765 gratia'
205 3687 277 3747 haec
291 3687 351 3747 sere
369 3689 458 3748 verba
478 3688 563 3749 iacit:
585 3693 700 3748 ‘sermo
719 3684 841 3746 difficilis
855 3694 942 3762 atque
956 3681 1109 3754 tumidior;
1134 3680 1242 3741 modus

93 3811 142 3854 res
156 3794 297 3855 tractandi
311 3796 455 3856 obscurus
472 3804 502 3854 et
515 3794 680 3872 perplexus,
694 3794 735 3853 ita
754 3803 786 3853 ut
800 3790 932 3852 Wiclilus
954 3788 1088 3850 facultate
1109 3788 1241 3863 graviter,

92 3902 256 3981 perspicue,
275 3911 395 3962 venuste
414 3902 531 3962 dicendi
545 3903 672 3963 caruisse
690 3900 829 3961 videatur.
870 3896 992 3967 Elicere,
1011 3893 1083 3971 qnid
1101 3892 1155 3952 sibi
1175 3891 1242 3951 velit

92 4021 205 4084 auctor,
218 4008 296 4070 haud
309 4028 375 4071 raro
395 4009 536 4070 difficilius
549 4019 602 4081 est,
621 4025 717 4086 neque
734 4007 825 4066 lector
838 4020 935 4063 rerum
956 4000 1082 4060 novitate
1104 4006 1154 4057 aut
1174 4014 1241 4056 sen·

92 4118 249 4179 tertiarum
262 4117 400 4194 gravitate
413 4117 521 4178 laboris
534 4116 659 4194 pretium
673 4112 803 4174 nancisci
816 4110 898 4171 solet'
916 4108 1065 4183 (Faunus,
1081 4103 1241 4164 Geschiclrte

91 4225 143 4290 der
164 4224 327 4306 Vorlaeuser
338 4224 389 4304 der
401 4222 607 4305 Reformatr‘on,
624 4223 711 4298 1836,
726 4219 769 4281 11.
788 4215 869 4296 ²³0)·
912 4214 1046 4277 Similiter
1058 4212 1190 4274 Baurr'to
1203 4210 1241 4271 de
