2864 5242
169 670 462 681 —-..-.----.....--—.·
482 676 561 682 ——.
571 676 655 683 .·-....
732 678 737 682 -
764 678 1094 686 -..ψω--σο--οῄ
1105 679 1405 692 ——--—--——--—

158 804 238 846 cinis
509 782 850 847 TRIALOGUS·
1282 807 1337 853 121

181 944 239 1003 Sed
250 946 405 1021 quomodo
415 946 459 1004 lii¹
471 945 539 1005 mali
551 947 667 1022 spiritus
681 957 826 1023 temptant
839 948 983 1019 homines,
994 961 1039 1008 est
1053 950 1197 1009 dissensio
1234 966 1382 1043 offingen

143 1043 218 1119 apud
232 1043 349 1114 multos,
364 1061 433 1103 cum
446 1061 508 1102 non
528 1045 620 1103 subsit
633 1045 707 1104 ratio
720 1045 765 1104 vel
784 1046 892 1105 modus
911 1048 1082 1123 temptandi.
1125 1048 1197 1108 Cer·
1234 1018 1390 1085 {ww

141 1152 200 1200 tum
227 1152 274 1201 est
301 1152 409 1213 umen,
433 1142 516 1218 quod
542 1154 668 1219 possunt
694 1154 838 1224 temptare
864 1144 1008 1217 homines,
1035 1146 1198 1207 vincendo¹

91 1304 93 1315 ¹
138 1240 263 1316 spiritus,
285 1241 401 1316 spiritus
425 1241 609 1317 corporeos⁸,
631 1252 717 1318 prout
739 1241 824 1301 fuerit
843 1245 927 1320 operi
951 1245 1100 1305 meritorio
1126 1264 1198 1305 con·

91 1353 93 1369 ¹
138 1356 246 1396 sonum
268 1338 314 1396 vel
334 1338 497 1409 dissonum,
519 1339 726 1417 dispergendo.
769 1341 817 1399 Sic
842 1342 920 1400 enim
945 1343 1079 1403 diabolus
1101 1354 1216 1427 potest

138 1446 283 1513 temptare
296 1436 432 1496 homines
450 1455 504 1514 per
517 1439 631 1514 species
651 1439 845 1497 sensibilium¹
859 1458 937 1499 nunc
952 1442 1141 1501 excitantium
1160 1443 1198 1502 ad

137 1535 241 1611 gulam
254 1545 342 1612 atque
361 1535 505 1594 luxuriam
524 1535 686 1595 secundum
705 1539 867 1613 appetitum
886 1539 990 1609 oannis,
1005 1549 1034 1598 et
1048 1558 1127 1599 nunc
1146 1560 1216 1617 peri

137 1633 254 1709 species
271 1651 369 1691 rerum
389 1633 568 1692 sensibilium
582 1635 771 1693 excitantium
790 1635 829 1693 ad
843 1637 1000 1706 avaritiam,
1015 1638 1198 1714 opponendo

137 1730 303 1789 secundum
314 1732 584 1808 concupiscentiam
595 1732 757 1802 oculorum,
769 1742 798 1791 et
809 1751 887 1792 nunc
898 1734 966 1810 per¹
977 1737 1091 1811 species
1101 1756 1198 1796 rerum

137 1829 319 1887 sensibilium
333 1830 520 1889 excitantium
534 1830 573 1888 ad
592 1831 758 1907 superbiam
772 1831 957 1907 applicando,
972 1833 1046 1892 sicut
1065 1834 1198 1894 diabolus
1212 1888 1216 1909 ,

138 1929 289 2005 temptavit
297 1929 446 1989 Christum
457 1928 560 1989 Matth.
572 1931 608 1988 iv.
643 1930 681 1988 Et
691 1931 762 1989 boni
773 1931 889 2007 spiritus
901 1945 1024 2008 possunt
1035 1936 1197 1995 secundum
1213 1914 1216 1935 ¹

137 2029 248 2104 gradus
261 2028 444 2088 consimiles¹
457 2028 603 2106 adjuvare.
645 2028 791 2106 Regulam
811 2041 909 2089 autem
928 2032 958 2090 in
977 2034 1116 2092 omnibus
1136 2034 1198 2092 istis

137 2137 254 2202 oportet
268 2125 306 2184 de
321 2126 501 2202 beneplacito
512 2125 568 2186 Dei
583 2127 722 2204 accipere,
734 2145 802 2186 curn
816 2129 924 2187 diaboli
935 2148 972 2199 ex
984 2129 1040 2188 fide
1055 2148 1116 2189 non
1131 2131 1197 2208 plus

139 2237 263 2300 possunt
287 2235 429 2301 temptare
454 2225 598 2295 homines,
620 2244 709 2301 quam
733 2225 770 2284 de
792 2226 848 2285 Dei
873 2226 1057 2303 beneplacito
1078 2231 1197 2305 permit·

139 2332 246 2393 mutor,
273 2341 342 2382 cum
365 2322 422 2383 Dei
440 2324 550 2400 justitia
573 2342 635 2382 non
655 2326 792 2401 permittit
817 2342 873 2383 nos
899 2326 1033 2401 temptari
1058 2345 1146 2403 supra
1167 2327 1197 2386 id

138 2421 221 2496 quod
234 2421 423 2498 possumus¹;
444 2422 489 2481 vel
502 2424 526 2482 si
541 2424 672 2482 resistere
691 2441 752 2481 non
772 2422 938 2493 sufficimus,
954 2434 1107 2500 peccatum
1127 2443 1198 2485 nos-

139 2530 215 2577 trum
231 2521 358 2595 primum
373 2530 417 2579 est
430 2519 460 2578 in
477 2538 573 2580 causa

1211 2718 1215 2767 ι

561 2843 656 2902 cnr.
679 2840 778 2901 >nur
979 2893 982 2899 ,
1211 2856 1216 2975 1

512 2999 557 3057 De
565 3002 824 3075 praedestinatione.

181 3153 319 3214 Pscustis.
362 3157 398 3214 ln
417 3158 556 3216 omnibus
576 3158 638 3216 istis
657 3157 769 3215 videtur
790 3156 870 3234 quod
892 3156 989 3215 innuis
1010 3155 1108 3214 Deum
1131 3174 1198 3213 cum

138 3256 279 3313 creaturis
293 3256 353 3314 suis
367 3256 411 3313 in⁹
430 3255 597 3315 omnibus¹⁰
617 3254 746 3314 talibus¹¹
759 3254 889 3331 joculari,
912 3272 979 3312 cum
994 3264 1124 3313 creatura
1138 3272 1198 3312 non

140 3354 208 3430 plus
228 3365 326 3429 potest
347 3355 413 3413 talia
434 3354 529 3413 lacere
550 3355 595 3412 vel
616 3371 742 3424 movere,
758 3372 846 3429 quam
868 3352 967 3428 imago
989 3351 1105 3411 artificis
1115 3353 1199 3429 jocu-

140 3451 235 3522 lamis,
253 3471 321 3511 cum
340 3453 443 3512 Esaias
460 3453 547 3522 dicat,
563 3452 643 3528 quod
662 3470 763 3511 sumus
783 3469 861 3509 serra
875 3449 997 3508 Domini
1011 3448 1199 3508 dividentis¹¹.

140 3549 180 3607 Et
194 3551 237 3608 sic
252 3550 370 3622 videtur,
380 3551 464 3627 quod
475 3550 556 3611 Deus
570 3551 726 3610 necessitat
741 3559 801 3609 tam
816 3549 1048 3625 praedestinatos
1062 3548 1199 3607 homines

140 3665 231 3723 quam
247 3650 413 3724 praescitos

183 3744 348 3806 Phrenesis.
391 3748 450 3807 Hic
461 3757 575 3826 oportet
586 3747 744 3823 intelligere
756 3747 904 3814 terminos,
916 3756 947 3802 ut
959 3744 1030 3802 fides
1042 3744 1198 3819 scripturae
1213 3758 1216 3789 ⁵

141 3843 223 3903 lios¹³
250 3844 351 3904 limitat
379 3857 407 3905 et
435 3865 496 3904 non
525 3846 606 3918 ultra,
636 3864 673 3903 ne
701 3844 771 3903 dent
799 3843 985 3902 occasionem
1013 3842 1198 3918 concipiendi

176 3993 183 4020 ¹
201 3991 239 4055 hi]
252 3992 300 4047 hic,
310 3993 350 4042 ed.
363 4009 399 4057 pr.
515 3994 524 4020 ¹
541 3990 672 4056 vincendo]
684 3990 801 4046 uniendo.
812 3990 851 4039 ed.
865 4005 901 4054 pr.
914 3990 944 4039 C.
1064 3989 1074 4018 ³
1090 3989 1197 4054 spiritus,
1212 3972 1215 4099 Ι

141 4057 243 4122 spiritus
254 4059 398 4122 corporeos]
411 4058 511 4121 spiritus
522 4072 655 4122 corporeos
667 4056 706 4105 vel
717 4057 792 4121 ipsos,
804 4056 838 4104 D.
915 4054 923 4082 ¹
940 4055 1105 4120 sensibilium]
1116 4070 1197 4104 rerum

141 4122 303 4178 sensibilium.
315 4125 408 4173 A.B.C.
420 4123 459 4173 ed.
471 4139 507 4187 pr.
613 4123 623 4151 ¹
639 4121 695 4186 per]
707 4138 757 4170 orn.
770 4122 863 4171 ΑΒΕ,
874 4121 913 4171 ed.
925 4120 1027 4186 pr.-cl.
1043 4133 1053 4168 1
1067 4122 1107 4186 Jo.
1119 4121 1144 4170 ii.
1159 4119 1197 4170 16.
1212 4110 1214 4149 Ι

141 4187 321 4252 ‘consimiles]
333 4188 433 4244 similes,
445 4188 507 4237 Ab.
587 4187 832 4238 ¹ci.1Corintb.x.
848 4201 885 4249 ¹3·
969 4185 1101 4236 'Codices
1112 4200 1197 4235 manu·

141 4253 227 4317 scripti
243 4253 292 4302 hoc
308 4263 382 4317 caput
400 4253 499 4304 inferius
516 4254 644 4319 incipiunt,
655 4252 686 4302 cl.
698 4269 723 4317 p.
738 4265 767 4300 12
770 4267 793 4312 3,
805 4260 857 4302 not.
870 4268 899 4317 9;
920 4251 998 4301 nibilo
1013 4251 1094 4300 minus
1110 4250 1197 4325 editi03

142 4334 199 4368 nem
216 4319 352 4384 principem
371 4320 459 4369 bacin
478 4336 504 4371 re
522 4320 652 4384 sequimur,
672 4325 697 4368 et
715 4317 865 4368 confusionis
884 4315 1000 4366 vitandae
1015 4322 1040 4364 et
1058 4321 1196 4380 argumenti

142 4384 220 4448 ipsius
237 4400 317 4441 musa,
336 4400 411 4449 quum
431 4385 479 4434 alia
498 4387 601 4435 materia
621 4384 715 4434 scilicet
736 4384 767 4433 de
791 4381 1014 4448 praedestinatione
1036 4379 1077 4430 hic
1099 4380 1213 4452 tractari¹

142 4449 252 4514 incipiat·
329 4450 339 4479 ¹
355 4450 393 4514 in]
405 4467 456 4501 om.
468 4450 561 4500 A.B.C.
575 4451 612 4500 ed.
625 4466 661 4516 pr.
740 4450 758 4478 ¹⁰
775 4465 831 4498 cum
843 4448 959 4497 creaturis
971 4446 1020 4495 suis
1032 4445 1057 4494 in
1069 4445 1196 4509 omnibus]
1211 4464 1213 4523 4

141 4517 167 4563 in
184 4515 301 4564 creaturis
317 4517 366 4564 suis
383 4517 505 4571 omnibus,
526 4516 598 4571 ass
622 4516 647 4565 in
665 4514 782 4565 creaturis
800 4514 850 4564 suis
866 4514 893 4581 in
911 4511 1034 4567 omnibus,
1054 4512 1083 4561 C.
1101 4511 1141 4561 ed.
1158 4527 1195 4575 pr.

142 4581 159 4608 ¹¹
178 4580 280 4644 talibus]
294 4581 382 4637 taliter,
394 4581 487 4633 Abu.
500 4583 537 4632 ed.
550 4598 586 4646 pr.
653 4581 672 4609 ¹²
688 4580 859 4645 cs.]esaisex.
875 4591 911 4642 15.
978 4576 996 4607 ¹³
1013 4576 1071 4642 hos]
1084 4593 1134 4626 om.
1147 4578 1178 4626 A.
