2864 4836
88 254 163 282 ..⁸-

88 374 237 447 W,
506 360 848 424 rlrrraoous
999 307 1001 311 i
1276 380 1341 449 339

245 544 383 605 paupere,
397 539 508 589 etcum
526 531 584 591 hoc
603 528 890 592 confoederationem
905 552 923 592 a
936 542 1055 610 potente
1074 534 1195 611 populo,

88 628 203 719 ff.
210 642 301 703 quam
314 627 477 688 subdole¹'
470 647 500 687 m
515 627 621 689 Christi
636 630 759 689 ecclesia
773 629 974 690 defendantur.

132 710 139 721 ’
159 718 365 784 :Dixiautem
375 727 982 806 superiusinprincipiohujusquarti¹per
996 747 1103 788 novem
1117 732 1302 816 capi-mu
1230 741 1348 777 namma

131 816 136 889 ’,
227 833 338 901 quanta
356 823 537 901 blasphemia
556 835 674 884 utuntur
685 825 812 885 iratres
804 845 834 885 ιιι
855 826 912 886 hoc
926 829 1082 888 venerabili
1101 847 1195 889 sacra
1229 824 1371 897 immi,

92 954 95 959 ·
124 924 257 1001 ,Uita
299 919 417 981 Ponunt
428 940 515 994 emm
525 933 557 982 ut
566 924 605 983 ad
615 933 727 1000 partem
739 925 906 985 satisdidici
908 927 1195 1003 ,quodipsaconse-
1229 945 1254 978 de
1229 869 1357 1018 {affigam

110 1070 125 1081 .
119 1016 554 1082 «nabornamoecrdens
532 1041 594 1083 sme
605 1023 764 1083 substantia
774 1025 912 1101 subjecta
923 1022 999 1084 ιινο3
1010 1026 1088 1097 nrhrl
1100 1039 1129 1085 et
1139 1026 1197 1086 hoc
1229 1031 1286 1108 {illu}
1263 1026 1351 1100 Μὴξῗρ,

112 1114 337 1205 iphttmmnt,
349 1119 504 1191 sedtacite,
515 1121 710 1181 Lmdomr'sin
720 1122 848 1199 generali
858 1141 960 1182 eorum
970 1125 1084 1182 concilio
1094 1131 1196 1183 terrae
1229 1067 1373 1142 imiim'm

130 1220 257 1284 *Μαι
284 1227 445 1294 posuerunt
464 1219 543 1277 enim
564 1220 604 1278 ibi
622 1221 747 1296 publice,
762 1222 864 1296 quod
856 1240 887 1279 ιιι
904 1233 1088 1281 sacramento
1102 1223 1199 1283 altaris

111 1302 185 1391 ji
202 1313 383 1375 accidens
360 1334 422 1375 sure
443 1317 584 1394 subjecto,
603 1318 683 1394 quod
704 1319 842 1378 accidens
861 1337 924 1378 non
944 1331 1068 1396 possunt
1089 1321 1199 1398 lingere

136 1410 205 1473 nini
227 1411 321 1488 ipsam
345 1413 471 1473 hostiam
497 1426 706 1486 consecratam,
727 1416 808 1476 aliter
832 1417 910 1474 enim
932 1418 1078 1477 nescirent
1103 1420 1197 1478 dicere

136 1506 233 1588 hius
252 1510 364 1572 hostiae
385 1513 584 1589 quidditatem‚
606 1531 662 1572 nec
683 1514 792 1590 fingere
814 1514 966 1590 quomodo
987 1516 1088 1575 virtute
1109 1519 1199 1576 bene·

135 1606 283 1669 alimonis
306 1627 375 1668 suae
400 1611 452 1669 sit¹
472 1611 609 1670 accidens
635 1612 677 1670 sic
702 1612 874 1671 miraculose
898 1613 960 1672 sine
982 1613 1122 1692 subjecto,
1143 1617 1200 1675 nisi

137 1704 242 1785 ipsum
256 1706 395 1768 accidens
409 1708 483 1768 soret
496 1710 593 1785 ipsum
608 1708 743 1768 sensibile
759 1720 981 1782 sacramentum,
998 1730 1065 1771 cum
1084 1713 1199 1788 lingunt

137 1808 178 1861 ut
195 1798 294 1873 iidem,
307 1801 389 1878 quod
402 1803 499 1878 ipsum
517 1820 580 1861 non
598 1812 694 1879 potest
713 1821 777 1862 esse
797 1805 882 1879 panis
895 1805 939 1862 vel
959 1822 1066 1882 corpus
1081 1804 1198 1876 Christi,

138 1915 203 1960 noc
226 1899 333 1960 habere
355 1900 481 1977 aliquam
503 1901 694 1960 substantiam
715 1918 790 1976 quae
812 1901 866 1978 ipsi
888 1903 1052 1962 naturaliter
1073 1903 1111 1963 sit
1132 1904 1199 1963 suh

139 2008 244 2060 strata
286 1997 345 2058 Sed
359 1998 436 2058 istud
450 2016 598 2057 summum
612 1999 782 2057 miraculum
794 1998 903 2058 iaciunt
916 2001 1045 2076 quotidie
1059 2020 1096 2060 err
1111 2011 1198 2077 pacto

140 2114 216 2159 cnm
229 2096 370 2168 Domino,
386 2105 488 2156 contra
506 2095 633 2155 formam
651 2097 731 2155 verbi
750 2095 858 2156 Christi
877 2099 1044 2175 evangelici,
1064 2099 1200 2176 quando¹

141 2195 279 2258 cmtus
300 2195 408 2265 asserit,
428 2193 502 2253 ‘hoc
524 2205 568 2253 est
588 2212 695 2270 corpus
715 2196 841 2267 meum;’
872 2207 900 2255 et
922 2199 963 2256 sic
983 2208 1099 2274 oportet
1120 2199 1200 2275 ipsos

142 2292 253 2364 dicere,
267 2293 350 2371 quod
363 2291 496 2352 Christus
512 2292 544 2351 in
557 2293 646 2351 verbo
668 2294 867 2352 sacramentali
888 2297 1046 2372 praecipuo
1066 2296 1199 2373 impossi-

142 2391 241 2452 biliter
260 2401 304 2451 est
324 2392 470 2450 mentitus.
513 2389 605 2462 Quod
625 2400 723 2448 autem
744 2390 790 2448 alii
811 2390 913 2450 iratres
933 2402 965 2450 ut
986 2394 1200 2467 praedicatores

142 2488 253 2561 dictant,
275 2490 356 2567 quod
376 2489 433 2548 hoc
455 2498 668 2548 sacramentum
690 2489 734 2546 vel
754 2489 808 2547 ista
829 2486 938 2548 hostia¹
960 2491 994 2548 sit
1015 2489 1201 2567 aggregati&

142 2588 246 2650 talium
267 2587 461 2648 accidentium
483 2585 557 2645 sive¹
571 2585 651 2657 nihil,
666 2586 757 2645 tendit
778 2587 922 2647 haeretice
942 2588 973 2645 in
994 2589 1120 2648 eandem
1134 2607 1200 2647 sen·

142 2686 275 2757 tentiam,
289 2696 318 2745 et
340 2687 382 2745 sic
403 2684 512 2744 nedum
527 2683 677 2743 Christum
691 2684 937 2746 haereticaverunt
950 2687 981 2745 in
995 2704 1049 2746 suo
1064 2687 1199 2757 concilio,

141 2783 200 2845 scd
213 2785 385 2861 praecipuos
400 2794 516 2843 sanctos
530 2782 587 2841 Dei
602 2800 636 2841 ac
650 2792 742 2842 totam
764 2784 918 2844 ecclesiam
932 2785 1110 2856 militantem,
1125 2803 1200 2862 quae

142 2901 164 2943 a
187 2891 320 2960 tempore
342 2882 584 2959 promulgationis
608 2881 750 2957 evangelii
776 2891 853 2941 recte
878 2883 1007 2954 credidit,
1032 2885 1114 2960 quod
1142 2885 1199 2942 hoc

142 2990 361 3040 sacramentum
375 2980 420 3039 vel
441 2980 497 3039 ista
518 2987 630 3038 sacrata
649 2977 745 3038 hostia
767 2981 803 3038 sit
823 2981 989 3040 naturaliter
1002 2999 1086 3039 verus
1106 2982 1199 3058 panis,

144 3088 177 3139 et
191 3077 435 3138 sacramentaliter
450 3095 557 3155 corpus
571 3075 686 3137 Christi.
728 3076 841 3136 Fratres
855 3088 952 3136 autem
966 3080 1016 3154 qui
1031 3080 1200 3137 subvertunt

145 3175 224 3236 hauc
239 3175 351 3248 iidem⁹,
365 3177 499 3235 nesciunt
518 3177 623 3235 docere
644 3175 733 3234 fidem
751 3176 838 3234 aliam
858 3175 895 3234 de
916 3176 1075 3252 quidditate
1089 3176 1201 3253 hujus¹⁰

143 3273 268 3345 hostiae,
283 3293 351 3334 cum
365 3274 411 3334 vel
431 3274 532 3334 dicum
553 3273 633 3350 quod
654 3291 717 3332 non
736 3273 859 3332 adorant
881 3273 933 3332 sed
950 3282 1122 3331 venerantur
1140 3273 1200 3332 hoc

143 3382 370 3444 aeramentum,
384 3372 429 3432 vel
443 3371 524 3449 quod
539 3371 679 3431 ‘adorant
692 3370 762 3429 illud
776 3370 856 3447 quod
868 3369 1042 3429 nesciunt¹¹.'
1078 3368 1201 3429 Videtur

144 3478 245 3531 autem
258 3469 338 3542 mihi,
350 3470 431 3548 quod
444 3470 580 3529 haeretici
594 3470 641 3528 isti
654 3468 763 3527 habent
776 3469 871 3526 dicere
886 3478 1106 3544 consequenter,
1119 3470 1199 3546 quod

144 3585 354 3646 quemcunque
373 3568 515 3628 nodultrm
535 3567 679 3628 straminis
696 3566 742 3625 vel
760 3565 958 3643 quodcunque
977 3586 1083 3645 corpus
1103 3569 1199 3644 signa-

144 3665 204 3725 bile
225 3677 270 3726 est
287 3668 382 3743 maior
401 3667 474 3726 ratio
495 3665 646 3736 adorandi,
660 3683 697 3724 eo
717 3666 798 3742 quod
817 3665 889 3724 haec
909 3665 1004 3725 hostia
1024 3684 1086 3725 non
1106 3667 1199 3725 estin

146 3773 250 3823 namra
264 3782 325 3837 sua,
336 3764 381 3823 vel
394 3773 514 3842 propter
528 3765 689 3824 bonitatem
703 3765 863 3827 naturalem
874 3783 963 3841 quam
976 3765 1006 3823 in
1017 3782 1049 3824 se
1060 3765 1198 3834 continet,

181 3892 322 3969 ¹subdole]
335 3894 461 3950 subdolo,
472 3893 511 3944 ed.
523 3909 560 3960 pr
691 3892 810 3958 ’quarti]
822 3894 976 3958 quartilibri,
989 3895 1027 3952 C..
1039 3894 1068 3943 Β.
1080 3894 1200 3943 mindae

146 3972 249 4014 munus·
267 3958 299 4008 ci.
310 3974 351 4014 ιι.,
362 3973 485 4010 c.a-10.
596 3957 757 4022 ¹siue]sine,
768 3959 807 4007 ed
819 3974 856 4034 pr.
976 3959 1100 4022 ¹sit]sic‚
1111 3959 1151 4010 ed.
1144 3976 1199 4036 ..pr

145 4024 156 4053 ¹
174 4023 284 4088 quando]
296 4039 352 4088 qua,
364 4025 401 4074 ed.
413 4040 450 4089 pr.
524 4023 608 4073 “vel
601 4031 649 4073 ista
659 4023 753 4087 hostia]
765 4031 792 4072 ut
804 4024 851 4080 isti,
864 4024 925 4073 ΑΗΒ
1017 4023 1027 4053 ¹
1043 4025 1199 4088 aggregatio]

145 4096 318 4203 aggregatum,
330 4089 424 4140 Amne.
512 4090 522 4118 ¹
539 4089 601 4154 sive]
615 4088 676 4146 sine,
687 4089 725 4138 ed.
737 4104 774 4153 pr.
873 4090 884 4119 ⁹
900 4090 963 4140 hanc
975 4089 1061 4153 tidem]
1073 4105 1123 4139 om
1136 4090 1198 4139 ΑΗΒ

147 4155 168 4186 ¹⁰
201 4153 327 4218 ujus]om.
339 4154 377 4204 ed
389 4170 426 4219 pr.
525 4156 542 4187 ¹¹
559 4089 601 4205 ci]
603 4154 679 4219 J.0h'
672 4170 704 4202 ιν.
718 4167 756 4203 aa

648 4255 696 4298 22
