2864 4836
66 452 149 490 cnse
409 434 766 497 TRIALOGUS.

69 594 184 656 horale¹
209 607 239 656 et
263 608 416 673 peccatum
439 597 539 658 horale
563 599 697 675 praesciti
717 610 784 658 sunt
806 597 950 656 infinitum
973 599 1196 676 dispariteree

68 694 228 771 punienda,
248 713 316 754 cunr
335 698 471 772 primum,
486 697 540 756 etsi
558 697 687 756 videatur
705 697 820 772 gravius
840 715 900 773 quo
920 697 958 755 ad
978 716 1081 772 genus,
1096 708 1125 755 et

68 792 242 864 secundum,
263 793 330 852 licet
350 794 495 853 videatur¹
515 795 605 853 levius
625 812 686 871 quo
706 795 744 853 ad
764 813 867 871 genus,
882 795 991 854 habent
1011 797 1126 854 tamen³

70 888 306 951 convenientias⁴
325 891 456 968 dispares
474 910 493 951 a
511 894 570 952 suis
590 880 694 952 linibus
713 894 855 951 limitatas.
899 891 986 952 Unde
1006 912 1067 952 non
1082 895 1126 951 in-

68 987 184 1064 telligas
199 989 241 1048 sic
255 1007 385 1059 erronee,
398 990 479 1066 quod
493 1007 553 1048 una
566 1008 633 1066 pars
648 992 837 1066 quantitativa
851 990 980 1066 peccati⁶
991 979 1126 1066 praesciti

69 1087 110 1144 sit
124 1103 222 1162 poena
240 1083 375 1163 propria⁰
389 1086 539 1163 punienda
552 1097 581 1145 et
596 1088 651 1146 alia
670 1106 767 1164 poena
781 1090 907 1165 propria,
923 1089 967 1147 vel
986 1089 1126 1148 intensive

68 1183 117 1243 vel
130 1184 327 1260 temporaliter
340 1184 547 1255 mensurando,
562 1185 615 1244 sed
634 1187 734 1244 omnia
748 1195 870 1262 peccata
889 1188 1024 1262 praesciti
1041 1186 1126 1245 simul

69 1290 141 1340 sunt
154 1298 214 1340 una
226 1299 325 1358 poena
337 1293 478 1359 perpetua
491 1283 647 1359 punienda.
690 1283 728 1342 Et
739 1285 780 1342 sic
796 1296 950 1360 peccatum
962 1282 1061 1343 Saulis
1075 1282 1127 1342 suit

69 1378 216 1438 infinitum
234 1380 350 1456 gravius
368 1397 428 1455 quo
448 1379 485 1439 ad
505 1398 642 1456 poenam,
660 1398 748 1456 quarn
768 1392 922 1457 peccatum
936 1380 1045 1462 Damia',
1061 1381 1127 1439 licet

69 1476 201 1536 videatur
218 1476 322 1535 David
337 1487 440 1536 contra
462 1476 563 1535 Uriam
581 1478 646 1554 plus
665 1479 822 1554 proditorie
842 1489 871 1536 et
889 1480 1004 1555 gravius
1023 1498 1127 1556 pecca-

70 1577 157 1645 visse,
171 1593 240 1634 cum
259 1586 381 1651 peccato
396 1574 491 1635 David
506 1575 643 1652 adjuncta
657 1575 725 1634 suit*
739 1576 932 1653 poenitentia⁸
947 1594 1022 1652 quae
1037 1576 1127 1635 defuit

70 1673 104 1733 in
125 1671 219 1732 Saule.
261 1673 299 1732 Et
324 1675 366 1732 sic
386 1683 519 1732 taxantes
539 1683 730 1751 peccatorum
751 1674 939 1749 gravedinem
965 1673 1126 1733 secundum

69 1772 264 1848 quantitatem
279 1768 438 1848 pecuniae⁰
452 1771 632 1848 spoliandae,
647 1772 784 1847 ignorant
798 1789 886 1828 voces
905 1771 1044 1847 proprias,
1059 1789 1127 1830 cum

70 1887 163 1928 uerno
177 1870 234 1928 nisi
253 1867 326 1928 forte
346 1869 519 1928 certificatus
538 1887 590 1946 per
609 1869 815 1927 revelationem
835 1878 1004 1943 cognoscat,
1020 1869 1044 1926 si
1059 1886 1127 1943 pec-

70 1979 171 2026 catum
185 1985 222 2026 ex
232 1965 289 2026 Dei
303 1967 395 2042 gratia
408 1977 437 2025 et
452 1967 648 2026 satisfactione
663 1967 761 2025 debita
771 1967 938 2024 remittetur.
981 1966 1019 2024 Et
1034 1967 1076 2025 sic
1092 1966 1127 2024 de

71 2064 200 2141 peccatis
228 2065 388 2140 praeteritis
416 2075 606 2141 peccatorum
634 2065 827 2141 superstitum,
858 2066 932 2123 sicut
959 2065 1128 2141 ignoramus

72 2162 157 2232 fines,
171 2164 212 2222 sic
226 2179 329 2221 eorum
342 2163 514 2238 gravedines
531 2174 560 2221 et
574 2181 686 2239 poenas
701 2163 908 2221 rationabiliter
922 2162 1128 2239 injungendas.

71 2259 234 2320 Possumus
253 2271 351 2320 tamen
368 2263 520 2338 injungere
539 2264 732 2338 poenitentias
754 2262 798 2321 vel
818 2280 931 2338 poenas
953 2262 1129 2322 occasioni¹⁰

72 2360 186 2436 peccati
199 2360 358 2435 oppositas,
374 2370 403 2417 et
417 2378 435 2418 a
448 2362 576 2435 peccatis
594 2360 761 2437 hujusmodi
781 2360 968 2419 distractivas.
1010 2360 1130 2432 Quanta

71 2466 171 2515 autem
192 2458 279 2517 debet
299 2478 363 2519 esse
384 2478 482 2536 poena
502 2463 533 2519 in
553 2462 709 2538 gravedine
731 2461 775 2519 vel
797 2463 937 2538 temporis
958 2463 1128 2537 quantitate,

70 2555 295 2631 ignorat-etiam
317 2576 401 2634 papa.
450 2559 532 2630 Ideo,
553 2571 585 2619 ut
606 2561 702 2619 dicam
723 2559 850 2630 inferius,
872 2561 968 2618 omnis
993 2570 1130 2637 peccator

73 2664 222 2728 superstes
236 2655 323 2714 debet
338 2656 374 2715 de
393 2657 592 2717 misericordia
605 2657 661 2717 Dei
677 2657 833 2728 confidere,
848 2668 876 2716 et
896 2658 1072 2716 deletionem
1087 2658 1130 2717 sui

73 2752 205 2811 criminis
226 2772 351 2829 sperare,
366 2766 394 2813 et
415 2756 456 2815 sic
478 2767 619 2832 quantum
641 2756 744 2815 sufficit
766 2775 784 2815 a
804 2766 928 2832 peccato
950 2757 1087 2815 desistere
1102 2766 1131 2814 et

72 2849 189 2908 bonum
210 2849 313 2922 facere,
338 2853 422 2927 juxta
446 2853 514 2911 illud
540 2852 686 2928 psalmi¹¹:
719 2852 859 2912 ‘Declina
884 2871 901 2911 a
925 2853 1004 2912 malo
1030 2865 1058 2913 et
1084 2853 1130 2913 lac

73 2946 219 3018 bonum3’
247 2947 337 3006 talis¹²
357 2950 437 3007 enirn
459 2949 601 3008 desiderat
626 2950 656 3008 in
681 2951 774 3027 patria
794 2951 890 3009 videre
912 2952 975 3010 dies
998 2952 1130 3011 bon0s¹³.

74 3043 114 3102 Et
132 3055 211 3120 patet
230 3047 312 3122 quod
330 3048 536 3123 proportiones
556 3045 758 3107 dimissionis¹⁴
778 3067 949 3126 poenarum,
969 3052 1131 3109 secundum

74 3142 189 3201 tertiam
209 3154 332 3220 partem,
353 3157 486 3220 quartam
508 3145 599 3205 etsie
621 3147 657 3204 de
679 3147 751 3216 aliis,
773 3158 840 3205 sunt
861 3146 974 3205 fabulae
996 3147 1131 3205 haeretici

74 3241 192 3300 idiotae.
246 3240 317 3300 Non
345 3253 442 3301 tamen
470 3244 582 3302 videtur
610 3244 690 3314 mihi,
721 3244 803 3320 quod
831 3244 950 3320 aliquod
978 3256 1131 3320 peccatum

75 3339 187 3398 dictum
202 3339 324 3398 mortale
343 3341 373 3399 in
392 3340 512 3399 homine
532 3341 678 3400 fructuose
699 3342 820 3399 finaliter
834 3343 1002 3417 poenitente
1018 3343 1054 3400 sit
1068 3342 1132 3417 dig·

75 3455 150 3496 num
164 3454 262 3512 poena
276 3448 424 3514 perpetua,
440 3440 516 3515 quia,
532 3440 556 3497 si
563 3438 585 3470 ¹⁶
598 3437 681 3497 Deus
701 3438 826 3497 decrevit
846 3440 998 3508 remittere,
1013 3458 1074 3498 non
1089 3451 1132 3499 est

75 3535 195 3594 taliter¹⁸
208 3536 399 3611 puniendum,
414 3548 444 3596 et
458 3538 581 3613 dignum
596 3548 649 3607 est,
670 3537 750 3612 quod
765 3537 963 3614 omniquaque
978 3548 1033 3597 stat
1048 3557 1131 3598 suurn

72 3633 223 3712 judicium.
266 3633 331 3694 Nec
351 3636 447 3712 placet
465 3635 537 3694 mihi
556 3635 729 3705 concedere,
744 3636 825 3712 quod
844 3636 902 3695 hoc
922 3649 1076 3712 peccatum
1096 3639 1133 3696 sit

110 3780 119 3810 ¹
136 3779 234 3844 horale]
246 3781 360 3837 annuale,
372 3782 401 3831 C.
414 3782 536 3832 secundae
548 3797 643 3836 manus,
655 3781 693 3831 ed.
705 3798 742 3859 pr.
816 3782 825 3810 ²
842 3782 964 3846 vrdeatur]
977 3799 1027 3832 orn.
1041 3783 1133 3831 Α...Βο

74 3846 209 3975 :mii
211 3846 355 3962 ‘ulti
357 3863 445 3977 ἔρ,
537 3847 1031 3978 ⁴⁶⁰”tlltlltltlitttilittl
1038 3848 1133 3967 tlt

241 3975 251 4004 7
562 3978 571 4006 Ι
1035 3978 1045 4006 0

76 3976 332 4157 §rpomnenstiite
339 3978 382 4092 Sieii.
390 3977 483 4108 23¹0
553 4044 571 4073 ¹⁰
588 3978 1056 4158 iglegriiiliiairgaesitinriolicimone
1040 3993 1134 4092 Aplicii.

265 4124 280 4154 v
303 4121 340 4167 15
440 4109 458 4138 ¹²
475 4108 543 4172 talis]
557 4118 623 4165 tunc,
873 4108 933 4157 ὀἱ
951 4109 983 4158 Ps
1003 4109 1081 4157 xxxiv.
1096 4122 1133 4169 1³·

75 4172 272 4295 Σιῖἱιηιίἰίἓιέἰε]
285 4173 419 4229 divisionis,
433 4174 526 4224 B..CD
533 4108 577 4224 ],ed
586 4191 622 4239 pr.
691 4174 708 4203 ¹³
678 4109 765 4237 edii]
771 4174 844 4238 quod.
853 4173 890 4223 cd.
900 4190 937 4238 pr.
1004 4174 1022 4204 ¹⁸
1040 4174 1132 4239 taliter]

101 4253 148 4288 rer
260 4254 297 4303 pr.

1160 613 1298 688 3333

1160 701 1217 736 erstp
1197 694 1317 729 rseeelmrurrr

1160 745 1278 810 iffi?
