2864 4836
87 446 148 498 122
224 513 225 516 Ἴ

38 801 185 878 mens

505 428 763 506 Jonrvrtrs
804 428 1019 491 Wrcm
1204 456 1284 491 nnn

227 563 348 648 erronee
370 589 406 647 de
427 591 552 649 essentia
573 592 709 651 increata.
750 591 789 649 Et
810 592 851 650 sic
865 591 977 651 videtur
997 591 1069 650 mihi
1083 594 1238 668 probabile
1255 606 1283 650 ut

227 705 323 764 supra,
339 687 420 763 quod
434 687 515 747 Deus
530 689 684 748 necessitat
698 698 843 748 creaturas
856 689 986 766 singulas
1005 691 1114 749 activas
1129 690 1168 749 ad
1184 709 1283 768 quem·

228 787 297 845 libet
310 797 407 846 actum
427 804 529 858 suum;
558 797 587 846 et
601 788 642 846 sic
662 798 727 846 sunt
746 787 833 864 aliqui
849 787 1059 862 praedestinati,
1074 787 1134 847 hoc
1153 799 1201 847 est
1219 798 1283 865 post

38 883 194 968 fflssg‘ff
228 883 360 942 laborem
374 882 499 943 ordinati
518 884 556 942 ad
576 884 707 961 gloriam,
723 885 810 962 aliqui
822 887 965 960 praesciti,
979 885 1037 944 hoc
1057 896 1100 945 est
1115 896 1184 963 post
1197 887 1283 944 vitam

39 974 187 1041 {effigio

38 1047 115 1090 peada,

228 983 365 1040 miseram
386 981 424 1040 ad
439 1000 573 1058 ,poenam
594 992 764 1058 perpetuam
785 982 917 1042 ordinati.
961 982 1008 1042 Sic
1026 984 1105 1041 enim
1126 983 1284 1043 limitantur

228 1080 259 1138 hi
278 1079 351 1138 duo¹
373 1081 497 1148 termini,
516 1079 582 1138 licet
600 1080 681 1156 apud
700 1079 808 1139 multos
826 1081 1005 1158 accipiantur
1023 1080 1236 1141 communiter¹
1253 1091 1284 1138 ut

227 1179 341 1236 termini
355 1177 487 1236 videntur
500 1194 613 1247 sonare,
628 1187 658 1237 et
671 1180 711 1236 ita
724 1178 997 1254 praedestinationis
1011 1189 1061 1237 aut
1074 1179 1283 1255 praescientiae

228 1276 341 1334 divinae
356 1286 400 1334 est
414 1293 502 1334 causa
516 1275 634 1363 indubie
652 1276 715 1352 ipse
733 1275 824 1346 Deus,
838 1294 907 1334 cum
927 1275 1005 1335 nulla
1024 1286 1157 1336 creamra
1174 1286 1283 1345 causat,

228 1373 385 1433 formaliter
405 1373 602 1450 intelligendo,
624 1373 679 1433 hos
700 1385 780 1433 actus
801 1375 860 1432 sive
881 1375 997 1435 notitias
1019 1374 1088 1433 Deo
1112 1375 1283 1433 intrinsecas

228 1483 314 1549 atque
336 1482 476 1530 aeternas.
517 1472 711 1548 Intelligendo
734 1483 831 1531 autem
852 1473 965 1549 passive
986 1471 1283 1549 praedestinationem

227 1569 287 1629 vel'
300 1570 552 1646 praeparationem
574 1570 613 1629 ad
633 1587 770 1646 poenam,
792 1570 903 1629 videtur
919 1569 1000 1646 quod
1014 1569 1078 1628 illa'e
1093 1581 1192 1628 sunta
1207 1569 1283 1640 Deo,

227 1670 265 1726 ab
289 1669 370 1726 esse‘
390 1665 558 1743 intelligibili
581 1678 736 1739 creaturae,
758 1677 787 1726 et
812 1686 830 1726 a
852 1668 1019 1726 futuritione
1043 1667 1188 1727 criminis⁸
1210 1685 1284 1727 con·

227 1776 370 1825 causatae.
412 1765 450 1825 Et
464 1767 505 1824 sic
520 1767 623 1824 veritas
637 1766 731 1842 pri0r⁶
746 1765 909 1824 naturaliter
922 1766 953 1823 in
968 1766 1023 1824 ista
1035 1766 1159 1824 materia
1171 1766 1284 1825 videtur

228 1865 363 1923 causare⁷
376 1865 524 1923 veritatem
536 1873 715 1940 sequentem,
731 1863 891 1939 specialiter
900 1864 1087 1923 intercidente
1102 1874 1169 1922 actu
1183 1863 1284 1941 hujus·

227 1962 322 2021 modi⁸
336 1964 469 2032 veritatis,
483 1972 515 2020 ut
530 1963 598 2038 quia
609 1961 691 2020 Deus
702 1962 818 2021 ordinat
828 1961 884 2019 tale
895 1963 1057 2039 praemium
1068 1961 1128 2020 sive
1142 1979 1282 2038 poenam,

228 2070 256 2118 et
277 2058 367 2119 homo
389 2061 430 2120 sic
452 2061 607 2118 merebitur
620 2058 680 2118 vel’
693 2060 835 2136 peccabit,
851 2068 879 2117 et
893 2059 962 2134 quia
982 2059 1019 2118 de
1041 2059 1118 2118 lacto
1138 2047 1283 2119 intercidit

228 2158 284 2216 tale
299 2157 407 2242 lactum
421 2159 600 2215 meritorium
614 2158 674 2216 sive
689 2157 940 2227 demeritorium¹⁰‚
955 2157 1024 2216 ideo
1038 2157 1074 2215 de
1089 2159 1169 2218 sacto
1186 2158 1282 2234 sequi-

228 2265 273 2313 tur
293 2254 357 2313 talis
379 2255 490 2330 punitio
512 2254 556 2312 vel
579 2255 764 2330 praemiatio;
796 2266 824 2313 et
848 2256 888 2312 ita
911 2254 1135 2313 eoncedendum
1161 2256 1282 2325 videtur,

228 2353 309 2429 quod
323 2354 481 2429 temporale
493 2355 528 2412 sit
540 2371 628 2412 causa
643 2353 917 2429 praedestinationis
930 2364 1074 2424 aeternae,
1090 2353 1283 2429 praecedente

227 2461 326 2509 tamen
347 2469 434 2510 causa
453 2461 578 2524 aeterna,
593 2463 653 2510 tam
667 2470 703 2509 ex
722 2461 804 2527 parte
822 2450 878 2509 Dei
898 2452 990 2509 taliter
1007 2451 1177 2521 ordinantis,
1193 2471 1282 2529 quam

227 2568 264 2608 err
285 2560 367 2626 parte
389 2549 561 2608 futuritionis
582 2560 729 2607 creaturae
750 2550 843 2607 taliter
863 2550 1021 2608 ordinatae.
1064 2548 1129 2607 Nec
1151 2551 1281 2620 dubium,

228 2649 298 2723 quin
323 2647 404 2705 Deus
429 2647 712 2723 quantumcunque¹¹
737 2646 880 2706 ordinat¹²
903 2648 1086 2723 punitionem
1111 2648 1156 2706 vel
1185 2660 1281 2707 actum

227 2744 402 2821 hujusmodi,
422 2744 544 2802 intendit
565 2745 654 2802 finem
675 2744 834 2815 meliorem,
855 2745 947 2821 gratia
967 2747 1050 2821 cujus
1071 2747 1142 2804 boni
1166 2746 1282 2805 honesti

228 2853 255 2901 et
269 2842 346 2900 utilis
359 2842 498 2900 ecclesiae
514 2842 555 2899 sic
570 2843 707 2913 intendit;
730 2842 811 2901 nec¹³
825 2854 869 2901 est
883 2844 1092 2903 inconveniens
1108 2844 1162 2902 sed
1176 2862 1282 2903 conso·

226 2958 307 3009 num,
318 2939 398 3016 quod
412 2951 562 2998 aeternum
577 2940 742 3017 hujusmodi
759 2952 921 3017 respectum
927 2940 949 2973 ¹⁴
963 2952 1095 3000 causetur
1106 2943 1144 3000 ab
1158 2943 1256 3018 aliquo
1262 2942 1283 2973 ¹⁶

227 3039 387 3113 temporali,
402 3056 455 3096 suo
470 3049 602 3114 tempore
617 3038 806 3110 succedente;
828 3050 868 3109 ut,
883 3038 1022 3116 quiahoc
1036 3048 1088 3107 est,
1103 3050 1133 3098 et
1152 3040 1193 3099 sic
1213 3059 1281 3117 pro·

227 3137 284 3194 ficit
300 3146 327 3194 et
342 3137 452 3212 perficit
466 3136 617 3207 mundum,
633 3136 715 3195 Deus
729 3137 844 3195 ordinat
858 3137 928 3195 illud
942 3137 1021 3208 lore;
1043 3139 1222 3198 antecedens
1240 3142 1282 3199 esi

227 3236 396 3311 temporale,
416 3246 444 3293 et
464 3253 648 3312 consequens
668 3247 711 3294 est
730 3245 889 3294 aeternum.
931 3235 969 3294 Et
988 3235 1012 3295 si
1030 3248 1194 3311 quaeratur,
1213 3239 1283 3314 quid

227 3334 370 3411 complete
392 3344 492 3392 causat
513 3333 569 3391 Dei
590 3333 831 3392 ordinationem¹⁸
853 3345 1009 3404 aeternam,
1028 3346 1185 3410 antequam
1207 3336 1282 3394 istud

227 3433 284 3503 liat,
297 3433 399 3491 dicitur
410 3431 489 3508 quod
500 3431 556 3489 Dei
568 3431 665 3489 volitio
680 3430 724 3489 vel
734 3432 822 3488 etiam
833 3432 895 3507 ipse
908 3431 996 3502 Deus,
1008 3449 1076 3491 cum
1087 3435 1281 3492 necessarium

227 3532 321 3590 estad
336 3531 562 3607 completionem
576 3540 725 3606 respectus
743 3529 920 3606 hujusmodi,
935 3529 1072 3589 effectum
1090 3529 1177 3588 talem
1196 3533 1282 3590 abso·

261 3711 268 3739 ¹
286 3709 347 3773 duo]
361 3726 410 3760 om.
423 3710 484 3759 Α.Β.
595 3709 604 3738 ¹
621 3709 796 3774 communiter]
808 3709 970 3764 communius,
982 3709 1013 3758 C.
1024 3708 1063 3758 ed.
1075 3725 1112 3773 pr.
1206 3712 1216 3738 ³
1232 3711 1271 3761 vel

228 3775 286 3832 sive,
299 3777 331 3824 A.
463 3775 579 3830 *aDeo‚
591 3777 624 3824 ab
635 3791 688 3824 esse
712 3774 796 3824 aDeo
807 3775 901 3830 abesse,
913 3774 952 3823 ed.
965 3790 1002 3838 pr.
1136 3774 1270 3825 'criminis

228 3841 345 3897 terminis,
357 3840 395 3890 ed.
408 3856 444 3904 pr.
603 3841 697 3905 ⁶prior
722 3841 797 3904 prius,
811 3839 843 3888 D.
991 3838 1130 3905 larisam]
1143 3855 1238 3905 capere,
1251 3842 1283 3891 D.

228 3907 237 3935 ⁸
254 3905 407 3969 hujusmodi]
419 3905 499 3969 hujus,
512 3905 605 3955 A.B.C.
617 3907 656 3955 ed.
669 3922 705 3970 pr.
827 3906 836 3933 ⁰
853 3904 904 3968 vel]
917 3911 950 3960 et,
962 3902 1023 3953 ΑΒ.
1157 3906 1177 3936 ¹⁹
1192 3906 1283 3956 tactum

228 3972 379 4021 meritorium
402 3971 453 4020 sive
475 3971 671 4035 demeritorium]
693 3972 806 4020 meritum
829 3971 881 4019 sive
902 3970 1056 4027 demeritum,
1074 3970 1168 4020 ΑΜ.
1188 3970 1227 4020 ed.
1246 3988 1284 4037 pr.

229 4038 246 4066 ¹¹
264 4037 490 4101 quantumcunque]
503 4037 704 4100 quandocunque.
716 4036 754 4085 ed.
767 4051 803 4099 pr.
895 4035 914 4065 ¹²
930 4034 1040 4100 ordinat]
1053 4035 1184 4090 ordinavit,
1195 4037 1234 4086 ed.
1246 4054 1283 4102 pr.

209 4120 212 4173 t
229 4103 246 4131 ¹³
263 4102 375 4178 nec]·sed
387 4117 440 4157 nec,
453 4102 545 4152 ΑΒΕ.
558 4103 595 4151 ed.
608 4117 644 4178 pr.
769 4100 786 4130 ¹⁴
803 4101 953 4165 respectum]
966 4101 1136 4178 respectivum,
1146 4101 1226 4157 c.1>.;
1248 4119 1285 4179 re·

209 4167 437 4281 ispewegffi
553 4167 570 4196 ¹⁸
587 4165 682 4230 aliquo]
694 4166 814 4223 absolute,
828 4165 861 4214 D.
978 4166 996 4195 ¹⁸
1013 4166 1207 4232 ordinationem]
1218 4169 1284 4217 ordr-

229 4248 277 4280 nan
291 4248 347 4287 ram,
387 4268 392 4279 .
438 4248 492 4296 .pr.
