2864 4836
426 1121 1045 1207 PROLEGOMENA.

170 1446 193 1500 1.
219 1446 268 1502 Dr
286 1447 538 1508 anmooorrso.
722 1454 776 1510 111.
801 1454 851 1510 Dr
869 1465 968 1509 rrsnrs
986 1466 1071 1509 nanu
1090 1465 1249 1509 rxrnnrrs.

150 1574 192 1630 11.
217 1577 267 1632 Dr
285 1577 436 1637 Turmoor
455 1593 660 1637 rnrrrorrrsus.
727 1583 776 1638 lv.
800 1583 849 1638 Dr
868 1595 1023 1639 snrrrours
1042 1594 1138 1654 rruJus
1157 1593 1300 1637 nerrour.

458 1710 493 1766 V.
518 1710 567 1765 Dr
585 1711 810 1767 Surrusrrrturo
829 1710 990 1767 anrnoor.

710 1981 740 2056 Ι.

517 2183 601 2255 ·De
625 2182 663 2255 T
658 2181 800 2278 mbhgo
816 2181 903 2279 ipso.

189 2377 288 2437 inm
306 2378 407 2438 omnia
425 2376 551 2456 Joannis
567 2377 674 2438 Wiclifi
693 2395 785 2455 opera
804 2377 915 2437 nullum
936 2389 980 2438 est
1000 2377 1067 2438 viris
1086 2377 1181 2438 doctis
1198 2379 1298 2439 notius

146 2501 239 2561 quarn
259 2484 416 2561 Trialogus
441 2484 501 2544 sive
521 2483 716 2561 Dialogorum
735 2483 800 2543 libri
820 2493 952 2561 quatuor.
994 2483 1081 2556 Quae
1104 2502 1152 2544 res
1175 2485 1298 2545 minime

145 2590 281 2651 miranda
307 2601 360 2651 est.
401 2589 540 2667 Namque
563 2590 639 2650 duae
662 2591 834 2668 praesertim
858 2601 925 2650 sunt
953 2608 1068 2662 causae,
1094 2609 1145 2651 cur
1173 2591 1211 2652 ad
1237 2591 1297 2653 hoc

146 2696 335 2774 potissimum
361 2696 414 2756 viri
441 2697 552 2774 egregii
576 2714 653 2774 opus
680 2695 817 2757 homines
841 2696 989 2756 literarum
1014 2696 1136 2757 studiosi
1164 2699 1297 2758 animum

152 2801 336 2866 adverterint

186 2907 319 2968 Primum
346 2907 455 2968 scilicet
481 2907 576 2968 nullus
599 2907 704 2968 Wiclifi
731 2907 805 2967 liber
831 2907 912 2984 prius
939 2925 1030 2986 quam
1058 2907 1106 2969 hic
1133 2909 1198 2986 ipse
1227 2909 1296 2971 artis

145 3013 375 3092 typographicae
396 3030 455 3090 ope
478 3012 586 3089 publici
606 3013 679 3089 juris
703 3011 797 3073 sactus
821 3023 873 3073 est.
917 3012 996 3073 Ante
1019 3031 1131 3075 annum
1156 3029 1233 3091 1525
1258 3034 1298 3076 ne

144 3119 267 3179 minima
285 3119 405 3198 quidem
418 3136 543 3196 operum
557 3118 620 3194 ejus
634 3118 775 3196 particula
788 3120 865 3196 typis
878 3119 1024 3195 exscripta
1037 3118 1135 3181 lucem
1149 3121 1228 3192 vidit,
1243 3122 1297 3181 etsi

144 3225 255 3303 aliquot
275 3225 360 3285 annis
381 3234 467 3284 antea
487 3211 547 3284 duo
568 3224 690 3301 grandia
710 3225 860 3285 volumina
881 3224 1036 3285 adversarii
1059 3225 1221 3302 cujusdam,
1244 3226 1296 3304 qui

144 3341 248 3391 eontra
271 3328 420 3390 Wrclifum
447 3338 478 3389 et
501 3328 682 3390 Wiclevistas
710 3331 872 3407 scripserat,
899 3329 1034 3388 lhonmnt
1061 3329 1208 3390 Neutrum
1236 3331 1297 3391 sive

145 3436 297 3497 'rhomam
321 3435 510 3496 waldensem
535 3435 612 3509 dico,
635 3436 713 3497 edita
740 3436 861 3495 fuerant
913 3434 1111 3512 Posteaquam
1138 3434 1296 3513 Trialogus

145 3543 193 3604 hic
226 3543 418 3603 sollertissimi
442 3541 596 3618 cujusdam
623 3541 798 3621 typographi
825 3558 917 3618 opera
943 3557 1046 3600 mense
1074 3540 1184 3602 Martio
1216 3558 1294 3621 1525

143 3650 175 3709 in
196 3648 293 3710 lucem
315 3649 430 3727 prodiit,
453 3665 515 3708 non
540 3648 602 3709 lien·
626 3648 728 3726 potuit,
752 3647 824 3726 quin
847 3648 1017 3726 quicunque
1040 3646 1165 3728 Joannis
1187 3650 1296 3711 Wiclifi

142 3757 241 3827 vitam,
261 3755 404 3816 sentiendi
427 3756 580 3828 rationem3
603 3754 768 3814 doctrinam
792 3755 1003 3828 scrutabantur,
1024 3754 1083 3817 hoo
1106 3757 1293 3832 potissimum

143 3878 221 3939 opus
259 3862 344 3939 quasi
382 3860 619 3939 limpidissimum
652 3869 740 3938 atque
772 3862 987 3938 apertissimum
1024 3862 1137 3923 iontem
1172 3863 1294 3923 adirent.

143 3967 256 4029 Verum
270 3969 359 4028 etiam
377 3977 446 4045 post
458 3967 539 4028 illum
558 3985 669 4027 annum
683 3977 714 4028 et
726 3968 804 4029 hunc
818 3987 911 4047 usque
926 3968 963 4030 ad
977 3968 1056 4028 diem
1075 3969 1194 4028 nonnisi
1208 3971 1295 4047 pauci

141 4082 170 4134 et
183 4075 332 4135 breviores
351 4073 483 4152 ejusdem
496 4075 549 4134 viri
567 4083 706 4135 nactams
719 4075 798 4152 typis
816 4075 955 4152 exscripti
974 4084 1050 4133 sunt.
1092 4073 1172 4134 Libri
1191 4087 1291 4138 autem

141 4197 233 4241 manu
253 4180 361 4257 scripti,
380 4181 487 4258 quibus
505 4180 613 4242 Wiclifi
634 4197 726 4257 opera
746 4178 927 4252 exhibentur,
947 4189 976 4239 et
997 4179 1122 4242 rariores
1143 4192 1243 4245 extant
1263 4194 1295 4245 et

182 4301 307 4346 wrcnrr.
347 4333 350 4340 ,
709 4301 729 4343 n

134 4383 184 4429 w
276 4438 278 4441 .
