2864 4836
499 427 754 506 JOANNIS
789 427 998 489 WICLIF
1187 449 1272 485 aratu

225 607 305 665 erg0‚
328 600 424 648 utrum
446 591 538 648 viator
558 592 653 667 magis
674 590 773 649 sedule
795 590 963 649 sollicitatur
982 591 1059 648 circa
1077 590 1195 648 bonum
1215 605 1274 665 pro·

226 689 330 762 prium,
346 705 435 763 quam
455 688 531 746 cirea
550 689 764 747 observantiam
783 689 856 766 legis
876 687 999 758 Christi;
1022 698 1136 746 etcum
1152 686 1274 747 constat¹

225 786 401 861 oppositum,
416 796 496 861 patet
515 787 596 861 quod
615 786 709 863 major
724 805 791 862 pars
805 787 958 844 hominum
973 795 1016 843 est
1034 804 1143 861 expers
1158 784 1275 844 caritatis

226 871 344 958 propter
364 882 511 941 desectum
527 885 728 943 observantiae
747 885 833 960 primi
848 884 977 943 mandati
996 893 1025 941 et
1038 885 1182 941 maximi:
1204 880 1276 959 quod

226 980 249 1038 si
263 978 354 1038 homo
369 981 420 1039 sit²
434 980 578 1040 radicatus
596 982 641 1040 vel
660 981 826 1041 habituatus
846 984 876 1040 in
895 984 949 1041 ista
967 999 1105 1057 perversa
1124 991 1277 1040 consuetu·

225 1077 300 1148 dine,
316 1079 381 1155 quis
395 1078 515 1150 dubitat,
529 1080 600 1156 quin
620 1081 655 1137 sit
674 1079 835 1139 haereticus
854 1090 973 1156 propter
986 1080 1169 1155 pertinacem
1185 1077 1277 1139 desec-

225 1184 287 1233 tum
302 1177 332 1233 in
348 1176 434 1253 hujus
449 1177 521 1253 legis
535 1178 694 1236 attentione
709 1196 743 1236 ac
754 1179 977 1237 observatione?
1012 1176 1050 1236 Et
1064 1178 1089 1236 si
1103 1178 1279 1256 &fantium

224 1273 293 1349 legis
307 1275 337 1331 in
352 1276 549 1350 superioribus
562 1276 695 1351 personis
710 1276 895 1347 attendimus,
910 1277 976 1353 quis
993 1275 1115 1345 dubitat,
1131 1276 1205 1352 quin
1224 1285 1279 1334 tam

226 1371 369 1430 seculares
384 1373 518 1432 homines
533 1391 621 1449 quarn
635 1373 754 1449 praelati
768 1374 835 1450 plus
853 1374 1006 1433 attendunt
1020 1372 1058 1431 ad
1077 1372 1280 1432 defensionem

226 1487 331 1528 causae
352 1471 478 1546 privatae
500 1489 589 1547 quam
611 1472 648 1530 ad
668 1471 870 1531 defensionem
891 1471 1037 1548 publicam
1058 1471 1133 1546 legis
1156 1469 1279 1530 Christi?

226 1567 317 1625 Aliter
337 1569 416 1626 enim
437 1587 474 1626 ex
498 1571 635 1628 omnibus
656 1570 762 1628 viribus
787 1571 846 1629 suis
869 1570 1048 1629 destruerent
1070 1587 1185 1639 causas,
1207 1585 1279 1646 quae

226 1665 405 1724 diminuunt
418 1667 463 1725 vel
483 1678 551 1726 sunt
570 1669 732 1726 contrariae
753 1668 799 1726 isti
813 1668 870 1745 legi
879 1688 887 1741 ;
913 1679 942 1726 et
956 1679 1054 1727 tamen
1069 1667 1205 1727 videmus
1222 1678 1280 1727 tarn

226 1765 370 1839 praelatos
394 1783 483 1841 quam
509 1764 669 1825 seculares⁴
695 1766 832 1826 dominos
859 1766 984 1825 exaltare
1010 1776 1097 1842 atque
1122 1764 1280 1825 defendere

225 1861 305 1938 leges
319 1872 348 1920 et
362 1881 466 1922 causas
476 1864 639 1937 bominum,
651 1866 748 1944 legem
759 1866 880 1925 Domini
892 1863 1109 1941 postponendo,
1121 1865 1192 1940 quia
1202 1864 1280 1922 aliter

227 1979 288 2018 non
313 1961 407 2031 video,
432 1962 583 2038 quomodo
609 1964 655 2021 lex
682 1966 771 2023 civilis
796 1963 840 2021 vel
869 1980 957 2021 causa
983 1961 1138 2019 hominum
1171 1972 1280 2020 tantam

226 2061 429 2118 executionem
449 2070 479 2118 et
500 2059 678 2136 diligentiam
699 2073 852 2139 pateretur,
874 2079 943 2119 nam
965 2079 1001 2119 ex
1017 2059 1117 2118 leviori
1138 2059 1281 2118 evidentia

226 2156 411 2215 destruuntur
432 2175 507 2233 quae
528 2161 696 2233 perturbant
717 2161 797 2237 leges
818 2159 868 2217 ac⁶
886 2159 1093 2235 prosperitates
1112 2158 1276 2216 bominum

227 2253 310 2310 Patet
332 2270 403 2328 ergo
423 2255 453 2311 in
477 2254 651 2331 diligentiori
668 2258 741 2334 legis
760 2259 903 2315 humanae
922 2257 1103 2321 executione,
1126 2255 1278 2331 quomodo

227 2352 429 2427 praeponitur⁰
443 2353 500 2429 legi
514 2353 571 2414 Dei
592 2357 622 2414 in
644 2374 696 2415 sua
717 2357 896 2415 defensione.
938 2352 1101 2426 Quomodo
1123 2371 1195 2429 ergo
1218 2355 1279 2411 sine

227 2449 330 2508 ficticia
351 2450 421 2509 dicit
441 2451 513 2520 talis,
528 2454 609 2528 quod
631 2454 722 2529 diligit
744 2451 914 2512 dominum'
931 2450 1030 2510 Deum
1051 2467 1137 2508 suurn
1159 2469 1196 2509 ex
1218 2462 1280 2508 toto

40 2562 179 2646 ιιιὲίἑιοιιιιηιιι
139 2562 187 2595 ιιιιιι
227 2550 315 2607 corde
330 2559 382 2607 etc.
392 2552 403 2608 i
446 2549 558 2609 Revera
572 2569 676 2610 omnes
687 2552 731 2609 vel
746 2552 842 2628 plures
856 2550 982 2626 religiosi
997 2548 1098 2624 privati
1114 2560 1181 2606 sunt
1196 2549 1279 2624 primi

40 2657 67 2690 ιιι
52 2647 125 2682 ”m
208 2654 211 2704 t
227 2648 257 2704 in
268 2648 321 2705 ista
331 2649 575 2722 praevaricatione
586 2650 616 2707 in
626 2651 673 2708 die
682 2650 803 2708 Domini
812 2649 1045 2708 inexcusabiliter
1053 2646 1279 2715 condemnandi

228 2764 295 2804 eum
321 2763 425 2803 omnes
448 2758 589 2822 quaerunt
613 2766 688 2823 quae
713 2766 766 2806 sua
791 2759 866 2818 sunt,
892 2758 921 2804 et
949 2764 1003 2822 pro
1031 2763 1120 2804 causa
1148 2740 1280 2821 propria⁸

228 2842 338 2900 ordinis
352 2843 396 2900 vel
410 2861 553 2918 personae
568 2845 715 2903 laborant⁸
726 2847 811 2904 anxie
823 2863 915 2921 usque
926 2844 964 2902 ad
975 2854 1109 2911 mortem,
1121 2853 1149 2901 et
1161 2860 1278 2901 eausam

229 2959 262 2998 ac
278 2939 479 2999 defensionem
499 2941 612 3002 divinae
632 2944 704 3019 legis
723 2944 961 3019 praetermittunt.
1004 2941 1078 2999 ldeo
1097 2941 1169 2999 istae
1184 2951 1279 3000 sectae

229 3039 355 3114 privatae
379 3040 490 3114 privant
516 3058 585 3100 suos
611 3042 737 3100 cultores
762 3042 957 3099 communiter
979 3040 1105 3097 caritate.
1149 3037 1280 3097 Christus

229 3147 327 3195 tamen
342 3137 436 3212 quia¹⁰
450 3139 538 3197 voluit
558 3157 627 3198 suae
647 3139 719 3215 legis
738 3139 952 3197 observantiam
967 3154 1032 3195 esse
1051 3137 1172 3195 liberam
1192 3148 1221 3195 et
1240 3139 1280 3194 sic

229 3236 294 3310 plus
315 3236 500 3295 beatitudinis
525 3238 710 3307 meritoriam,
732 3254 793 3295 non
819 3236 899 3295 dedit
923 3235 1009 3294 nobis
1034 3252 1088 3310 pro
1110 3245 1188 3293 statu
1209 3235 1280 3309 legis

229 3335 338 3409 gratiae
349 3352 477 3410 poenam
492 3335 657 3393 sensibilem
671 3353 726 3410 pro
736 3334 983 3410 praevaricatione
994 3332 1066 3408 legis
1077 3334 1280 3407 peccatoribus

230 3433 427 3508 infligendam,
442 3433 494 3492 sed
509 3452 545 3491 ex
560 3433 617 3491 fide
633 3433 746 3508 reliquit
764 3449 923 3508 personam
943 3430 1139 3506 negligentem
1162 3430 1280 3488 finaliter

230 3531 400 3588 infinitum¹¹
425 3532 539 3607 gravius
563 3542 630 3607 post
655 3531 733 3589 diem
756 3530 856 3606 judicii
882 3528 1077 3587 cruciandam.
1120 3526 1279 3598 Quomodo

231 3645 301 3702 ergo
317 3645 378 3684 non
393 3629 464 3686 istae
479 3640 537 3687 tres
552 3630 679 3700 virtutes,
694 3627 775 3698 fides,
792 3646 867 3703 spes,
882 3628 985 3685 caritas
1003 3625 1119 3684 hodie¹²
1132 3637 1201 3684 sunt
1214 3642 1280 3701 pro·

264 3764 399 3830 ¹constat]
413 3773 516 3822 constet
529 3767 567 3815 ed
598 3783 617 3815 r.
771 3764 841 3829 ’sit]
854 3765 889 3814 sic
900 3765 1023 3813 radicatus
1034 3762 1072 3812 vel
1084 3762 1226 3812 habituatus
1237 3771 1280 3816 est

231 3830 269 3879 ed.
282 3847 319 3894 pr.
417 3831 582 3880 ³diminuunt
606 3833 730 3887 dirimunt,
743 3832 776 3880 D.
875 3829 1033 3893 ‘seculareq
1045 3827 1136 3884 civiles,
1149 3829 1177 3878 B.
1172 3829 1281 4007 primae

232 3912 327 3951 manus.
339 3895 372 3943 D.
385 3896 423 3946 ed.
435 3912 472 3961 pr.
571 3897 638 3962 ⁵ae]
651 3905 701 3953 aut,
714 3898 806 3947 Α...Βο
818 3896 857 3946 ed.
869 3912 906 3960 pr.
1005 3895 1191 3958 ⁶praeponitur
1215 3909 1281 4007 lame*

231 3962 420 4091 ponuntur]B.;
414 3963 655 4078 ,ριιεΚιιηιέειιιιιι,
668 3963 700 4012 D
713 3963 751 4012 ed.
763 3979 799 4027 pr.
947 3958 1114 4023 'dominum]
1127 3975 1177 4009 om.

232 4107 266 4147 se.
286 4092 362 4147 A..;B
392 4093 430 4142 vel
453 4108 499 4157 pro
522 4108 548 4142 se
567 4093 689 4150 laborant,
709 4024 1281 4164 C·vellpte›onrppatepealb‹}rppt]solssbporpptvepprp

213 4195 216 4287 p
213 4157 251 4185 ¹⁰
266 4157 397 4272 quiakqui
391 4108 471 4213 ‚.edp
459 4173 495 4222 pr.
627 4161 643 4190 ¹¹
660 4159 794 4223 infinitum]
806 4157 925 4214 intimum,
937 4157 975 4206 ed.
988 4172 1024 4221 pr.
1162 4155 1181 4185 ¹¹
1196 4152 1280 4217 hodie]

231 4223 317 4271 omA

231 4026 368 4092 ”propria]
381 4043 481 4092 propnr
