2864 4836
540 416 797 499 JoANNlS
842 417 1080 480 ulem
1273 443 1337 484 w..

259 604 348 664 tergo
363 593 513 645 moverent
527 581 657 640 fidelem¹
673 581 729 638 sub
747 596 845 656 poena
864 578 1004 639 haeresis
1026 582 1116 657 ipsas
1135 581 1253 641 credere
1269 599 1333 638 com

259 668 450 759 lmendare¹i
487 681 524 741 Et
538 679 728 738 confirmatur
741 696 778 736 ex
792 677 860 748 hoc,
875 679 963 754 quod
979 697 1042 737 nec
1060 678 1204 738 Christus
1217 698 1269 738 nec
1284 681 1333 755 ejus

278 782 401 859 apostoli
415 782 495 857 ipsas
510 777 715 845 servaverant³,
730 775 795 834 illae
808 777 896 851 igitur
910 787 1067 853 tanquam
1082 780 1286 838 ceremonialia
1297 777 1330 834 rel

278 881 381 956 legalia
402 890 468 938 sunt
491 877 667 937 tractandae.
711 873 771 933 Hic
793 875 907 944 dicitur,
933 875 1021 951 quod
1051 875 1154 935 dictae
1179 877 1258 953 leges
1278 886 1330 934 sunt

260 980 351 1055 lfides
365 977 512 1045 ecclesiae,
528 976 596 1051 quia
615 992 697 1033 sacra
715 974 856 1049 scriptura
874 984 1026 1049 perpetuo
1049 975 1251 1045 observanda,
1263 988 1288 1034 et
1299 976 1330 1033 sic

278 1077 461 1154 implicantur
476 1077 506 1132 in
520 1073 658 1133 omnibus
677 1071 823 1129 mandatis
842 1070 989 1147 decalogi,
1004 1089 1082 1130 cum
1103 1075 1331 1149 praevaricatores

278 1193 378 1233 earum
392 1172 545 1232 offendunt
559 1181 661 1230 contra
675 1179 768 1228 totum
786 1169 981 1246 decalogum;
1013 1190 1084 1230 non
1106 1185 1210 1233 tamen
1223 1172 1332 1249 oportuit

278 1275 357 1348 ipsas
378 1272 458 1346 leges
479 1271 509 1327 in
531 1268 674 1344 decalogo
694 1267 847 1343 explicare,
868 1269 938 1343 quia
959 1280 1031 1328 sunt
1054 1271 1143 1349 leges
1157 1271 1332 1347 paratum

278 1372 456 1446 pertinentes
475 1367 673 1426 sacerdotibus
692 1376 721 1424 et
735 1364 849 1423 Levitis.
894 1365 953 1424 Sed
973 1367 1090 1428 decem
1112 1370 1197 1448 leges
1216 1367 1331 1444 deoelogi

278 1469 408 1544 obligant
432 1467 601 1541 generaliter
627 1475 714 1539 atque
742 1481 866 1539 semper.
919 1463 1149 1527 Verumtamen
1176 1470 1208 1527 in
1235 1469 1330 1544 legrhns

278 1568 369 1624 tribus
383 1564 555 1641 supradictis
570 1563 681 1622 fuerant
696 1563 792 1638 aliqua
806 1561 927 1620 moralia
940 1573 970 1621 et
984 1565 1108 1641 aliqua⁴
1129 1565 1330 1632 ceremonialia

260 1654 264 1793 1
278 1664 400 1722 moralia
414 1677 512 1721 autem
526 1661 657 1738 pontifex
669 1671 767 1720 noster
778 1658 910 1719 Christus
922 1679 993 1719 cum
1008 1664 1072 1722 suis
1089 1665 1238 1741 apostolis
1249 1664 1330 1723 stricte

279 1772 307 1820 et
321 1760 503 1838 regulariter⁶
517 1761 699 1829 observabat,
714 1768 745 1817 ut
758 1767 836 1834 patet
851 1776 939 1834 supra
956 1759 995 1818 de
1018 1773 1142 1837 septem
1161 1763 1274 1840 legibus
1286 1779 1331 1837 pro

279 1861 335 1919 ista
357 1860 500 1920 sententia
523 1858 660 1934 allegatis.
704 1855 836 1915 Christus
859 1867 957 1915 autem
983 1858 1112 1919 obmisit
1139 1863 1329 1938 acceptionem

280 1959 411 2017 decimae
426 1968 453 2015 et
468 1955 673 2024 oblationnml,
689 1972 763 2031 quae
778 1954 807 2011 in
822 1953 886 2029 lege
901 1956 987 2013 veteri
1002 1954 1126 2016 fuerant
1142 1959 1331 2019 sacerdotrlns

262 2057 426 2126 limitatae,
442 2056 510 2130 quia
524 2055 554 2112 in
568 2055 633 2131 ipso
648 2054 758 2129 figurae
772 2052 837 2111 illae
851 2054 991 2128 mysticae
1006 2065 1076 2113 sunt
1095 2057 1273 2133 completae.

263 2130 265 2219 l
322 2153 387 2212 Nos
408 2164 506 2212 autern
527 2163 659 2228 ternpore
681 2152 752 2227 legis
773 2151 883 2226 gratiae
902 2152 1086 2211 obmittimus
1108 2156 1197 2230 quod
1211 2154 1332 2214 Christus

280 2264 340 2310 tam
354 2252 521 2327 regulariter
541 2251 669 2320 servavit,
684 2268 754 2309 cum
773 2248 927 2307 moralitati
945 2250 1100 2326 pertineat,
1117 2262 1150 2311 et
1170 2253 1332 2312 decimaset

281 2350 442 2408 oblationes
458 2349 526 2407 satis
541 2347 623 2405 avide
637 2345 859 2422 amplexamur⁷‚
871 2365 940 2406 cum
953 2357 1054 2406 tamen
1071 2347 1212 2410 Christus
1225 2351 1293 2410 dixit
1307 2351 1332 2408 in

262 2454 335 2511 lsuo
360 2448 494 2523 apostolo
519 2445 556 2504 ad
579 2445 770 2504 Timotheum
791 2445 835 2514 vi,
857 2445 939 2519 quod
959 2444 1122 2506 ‘habentes
1149 2449 1288 2508 alimenta
1307 2458 1331 2505 et

262 2533 265 2623 i
281 2547 385 2621 quibus
398 2558 537 2619 tegamur,
549 2543 593 2602 his
608 2545 736 2601 contenti
752 2540 859 2601 simusy
895 2543 932 2601 Et
947 2545 1001 2602 ista
1016 2545 1167 2620 cupiditas
1180 2543 1330 2622 profunda¹

263 2645 310 2700 let
334 2643 508 2700 ordinationi
532 2641 639 2700 Christi
664 2642 809 2699 contraria
830 2641 941 2699 induxit
966 2643 1112 2718 majorem
1136 2647 1286 2703 avaritiam
1306 2646 1330 2701 in

262 2709 441 2837 lcapiendo⁹
460 2740 608 2797 mundana
628 2740 776 2810 dominia3
802 2751 830 2797 et
849 2740 897 2797 illa
916 2740 1040 2809 avaritia,
1058 2743 1082 2798 si
1104 2741 1191 2805 Deus
1211 2744 1331 2810 voluerit,

281 2852 323 2897 est
345 2840 382 2897 ad
404 2840 536 2896 ultimum
558 2836 739 2912 profundata.
783 2838 820 2895 Et
841 2839 880 2895 ita
902 2838 1004 2896 dicitur
1019 2839 1102 2913 quod
1125 2840 1332 2917 assumptum¹’

262 2875 323 3028 lest
347 2937 459 3005 salsum,
481 2954 547 2993 cum
573 2935 693 2992 moralia
718 2936 835 2994 istarum
860 2936 957 3011 legum
983 2937 1014 2993 in
1038 2937 1176 3011 quolibet
1199 2939 1332 2997 mandato

262 3051 264 3075 1
280 3035 411 3110 decalogi
427 3046 493 3091 sunt
508 3044 672 3109 praecepta,
687 3047 716 3090 et
730 3035 760 3090 in
774 3034 830 3091 ista
849 3045 930 3108 parte
950 3034 1091 3109 symboli:
1120 3037 1232 3095 ‘credo
1247 3036 1331 3095 eccle·

279 3135 352 3189 siam
368 3144 498 3190 sanctam
514 3131 696 3189 catholicam'
711 3130 881 3207 quaelibet¹¹
898 3132 1054 3207 scripturae
1072 3150 1177 3190 sacrae
1200 3133 1332 3209 particula

260 3232 450 3359 'continetur
502 3230 664 3300 Quomodo
693 3248 765 3305 ergo
791 3248 852 3287 non
878 3229 950 3287 foret
975 3228 1110 3298 infidelis,
1138 3233 1190 3306 qui
1218 3244 1331 3308 negaret

260 3372 263 3410 ,
277 3342 358 3402 gesta
370 3328 476 3385 Christi
491 3329 520 3384 in
535 3327 685 3402 evangelio
700 3328 851 3404 explicata,
864 3328 929 3386 licet
944 3345 1004 3384 non
1019 3329 1075 3384 sint
1087 3328 1118 3384 in
1135 3331 1274 3404 symbolo
1288 3348 1332 3386 ex·

261 3428 262 3435 ’
278 3429 425 3499 pressata?
461 3425 530 3484 Non
546 3426 623 3482 enim
639 3444 656 3482 a
671 3436 802 3500 tempore
817 3426 970 3484 nativitatis
986 3424 1091 3482 Christi
1108 3445 1206 3502 usque
1223 3428 1261 3485 ad
1275 3428 1331 3503 ejus

278 3525 445 3596 passionem
457 3523 590 3598 aliquid¹⁹
603 3534 752 3597 gestorum
764 3522 871 3582 Christi
886 3524 1061 3598 exprimitur,
1074 3535 1103 3580 et
1119 3534 1223 3583 tamen
1239 3526 1331 3584 omnia

260 3686 262 3699 μ
277 3620 324 3677 illa
339 3632 404 3678 sunt
420 3634 451 3678 ut
465 3621 537 3678 fides
551 3621 691 3679 ecclcsiae
705 3622 892 3697 acceptanda.
935 3621 972 3678 Et
987 3632 1065 3696 patet
1080 3622 1198 3681 solutio.

259 3702 262 3759 l

259 3774 262 3826 l

261 2013 265 2055 l

311 3809 316 3837 ¹
335 3819 460 3857 moverent
474 3808 582 3872 fidelem]
596 3818 724 3859 moventur
736 3809 827 3866 fideles,
841 3811 870 3860 C.
1002 3809 1129 3861 ¹credere
1142 3815 1320 3863 commendare

277 3873 291 3919 i.
300 3889 320 3921 e.
333 3875 512 3930 commendare,
525 3876 571 3923 sub
583 3892 663 3938 poena
674 3876 789 3929 haeresis,
802 3885 828 3925 ut
840 3876 942 3924 credal'
936 3891 1009 3940 ipsas.
1133 3877 1143 3905 ³
1161 3890 1318 3929 servaverant

258 3941 451 4027 ,servaruntC
551 3939 600 3989 et
612 3941 705 4005 aliqua]
719 3950 799 4004 atque.
812 3943 892 3990 a...bC
991 3940 1176 4006 'regularitenj
1190 3945 1298 3998 realiter,
1310 3959 1329 3991 a

257 4002 469 4067 ttoblnionum]
482 4003 545 4067 conj.
558 4006 651 4054 Omnes
661 4007 758 4056 codices
771 4007 877 4055 habent.
894 4006 1054 4056 oblationem.
1120 4007 1329 4072 amplexamur]

256 4081 332 4161 ‘amp
316 4068 452 4132 plexantur
464 4070 493 4118 C.
673 4071 834 4136 profunda]
847 4071 1002 4147 profundata
1016 4073 1056 4127 A..
1068 4073 1117 4120 a..b
1129 4075 1328 4137 exsequentibus

256 4134 354 4181 ¹serbis
366 4133 413 4182 huc
425 4136 578 4184 translatum.
651 4137 660 4164 ⁰
678 4137 809 4200 capiendo]
823 4135 971 4201 recipiendo,
984 4137 1015 4186 C
1082 4138 1100 4168 ¹⁰
1117 4139 1287 4203 assumptum]
1299 4138 1327 4185 ad

255 4194 378 4252 lsensum.
392 4200 421 4247 C.
521 4202 537 4230 ¹¹
557 4202 691 4266 quaelibet]
704 4202 822 4265 qualibet,
833 4219 857 4250 a.
960 4201 977 4232 ¹¹
994 4202 1099 4266 aliquid]
1112 4204 1189 4258 alind.
1202 4206 1231 4254 C
