2864 4836
489 420 747 499 JOANNIS
789 421 1003 485 WICLIF
1188 448 1265 487 uem.

226 581 379 640 hominum
398 582 561 641 secundum
575 601 664 659 quam
679 583 837 660 postgeniti
851 584 1101 646 descendebant¹.
1146 585 1206 648 Sed
1218 587 1265 673 scio

225 679 330 754 quam²
344 679 425 737 multi
439 680 469 737 in
483 681 604 740 materia
617 681 672 740 ista
685 682 847 752 mussitant,
859 691 889 740 et
903 683 1071 759 specialiter
1085 703 1156 745 cnm
1170 686 1268 746 animat

224 778 381 836 multorum
402 788 570 837 sanctorum
588 788 656 837 sunt
675 780 798 839 omnino
816 780 945 840 mundae
959 799 978 839 a
992 783 1120 843 crimine
1139 802 1194 860 pro
1210 795 1268 843 ten·

224 892 296 952 pore
317 892 378 950 quo
398 886 553 951 procreant
577 875 689 951 prolem
710 894 810 949 suam;
842 894 861 935 a
884 895 944 955 quo
965 896 1039 956 ergo
1063 882 1272 942 contraheretur

224 983 377 1048 peccatum
404 973 545 1049 originale
573 975 604 1031 in
631 974 733 1049 prole?
764 975 906 1051 numquid
934 976 973 1034 ab
1001 977 1053 1036 illo
1083 978 1207 1038 homine
1231 979 1274 1056 qui

225 1071 374 1128 actualiter
391 1088 452 1128 non
472 1071 576 1142 existit,
590 1082 640 1130 aut
660 1072 761 1130 abillo
781 1072 881 1148 spiritu
899 1084 1045 1149 separat0,
1061 1092 1157 1153 quern
1174 1094 1274 1155 suppo

225 1168 301 1225 nitur
315 1185 380 1227 esse
393 1169 511 1227 beatum
530 1178 560 1227 et
578 1168 618 1227 sic
638 1170 761 1228 omnino
780 1170 943 1230 mundum?
978 1170 1046 1231 lmo
1062 1174 1181 1234 videtur
1195 1175 1276 1253 quod,

224 1266 298 1324 sicut
311 1265 394 1324 Deus
407 1265 534 1342 perfecte
549 1277 631 1325 sanat
645 1265 795 1325 bominem
810 1287 828 1326 a
841 1278 973 1345 peccato,
984 1269 1025 1329 ita
1038 1270 1172 1346 perfecte
1186 1272 1276 1333 sanet⁸

225 1363 320 1438 ipsum
345 1365 398 1421 ne⁴
423 1365 602 1423 contaminet
626 1365 740 1442 prolem
765 1363 857 1424 suam.
911 1364 970 1425 Hic
995 1376 1099 1427 tamen
1124 1371 1277 1431 corumdem

224 1461 305 1536 quod
319 1472 434 1537 oportet
453 1462 622 1538 loquentem
641 1462 672 1519 in
693 1463 749 1520 ista
766 1463 888 1522 materia
901 1480 966 1522 esse
980 1464 1057 1522 benc
1077 1467 1275 1527 fundatumin

117 1627 182 1653 m
224 1561 344 1618 materia
363 1560 400 1618 de
419 1560 578 1636 quidditate
600 1560 748 1636 originalis
766 1561 886 1638 peccati,
901 1563 1053 1621 noscendo
1068 1566 1227 1639 quomodo
1239 1575 1278 1624 en

146 1668 169 1693 ¹¹¹
224 1656 373 1733 originalis
387 1657 532 1718 delectus³
545 1667 575 1716 et
589 1676 650 1716 non
669 1658 750 1735 quod
769 1668 815 1719 est
833 1670 965 1719 creatura
982 1659 1081 1737 aliqua
1096 1680 1175 1738 quae
1189 1673 1278 1723 trans·

129 1764 134 1775 ‘
225 1757 313 1815 mitti⁶
328 1766 426 1832 posset
440 1774 492 1832 per
512 1774 621 1827 semen,
635 1755 680 1814 vel
699 1756 780 1814 aliter
798 1774 896 1833 perse
915 1774 997 1829 esse3
1026 1758 1080 1817 sed
1099 1761 1278 1838 estquidam

224 1855 376 1930 primarius
390 1853 519 1913 desectus
533 1855 562 1911 in
577 1854 721 1930 producto
739 1852 868 1924 homine,
883 1872 970 1930 quem
990 1854 1096 1914 babet'
1109 1876 1149 1916 ex
1164 1857 1278 1919 defectu

224 1970 344 2010 suorum
359 1951 536 2028 parentum⁸,
551 1970 588 2009 ex
602 1969 663 2029 quo
683 1951 800 2010 defectu
818 1951 973 2028 impeditur
991 1970 1029 2011 ne
1043 1955 1182 2016 observet
1199 1954 1278 2034 qood

225 2049 340 2108 aliunde
362 2050 415 2108 sibi
437 2059 530 2108 stante
551 2060 627 2108 statu
648 2049 924 2133 snae5innoccntiae
941 2050 1015 2110 foret
1032 2051 1157 2128 justum.
1200 2053 1278 2115 Sciat

224 2165 295 2222 ergo
310 2147 401 2205 fidelis
416 2147 579 2207 locutiones
592 2149 694 2206 breves
707 2148 737 2205 in
752 2164 854 2206 sensus
867 2147 939 2206 tales
952 2148 1105 2219 resolvere,
1121 2161 1153 2209 et
1166 2152 1278 2210 cavebit

225 2245 328 2303 erroris
342 2245 509 2319 periculum.
547 2243 689 2316 Quamvis
702 2255 800 2303 autem
810 2243 892 2303 Deus
906 2255 1027 2320 peccata
1040 2244 1171 2309 hominis
1185 2249 1278 2309 deleat

224 2359 283 2417 quo
305 2341 342 2400 ad
363 2360 520 2418 personam
541 2344 698 2420 propriam,
720 2360 781 2401 non
806 2353 904 2402 nmen
927 2343 1004 2403 delet
1023 2344 1088 2404 hic'
1108 2347 1278 2425 simpliciter

224 2457 344 2498 omnem
359 2458 496 2516 poenam,
511 2459 579 2499 cum
598 2441 730 2499 astrictus
749 2442 784 2499 sit
798 2441 873 2499 mori
888 2450 917 2499 et
930 2442 990 2517 pati
1010 2445 1173 2518 angustias,
1188 2457 1218 2506 et
1235 2447 1276 2506 sie

224 2539 366 2597 redundat
380 2537 601 2613 quodammodo
615 2539 646 2595 in
660 2556 789 2615 poenam
803 2555 895 2608 suam,
910 2538 991 2613 quod
1007 2539 1122 2615 prolem
1142 2554 1276 2618 procreet

225 2636 266 2694 sic
281 2646 460 2711 peccantem.
503 2635 626 2711 Oportet
640 2652 711 2711 ergo
726 2635 806 2711 quod
820 2652 874 2710 pro
889 2635 1003 2694 delectu
1018 2635 1075 2707 tali,
1090 2638 1140 2714 qui
1155 2640 1276 2699 caeteris

224 2736 340 2810 paribus
355 2753 416 2792 non
437 2734 521 2792 debet
541 2733 708 2808 parentibus
727 2734 872 2809 imputari,
887 2734 936 2792 fiat
955 2733 1121 2806 satisfactio,
1136 2747 1170 2796 ut
1183 2738 1276 2816 bapti·

224 2833 296 2890 satio
319 2833 348 2888 in
362 2833 462 2889 virtute
484 2833 585 2890 mortis
600 2829 706 2889 Christi
724 2831 768 2889 vel
788 2831 933 2889 medicina
953 2832 1009 2890 alia
1029 2833 1060 2891 in
1080 2834 1275 2911 baptisatione

224 2939 363 3005 sequente
378 2929 520 3005 duplici¹⁰,
533 2947 621 3005 quam
635 2929 811 2986 medicinam
821 2928 903 2987 Deus
917 2947 954 2986 ex
969 2947 1022 2987 sua
1035 2932 1129 3005 gratb
1143 2943 1276 3010 acceptat

224 3046 277 3102 pro
303 3027 418 3086 deiectu
442 3028 530 3103 prolis
558 3026 649 3085 taliter
674 3025 841 3095 deficientis
867 3026 907 3084 sic
931 3027 1012 3102 quod
1036 3045 1097 3086 non
1123 3031 1275 3090 assistente

224 3126 392 3203 hujusmodi
406 3127 551 3185 medicina
565 3143 685 3183 necesse
700 3134 743 3183 est
757 3125 870 3200 prolem
884 3143 902 3182 a
915 3125 1126 3185 beatificatione
1141 3126 1273 3188 deficere.

223 3225 261 3282 Et
280 3236 421 3300 quantum
440 3224 477 3282 ad
496 3224 638 3300 objectus,
652 3223 852 3298 experimento
872 3221 968 3293 didici,
982 3222 1063 3299 quod
1082 3242 1173 3283 nemo
1193 3225 1276 3285 solvit

224 3323 299 3381 clare
321 3334 349 3381 et
371 3322 603 3397 impugnabiliter
625 3319 782 3396 objectus¹¹
807 3321 889 3378 istius
914 3320 1058 3391 materiae,
1080 3321 1138 3379 nisi
1159 3331 1276 3399 tempus

223 3422 382 3479 extenderit
403 3432 431 3478 ct
454 3430 555 3479 noscat
578 3419 691 3494 regulas
713 3417 825 3476 divinae
844 3417 978 3494 justitiae,
1000 3427 1030 3476 et
1049 3419 1174 3478 omnino
1194 3420 1276 3497 quod

223 3530 376 3592 peccatum
398 3516 537 3593 originale
562 3534 622 3574 non
647 3517 736 3574 sitin
762 3517 872 3574 semine
897 3515 1011 3573 macula
1035 3516 1169 3591 positiva,
1191 3518 1276 3594 qua¹¹

224 3618 321 3674 anima
335 3633 388 3692 pro
403 3616 520 3674 instanti
535 3631 604 3672 suae
618 3613 833 3689 conjunctionis
847 3612 1027 3688 polluatur¹⁸.

256 3745 264 3773 ¹
282 3752 338 3808 post
347 3744 424 3807 geniti
435 3741 629 3805 descendebant]
641 3748 698 3806 post
705 3741 801 3806 genitus
809 3741 981 3797 descendebat,
992 3741 1031 3791 ed.
1043 3757 1094 3806 pr.;
1110 3742 1190 3806 geniti
1200 3743 1276 3801 desc„

224 3810 317 3859 A.B.C.
487 3807 497 3836 ¹
513 3807 598 3871 quam]
611 3806 685 3871 quod,
697 3805 761 3855 D.B.
778 3806 880 3870 primae.
892 3807 922 3856 C.
934 3806 1056 3856 secundae
1072 3822 1168 3864 manus,
1185 3809 1225 3857 ed.
1237 3825 1275 3874 pr.

223 3877 231 3901 ³
249 3874 355 3939 perfecte
366 3872 447 3936 sanet]
460 3873 542 3928 iaciat,
554 3872 592 3921 ed.
604 3887 641 3936 pr.
740 3870 748 3899 ¹
765 3871 808 3934 ne]
820 3886 906 3935 neque.
918 3872 957 3920 ed.
968 3887 1006 3936 pr.
1123 3872 1133 3901 ⁸
1149 3872 1273 3938 delectus]

223 3941 331 3990 desectus
340 3938 456 4003 justitiae,
468 3939 501 3987 D.
513 3937 552 3986 ed.
561 3953 598 4001 pr.
734 3936 744 3965 ⁶
760 3937 905 4001 transmitti]
918 3936 1062 3995 transfundi,
1074 3936 1170 3986 CM&
1182 3939 1277 4003 primae

223 4021 317 4059 manus.
329 4005 367 4054 ed.
380 4020 416 4068 pr.
547 4002 556 4030 ⁷
573 4001 661 4065 habet]
673 4000 757 4058 homo,
770 4001 831 4050 A.B.
962 4002 972 4031 ¹
988 4003 1131 4068 parentum]
1143 4012 1275 4067 parentum

223 4071 352 4124 contrahit.
363 4070 425 4118 A.B.
490 4068 500 4097 ⁹
518 4067 569 4132 hic]
582 4067 684 4121 bomini.
693 4067 787 4116 A.B.C.
852 4066 871 4097 ¹⁰
887 4065 992 4131 duplici]
1002 4066 1053 4116 scil.
1063 4067 1190 4131 baptismo
1197 4068 1276 4119 dami-

222 4137 260 4183 nis
272 4136 311 4184 vcl
322 4135 454 4198 sanguinis.
543 4133 560 4162 ¹¹
578 4131 700 4196 objectus]
712 4131 829 4187 defecms.
840 4130 869 4180 B.
881 4132 1003 4181 secundae
1014 4147 1109 4181 manus.
1177 4132 1196 4162 ¹¹
1211 4134 1274 4200 qm]

222 4201 286 4264 quin,
299 4201 326 4249 B.
339 4201 535 4263 primaemanus,
547 4198 584 4248 ed.
597 4214 633 4262 pr.
732 4196 750 4226 ¹³
767 4196 903 4261 polluatur]
916 4197 1041 4261 polluitur,
1048 4196 1082 4245 D.
1094 4197 1133 4247 ed.
1145 4213 1182 4262 pr.
