2864 4836
493 413 751 492 JOANNIS
792 416 1011 477 WICLIF
1194 437 1273 474 mn.

230 576 289 634 suis
317 576 496 635 orationibus
524 587 609 637 vocat
636 578 721 636 istam
750 597 812 637 rem
837 578 1032 637 communiter
1057 587 1275 644 sacramentnm.

228 672 309 750 leges
323 673 443 749 papales
456 684 563 733 vocant
577 675 654 732 illam
670 687 883 734 sacramentum
897 686 927 735 et
941 693 1002 735 nou
1017 693 1091 748 rem,
1106 686 1138 734 et
1152 675 1276 735 doctae

230 771 329 829 dicunt
357 773 559 842 communiter,
585 773 665 847 qnod
694 773 730 831 sit
758 773 1002 832 sacramentaliter
1031 790 1145 850 corpus
1169 770 1275 833 Christi.

229 866 307 928 Cum
333 887 405 945 ergo
434 869 553 946 aliquod
581 872 617 928 sit
646 881 859 930 sacramentum
887 871 1088 941 eucharistiae,
1119 883 1150 931 et
1177 887 1275 948 corps

229 965 334 1024 Christi
345 968 377 1024 in
387 979 489 1026 natura
504 986 555 1026 sua
570 987 632 1026 non
646 970 682 1027 sit
695 970 736 1027 ibi
750 970 869 1039 visibile,
884 969 1055 1045 relinquitur
1069 969 1156 1046 quod
1170 987 1230 1028 non
1241 967 1275 1027 ib'

229 1076 376 1122 remaneat
385 1067 502 1141 signum
512 1066 646 1124 sensibile
656 1078 879 1138 sacramentum,
885 1068 940 1126 nisi
949 1065 1018 1125 illud
1031 1068 1116 1143 quod
1122 1067 1276 1127 differenb'n

109 1221 133 1245 ω
154 1220 173 1244 m
229 1161 396 1237 septuplici¹
412 1172 455 1220 est
470 1164 625 1238 signatum.
667 1162 810 1235 Quamvis
824 1174 922 1223 autern
937 1165 967 1222 in
980 1164 1038 1221 hoc
1053 1173 1277 1224 sacramentoet

57 1299 81 1325 ω
119 1261 179 1286 '¹⁶¹¹'
229 1261 331 1319 ceteris
346 1261 382 1318 sit
396 1261 569 1319 trimembris
589 1261 744 1332 distinctio,
758 1262 866 1321 scilicet
885 1271 1101 1320 sacramentum
1116 1273 1148 1321 et
1169 1280 1224 1331 res,
1235 1278 1276 1321 ret

228 1368 257 1417 et
272 1376 333 1416 non
347 1369 569 1429 sacramentnm,
584 1377 619 1417 ac
639 1360 722 1417 tertio
745 1372 958 1418 sacramentum
972 1368 1001 1417 et
1015 1375 1078 1417 non
1092 1378 1152 1431 res,
1167 1367 1276 1437 oportet

227 1465 324 1514 tamen
339 1456 420 1532 qnod
433 1457 487 1515 ista
501 1457 588 1514 verba
603 1458 659 1516 sint
678 1475 748 1516 sane
763 1466 792 1516 et
811 1475 940 1532 congme
960 1456 1112 1515 intellecta
1159 1455 1277 1517 ‘Sacro

228 1561 344 1611 nantum
366 1564 462 1611 autem
483 1562 510 1611 et
528 1553 585 1610 res’
601 1554 703 1613 dicitur
724 1572 830 1631 corpus
845 1553 965 1613 Domini
986 1554 1068 1630 quod
1090 1564 1136 1613 est
1158 1571 1275 1614 sursum

228 1650 339 1709 Dicitur
359 1662 458 1709 autem
479 1663 702 1723 sacramentum,
717 1653 787 1729 quia
806 1662 850 1711 est
871 1652 987 1727 signum
1007 1651 1147 1711 sensibile
1167 1652 1276 1712 animm

228 1747 343 1819 Christi,
366 1748 480 1808 deitatis
501 1760 529 1807 et
550 1750 668 1825 gratiae.
711 1749 749 1808 Et
770 1767 838 1809 cum
859 1751 955 1826 ipsum
977 1750 1108 1825 signatur
1130 1749 1277 1826 perhanc

227 1846 353 1906 hostiam
377 1865 466 1924 qnam
491 1865 648 1918 sacramus,
670 1847 773 1906 dicitur
793 1856 928 1924 respectu
949 1847 1024 1905 illius
1046 1847 1123 1905 ‘res'
1148 1847 1276 1924 ejusdem

228 1945 409 2015 sacramenti,
425 1955 454 2003 et
467 1945 521 2002 ista
538 1962 583 2002 res
602 1962 678 2020 quae
698 1955 742 2004 est
756 1946 920 2004 naturaliter
939 1963 1046 2022 corpus
1060 1943 1181 2017 Chrisn',
1195 1963 1278 2007 voca-

227 2054 273 2102 tur
293 2044 472 2114 eucharistia,
488 2043 583 2102 hostia
602 2054 669 2102 ante
691 2055 815 2102 mortem
829 2043 950 2102 Domini
971 2053 1153 2116 consecrata,
1168 2055 1199 2104 et
1219 2043 1278 2103 alib

227 2141 324 2201 multis
339 2142 516 2213 nominibus,
536 2143 566 2199 in
586 2142 692 2219 quibus
711 2142 863 2218 loquentes
878 2137 986 2199 nostri²
999 2140 1130 2200 taediose
1145 2158 1277 2201 commu·

228 2239 348 2297 nicant⁸.
391 2237 452 2296 Ista
466 2248 563 2298 autem
584 2257 630 2298 res
652 2240 795 2298 sensibilis
816 2239 968 2315 descripta,
983 2257 1059 2316 quae
1080 2238 1186 2298 dicitur
1199 2257 1277 2299 oom-

228 2337 352 2395 muniter
365 2336 450 2413 panis
465 2347 592 2407 sanctus,
607 2347 726 2396 vocatur
741 2342 957 2395 ‘sacramentum
971 2343 998 2394 et
1009 2355 1062 2394 non
1081 2336 1144 2407 res,'
1160 2355 1225 2396 non
1242 2335 1278 2396 ad

226 2434 314 2491 istum
333 2452 461 2504 sensum,
477 2435 558 2513 quod
580 2452 641 2492 non
656 2435 692 2492 sit
706 2452 751 2493 res
772 2435 876 2511 aliqua,
892 2452 958 2493 cum
980 2435 1017 2493 sit
1031 2453 1077 2493 res
1097 2435 1169 2494 satis
1189 2436 1278 2495 sensi·

227 2533 291 2590 bilis
311 2533 352 2590 uti
374 2532 513 2602 videmus,
536 2533 588 2590 sed
610 2532 648 2590 ad
669 2533 755 2591 istum
775 2551 903 2603 sensum,
924 2533 1004 2608 quod
1025 2550 1085 2590 non
1107 2534 1143 2591 sit
1164 2552 1213 2592 res
1233 2533 1279 2592 tlh

227 2649 308 2689 sacra
329 2632 423 2705 primo
446 2631 558 2707 signata
580 2649 631 2705 per
653 2631 769 2705 signum
792 2631 926 2689 sensibile
947 2630 1027 2706 quod
1048 2630 1191 2702 videmus,
1213 2634 1280 2709 quia

227 2745 288 2788 non
317 2738 360 2785 est
389 2728 555 2789 naturaliter
580 2745 688 2802 corpus
714 2727 829 2786 Christi.
874 2727 932 2785 Sed
960 2729 1075 2786 tertium
1103 2730 1278 2799 membrum,

227 2825 306 2903 quod
321 2835 364 2882 est
380 2830 442 2882 ‘res
456 2832 482 2882 et
493 2845 547 2882 non
561 2827 782 2896 sacramentum,'
797 2836 916 2884 vocatur
930 2828 1022 2904 gratia
1041 2828 1158 2886 unionis
1173 2826 1280 2886 Christi

227 2939 294 2978 cum
305 2939 361 2978 sua
377 2921 506 2992 ecclesia,
518 2941 593 2998 quae
609 2941 660 2998 per
671 2922 728 2982 hoc
743 2924 877 2984 sensibile
889 2933 1103 2982 sacramentum
1117 2925 1279 2983 accessorie

227 3018 380 3079 efficaciter
395 3018 572 3094 designatur.

266 3117 341 3179 Sunt
360 3128 459 3178 autem
480 3119 509 3178 in
531 3120 650 3180 materia
673 3119 709 3177 de
731 3119 890 3198 quidditate
911 3119 999 3196 hujus
1020 3119 1163 3178 sensibilis
1184 3138 1281 3178 sacra-

226 3217 316 3272 menti
330 3233 441 3277 errores
455 3215 635 3295 multiplices,
651 3227 682 3274 ut
701 3217 820 3291 quidam
840 3218 947 3285 dicunt,
963 3216 1044 3292 quod
1064 3218 1124 3275 est*
1145 3219 1281 3277 accidens

226 3314 287 3371 sine
303 3314 443 3389 subjecto
458 3323 486 3371 et
501 3314 547 3371 alii
562 3315 642 3388 quod
658 3315 794 3384 estnihil,
810 3333 876 3372 cum
897 3333 933 3372 ex
952 3313 1049 3372 multis
1069 3315 1280 3386 accidentibus,

226 3429 299 3490 quae
321 3429 382 3469 non
405 3422 470 3469 sunt
491 3414 576 3470 unius
590 3413 714 3486 generiS,
728 3423 910 3489 aggregatur,
926 3423 1028 3470 contra
1048 3429 1124 3487 quos
1143 3413 1280 3489 multipli-

226 3510 295 3565 citer
310 3510 405 3566 invexi
425 3509 510 3567 alias*⁵
525 3519 584 3567 tam
604 3510 776 3569 scholastice
796 3527 885 3584 quam
905 3509 993 3566 etiam
1013 3511 1042 3568 in
1056 3510 1176 3585 vulgari,
1195 3509 1280 3588 quia⁶

225 3607 299 3663 inter
327 3624 431 3664 omnes
460 3606 594 3665 haereses
622 3626 696 3682 quae
725 3626 855 3687 unquam
884 3608 914 3666 in
942 3608 1065 3666 ecclesia
1092 3609 1278 3684 pullularunt,

225 3720 376 3783 nunquam
396 3706 550 3762 considero
570 3705 712 3781 aliquam⁷
726 3706 791 3780 plus
811 3705 913 3764 callide
928 3724 980 3781 per
998 3704 1165 3784 hypocritas
1186 3709 1278 3768 intro·

225 3802 342 3859 ductam
372 3811 399 3858 et
428 3801 613 3877 multiplicius
640 3802 783 3878 populum
811 3801 1040 3874 defraudantem,
1069 3822 1139 3862 nam
1172 3806 1278 3881 spoliat

256 4004 265 4033 ¹
282 4007 424 4071 septuplici]
437 4006 577 4063 accidentis,
589 4008 627 4056 ed.
640 4022 677 4071 pr.
787 4009 796 4039 ²
813 4009 942 4073 loquentes
952 4009 1043 4085 nostri]
1055 4009 1126 4061 multi
1139 4011 1276 4074 loquentes.

220 4069 262 4117 od.
276 4087 328 4133 pr.;
346 4072 417 4120 multi
429 4073 557 4136 loquentes
567 4074 653 4129 nostri,
665 4073 758 4122 A.B.C.
886 4073 896 4103 ⁸
913 4075 1108 4140 communicant]
1120 4077 1276 4133 convincant,

220 4134 311 4197 odpr.
410 4136 483 4200 Ἧι]
497 4137 536 4193 sit,
547 4137 585 4186 ed.
597 4154 634 4202 pr.
733 4139 1100 4204 ³alias]om.A.B.C.ed.pr.
1179 4141 1275 4206 ‘quiaJ

206 4208 208 4266 ff
224 4199 298 4259 quod,
310 4200 348 4248 ed.
361 4218 396 4264 pr.
496 4202 505 4228 ⁷
522 4201 642 4267 aliquam]
655 4203 736 4259 aliam,
750 4205 782 4252 D.
