2864 4836
67 439 154 476 car.»
427 412 769 477 TRIALOGUS.

68 578 235 637 secundum
256 577 486 654 beneplacitum¹
508 577 573 647 Dei,
596 578 650 636 nisi
672 577 754 636 Deus
774 595 810 635 ex
832 594 941 653 magna
962 595 1015 636 sua
1034 581 1127 654 gratia

67 675 130 735 hoc
143 677 296 753 acceptet?
338 676 411 736 Ideo
427 676 569 754 quidquid
580 676 671 734 homo
685 676 785 750 egerit,
800 674 844 733 vel
859 685 963 733 natura
978 686 1076 735 ereata
1096 677 1125 734 in

66 775 135 852 ipso
157 776 298 850 genuerit,
313 794 375 834 non
395 774 514 833 dicitur³
532 774 621 833 virtus
640 772 758 830 moralis
777 773 925 831 meritoria
945 775 1066 848 praemii
1081 776 1125 833 vel

66 871 163 932 laudis
186 884 353 950 perpetuae,
374 873 429 931 nisi
454 872 502 932 illa
522 873 611 930 virtus
634 871 672 929 ab
695 869 770 928 alto⁸
790 870 908 940 venerit,
930 879 959 929 et
980 889 1033 948 per
1054 889 1129 930 con··

66 988 197 1046 sequens
211 973 263 1029 ex‘
277 972 370 1048 gratia
383 970 440 1029 Dei
455 971 508 1030 sui.
550 969 589 1028 Et
602 988 639 1028 ex
654 970 710 1027 isto
724 976 802 1043 patet
817 968 896 1044 quod
908 985 997 1026 nemo
1011 986 1123 1045 cogno

65 1069 130 1140 scit,
146 1069 170 1127 si
191 1070 227 1127 sit
247 1069 397 1128 moraliter
416 1069 569 1139 virtuosus,
584 1068 640 1126 nisi
660 1085 678 1125 a
694 1065 761 1124 Deo
783 1066 836 1124 sibi
858 1064 941 1124 suerit
962 1067 1123 1142 specialiter

66 1164 235 1225 revelatum.
276 1165 315 1225 Et
328 1168 370 1225 sic
385 1167 415 1224 in
429 1176 491 1226 tota
505 1166 559 1225 ista
577 1165 698 1224 materia
716 1163 753 1222 de
773 1181 825 1238 spe
845 1165 966 1238 praemii
985 1163 1029 1223 et⁵
1044 1165 1122 1223 dele·

63 1262 149 1322 tione
169 1264 282 1340 peccati
302 1282 370 1323 cum
392 1264 446 1322 sibi
467 1264 616 1334 similibus,
638 1264 726 1321 utitur
746 1261 869 1320 eeclesia
889 1263 1071 1338 reputatione
1093 1274 1122 1322 et

63 1357 285 1439 suppositione⁰
298 1373 327 1421 et
346 1380 408 1421 non
429 1361 692 1421 demonstratione⁷
710 1358 755 1418 vel
777 1368 855 1418 certa
875 1360 997 1419 scientia
1017 1362 1047 1419 in
1068 1379 1121 1437 spe

62 1459 212 1518 bonorum
226 1460 333 1537 patriae
348 1460 558 1520 conversando.
599 1458 742 1532 Quamvis
752 1468 849 1516 autem
860 1457 1021 1516 Aristoteles
1031 1458 1117 1530 dicat,

64 1557 148 1636 quod
159 1559 275 1634 signum
287 1559 323 1617 sit
332 1558 445 1617 homini
455 1558 535 1635 quod
546 1559 583 1616 sit
592 1556 757 1617 habituatus
772 1557 882 1628 virtute,
895 1559 919 1616 si
931 1556 1120 1616 delectanter⁸

63 1666 95 1716 et
115 1666 283 1716 constanter
301 1656 452 1733 operetur·
471 1655 658 1715 conformiter
678 1656 791 1723 rationi,
806 1654 863 1714 hoe
883 1667 981 1714 tamen
1001 1655 1119 1730 signum

64 1772 129 1814 non
150 1762 193 1813 est
213 1755 416 1814 invincibiliter
437 1755 627 1831 conjunctum
645 1752 782 1823 virtuti¹⁰;
815 1770 883 1811 cum
901 1753 993 1811 homo
1013 1770 1119 1827 expers

63 1853 175 1930 gratiae
189 1862 285 1929 potest
299 1853 337 1912 ad
351 1863 467 1928 tempus
477 1853 508 1910 in
522 1852 609 1910 bonis
619 1851 756 1927 operibus
768 1850 911 1920 delectari,
922 1851 1010 1908 etiam
1024 1849 1117 1908 malus

64 1950 196 2027 angelus,
217 1949 272 2010 et²¹
293 1961 551 2028 quantumcunque
571 1949 737 2026 praescitus,
759 1949 910 2024 peccando
929 1949 960 2007 in
977 1947 1117 2023 Spiritum

62 2059 198 2108 sanetum
219 2060 249 2109 et
269 2067 361 2126 usque
383 2047 420 2108 ad
440 2059 574 2107 mortem.
615 2046 654 2105 Et
673 2057 761 2123 patet,
782 2047 863 2124 quod
883 2047 942 2106 hoe
962 2055 1116 2123 peccatum

62 2147 151 2207 nimis
169 2147 277 2208 multos
294 2147 420 2206 caecavit
435 2147 552 2218 inscios,
566 2145 617 2223 qui
636 2144 787 2217 diffiniunt,
807 2145 888 2222 quod
906 2145 998 2203 homo
1018 2144 1115 2203 absol·

60 2245 136 2304 vitur
157 2264 174 2305 a
198 2255 321 2323 peccato
342 2255 461 2322 propter
481 2244 575 2304 levem
595 2245 749 2302 verborum
774 2261 893 2303 suorum
914 2243 1113 2303 ostensionem

60 2343 106 2402 vel
128 2345 356 2420 expressionem,
378 2342 433 2401 et¹¹
454 2342 691 2401 sacerdotalem¹³
713 2361 855 2402 manuum
877 2343 1112 2418 impositionem

58 2440 111 2500 sed
127 2440 164 2499 de
177 2442 234 2500 isto
248 2440 375 2500 inlerius.
416 2440 499 2499 Istud
514 2450 612 2498 autem
626 2449 669 2499 est
683 2436 779 2498 citra¹⁴
793 2441 944 2499 materiam
958 2440 1035 2512 fidei,
1047 2440 1112 2500 licet

58 2539 210 2597 materiam
225 2539 286 2615 spei
301 2538 433 2597 fidelibus
448 2538 636 2597 administret.

99 2635 246 2695 Differunt
267 2645 365 2694 autem
390 2635 461 2694 istae
482 2645 539 2696 tres
560 2637 677 2693 vtitutes
698 2634 867 2712 theologicae,
890 2636 971 2708 fides,
994 2656 1061 2714 spes
1083 2649 1111 2699 et
1146 2667 1228 2704 vnn„
1237 2670 1289 2704 aa,

57 2734 161 2793 ueritas
187 2735 217 2791 in
239 2734 306 2804 hoe,
328 2733 409 2810 quod
426 2734 500 2810 fides
521 2734 591 2793 dicit
613 2734 860 2809 supernaturalem
883 2744 913 2792 et
934 2735 1110 2798 habitualem
1144 2709 1289 2751 'mmm

55 2833 190 2891 notitiam
212 2831 435 2902 credendorum,
456 2831 530 2890 inter
553 2832 766 2907 reputationem
791 2843 878 2909 atque
899 2834 1059 2907 scientiam,
1081 2848 1110 2897 et

55 2929 144 2988 habet
163 2930 235 2989 fides
255 2929 445 3005 proprietates
465 2928 631 2988 laudabiles.
673 2927 732 2987 Sed
751 2931 922 3004 notandum,
937 2935 1017 3010 quod
1036 2935 1110 2995 fides

53 3027 233 3104 quandoque
251 3028 391 3103 accipitur
409 3044 464 3104 pro
480 3037 547 3085 actu
565 3025 711 3098 credendi,
727 3029 905 3105 quandoque
924 3049 979 3106 pro
999 3031 1107 3103 habitu,

53 3135 84 3186 et
104 3125 282 3203 quandoque
303 3142 358 3200 pro
378 3125 496 3184 veritate
517 3141 592 3201 quae
612 3123 744 3183 creditur.
788 3124 861 3185 ideo
881 3127 981 3187 dicunt
1000 3129 1107 3201 fideles,

52 3223 136 3302 quod
156 3225 250 3300 prima
263 3232 308 3282 est
327 3223 400 3281 fides
414 3241 470 3297 qua
491 3223 644 3292 credimus,
659 3223 788 3281 secunda
809 3234 852 3283 est
871 3225 943 3284 fides
957 3237 1107 3304 perquam

52 3323 207 3393 credimus,
222 3331 252 3381 et
265 3322 348 3380 tertia
361 3332 405 3380 est
419 3320 491 3379 fides
507 3339 589 3396 quam
609 3321 760 3380 credimus.
804 3322 841 3380 Et
856 3323 928 3382 fides
944 3322 989 3402 (ut
1007 3325 1107 3385 dicunt

52 3417 230 3499 scholastici)
252 3419 335 3478 alia¹⁵
355 3429 399 3479 est
420 3418 559 3490 informis,
574 3436 643 3477 cum
658 3420 797 3477 ‘eredunt
819 3419 979 3481 daemones
1000 3434 1029 3481 et
1049 3435 1105 3482 tre·

52 3515 232 3588 mescunt¹⁸,’
253 3528 283 3576 et
303 3517 423 3577 aliaest
443 3517 517 3576 fides
542 3518 659 3575 caritate
685 3514 817 3577 formata.
859 3518 981 3578 Videtur
1006 3531 1103 3581 tamen

85 3732 95 3761 ¹
110 3730 305 3796 beneplacitum]
317 3731 442 3796 placitum,
455 3733 487 3780 Α.
619 3731 628 3760 ²
644 3732 744 3798 dicitur]
756 3732 835 3790 datur,
849 3734 881 3784 D.
1012 3737 1021 3764 ³
1037 3736 1102 3802 alto]

50 3796 109 3852 alio.
121 3798 159 3846 ed.
171 3813 208 3861 pr.
274 3796 283 3825 ⁶
298 3796 407 3861 ex]a,B.
414 3798 609 3862 primaemanus.
618 3798 681 3851 C.D.
691 3798 729 3848 ed.
738 3815 775 3863 pr.
839 3801 849 3828 ⁵
865 3799 902 3864 et]
910 3800 948 3856 de.
958 3800 987 3850 C.
1002 3802 1041 3851 ed.
1049 3818 1100 3866 pr.;

51 3862 84 3913 de
94 3862 265 3938 delectatione,
278 3861 310 3911 D.
370 3926 380 3955 1
441 3863 451 3891 ⁶
468 3863 621 3939 reputatione
632 3871 656 3914 et
669 3864 850 3940 suppositione]
862 3866 1033 3961 reputativenet
1045 3882 1102 3931 sup-

49 3926 953 4068 fi'illl‘tfize‘dtl'itanlllss'lffl‘mm]dilmfilllt‘sslrlfi,
967 3931 1100 4061 nelli?

50 4057 70 4088 ¹⁰
86 4065 244 4121 conjunctum
255 4058 351 4121 virtuti]
363 4057 545 4121 conjunctivum
556 4058 660 4114 virtutis,
672 4058 701 4108 C.
730 4058 786 4108 .ed.
799 4075 835 4122 pr.
922 4061 937 4089 '¹
955 4061 992 4124 et]
1005 4077 1055 4111 om.
1068 4063 1099 4111 Α.

49 4122 70 4153 ¹⁸
85 4122 123 4188 et]
130 4132 155 4173 et
161 4123 202 4179 ad,
210 4123 350 4172 A.B.C.ed.
359 4138 396 4187 pr.
463 4123 481 4152 ¹³
497 4123 685 4186 sacerdotalem]
695 4124 904 4179 sacramentalem,
915 4126 1008 4176 B.C.D.
1016 4127 1054 4176 ed.
1063 4143 1099 4191 pr.

49 4187 68 4217 ¹⁴
84 4188 263 4253 citraJoontra,
276 4187 309 4237 D.
321 4188 359 4238 ed.
371 4205 409 4254 pr.
475 4189 492 4219 ¹⁵
508 4188 568 4252 alia]
580 4188 669 4252 aliqua,
682 4188 720 4238 ed.
732 4204 769 4252 pr.
835 4189 854 4219 ¹⁸
871 4189 1055 4258 cl.lac.ii.19.
