2864 4836
541 426 798 505 Joannrs
839 427 1050 490 arom
1237 448 1321 487 usur

274 586 312 646 de
332 587 427 645 alieno
446 588 535 645 bono.
578 587 678 648 Potest
696 599 794 648 autem
816 589 881 661 dici,
896 589 978 665 quod
997 589 1115 666 species
1136 589 1268 666 pessima
1285 589 1321 645 in·

274 685 366 744 vidiae
391 695 435 742 est
457 685 572 755 invidia,
598 704 657 763 qua
683 698 816 746 creatura
843 688 951 747 invidet
974 686 1041 746 Deo
1069 705 1144 759 suo;
1175 687 1227 747 illa
1253 686 1322 746 enim

274 783 386 857 species
406 781 495 842 habet
513 783 636 841 modum
657 786 827 859 pessimum,
841 786 969 845 maxime
988 785 1140 861 ingratum
1159 795 1193 845 et
1210 785 1320 844 minime

273 878 424 938 fundatum
440 880 470 937 in
484 882 654 957 apparentia
668 882 796 951 rationis,
810 892 840 941 et
854 883 922 942 ideo
940 892 1061 941 vocatur
1079 883 1250 958 specialiter
1263 898 1323 958 peo-

273 988 370 1036 catum
384 978 568 1038 diabolicum.
612 978 691 1038 Sicut
706 981 785 1039 enim
801 981 924 1039 ‘invidia
938 979 1047 1039 diaboli
1065 996 1150 1038 mors
1168 977 1324 1039 intravitin

273 1076 374 1134 orbern
394 1077 566 1147 terranim¹‚’
582 1078 623 1136 sic
642 1078 821 1153 impossibile
838 1088 882 1136 est
901 1093 1069 1154 quenquam
1087 1077 1225 1136 invidere
1243 1075 1324 1143 alteri,

272 1175 327 1231 nisi
352 1174 448 1250 primo
472 1176 604 1232 omnium
627 1175 754 1234 invideat
776 1174 843 1234 Deo
867 1192 929 1233 suo.
972 1173 1031 1234 Sed
1056 1175 1087 1232 in
1111 1176 1170 1234 isto
1195 1182 1326 1251 gravatm

273 1270 422 1329 difficultas
436 1271 599 1346 praedicta3
630 1290 699 1330 nam
717 1290 773 1331 nec
791 1272 904 1331 homini
918 1291 973 1332 nec
992 1272 1098 1348 angelo
1118 1282 1223 1349 potest
1241 1289 1326 1348 appa·

272 1386 343 1437 rere,
355 1369 436 1445 quod
446 1368 512 1428 Deo
527 1369 594 1428 insit
607 1369 717 1427 malum
728 1371 772 1430 vel
787 1370 867 1446 quod
882 1389 900 1428 a
913 1372 993 1429 bono
1008 1370 1153 1447 privetur;
1176 1369 1326 1448 quomodo

272 1484 343 1540 ergo
368 1476 465 1541 potest
488 1467 518 1523 in
543 1467 720 1543 cogitatione
745 1467 913 1544 hujusmodi
938 1467 1093 1527 delectari?
1129 1466 1211 1527 Cum
1236 1483 1323 1527 nemo

272 1573 368 1638 potest
388 1562 523 1622 delectari
544 1565 598 1623 nisi
619 1565 649 1622 in
671 1565 719 1623 illo
741 1566 821 1643 quod
842 1576 938 1642 potest
958 1565 1135 1641 intelligere3
1169 1566 1225 1626 sed
1247 1565 1326 1642 juxta

271 1660 349 1718 dicta
368 1679 424 1719 nec
443 1661 524 1720 Deus
544 1679 600 1721 nec
619 1673 749 1723 creatura
767 1674 864 1739 potest
882 1662 940 1723 hoc
960 1663 1136 1738 intelligere;
1168 1661 1320 1739 quomodo

271 1776 342 1834 ergo
367 1769 463 1835 potest
487 1761 517 1818 in
541 1759 597 1818 hoc
622 1760 839 1820 irrationaliter¹
862 1761 998 1820 delectari
1022 1760 1067 1819 vel
1094 1759 1154 1818 hoc
1183 1777 1323 1836 apparere

272 1857 326 1914 sibi
341 1857 452 1915 bonum
468 1855 656 1917 delectabile?
692 1857 752 1917 Hic
767 1858 962 1935 supponendo
977 1857 1125 1935 praedicta
1139 1857 1177 1916 de
1196 1857 1324 1917 intellec·

271 1954 349 2012 tione
363 1964 395 2012 ut
416 1955 507 2025 firma,
523 1955 634 2013 videtur
648 1955 718 2013 mihi
738 1957 819 2032 quod
837 1966 898 2014 tarn
918 1956 1087 2032 apparentia
1108 1972 1200 2031 quam
1219 1954 1326 2013 invidie

271 2061 367 2126 potest
377 2053 524 2111 terminari
535 2052 572 2112 ad
587 2054 694 2129 aliquid
709 2054 855 2123 indirecte,
866 2063 898 2112 ut
909 2071 997 2111 nemo
1008 2053 1067 2111 vult
1077 2070 1133 2111 nee
1143 2061 1243 2128 potest
1253 2051 1325 2110 velle

271 2166 305 2206 ac
327 2149 484 2225 intelligere
503 2150 619 2220 directe,
635 2151 716 2227 quod
730 2151 797 2209 Deo
817 2151 884 2209 insit
903 2151 1013 2209 malum
1027 2151 1129 2225 culpae
1143 2149 1190 2207 vel
1210 2165 1324 2225 poenae

271 2246 315 2303 vel
333 2245 432 2304 damni
452 2247 496 2304 vel
511 2248 707 2324 quodcunque
723 2248 858 2324 fingibile,
873 2248 976 2308 saltem
995 2247 1158 2307 secundum
1177 2248 1323 2318 deitatem,

270 2344 338 2420 qula
361 2362 415 2402 nec
442 2355 571 2404 creatura
593 2364 648 2404 nec
669 2345 751 2404 Deus
775 2356 872 2422 potest
895 2345 952 2404 hoc
975 2345 1140 2420 intelligere.
1184 2344 1324 2404 ereatura
1368 2352 1372 2357 ’

271 2452 368 2499 tamen
390 2453 486 2517 potest
500 2443 536 2501 ad
559 2453 670 2501 tanturn
692 2444 803 2501 caecari
825 2442 905 2518 quod
927 2442 1065 2517 intelligat
1086 2444 1136 2512 sic,
1156 2447 1233 2519 ‘ego
1253 2442 1320 2501 volo

270 2540 350 2614 quod
364 2539 445 2598 Deus
460 2559 520 2599 non
539 2541 631 2598 taliter
649 2539 808 2599 honoretur
823 2541 866 2599 vel
881 2540 961 2616 quod
975 2540 1030 2598 sibi
1044 2557 1105 2597 non
1124 2540 1192 2598 insit
1209 2539 1319 2616 justitia

271 2637 329 2695 vel³
345 2639 445 2695 notitia
466 2638 533 2697 mali
556 2638 645 2708 facti⁴,
661 2640 730 2714 quia
751 2639 775 2696 si
797 2638 848 2707 sic,
863 2656 923 2695 non
945 2637 1053 2696 sorem³
1067 2654 1121 2712 pro
1141 2655 1320 2713 quocunque

270 2734 429 2791 delectabili
445 2735 634 2794 cruciandus!
678 2735 737 2793 Sed
748 2736 881 2812 quamvis
895 2734 987 2794 bomo
999 2735 1042 2793 vel
1053 2735 1186 2794 diabolus
1198 2746 1322 2812 possunt

270 2830 426 2905 intelligere
442 2833 482 2890 sic
497 2851 628 2903 erronee,
644 2833 757 2890 tamen⁶
773 2851 828 2891 nec
843 2851 896 2891 sua
909 2832 1064 2892 intellectio
1082 2851 1137 2890 nec
1152 2834 1322 2909 apparentia

270 2928 437 2986 terminatur
458 2929 496 2987 ad
520 2949 582 2987 rem
607 2939 796 3005 apparentem
821 2930 865 2988 vel
891 2929 1065 2989 intellectam
1088 2941 1170 2988 extra
1195 2932 1321 3007 signum.

270 3025 342 3083 ldeo
358 3026 431 3085 sicut
448 3027 551 3085 falsum
571 3027 717 3103 estquod
737 3027 867 3103 intelligo
886 3027 1037 3085 meliorem
1052 3027 1149 3085 Deum
1169 3046 1260 3103 quam
1279 3039 1322 3087 est

270 3123 351 3181 Deus
366 3135 471 3195 noster,
486 3126 617 3202 quamvis
633 3125 792 3200 intelligam
807 3125 862 3183 ista
877 3125 977 3200 signa:
1000 3125 1041 3183 sic
1056 3124 1161 3183 falsum
1176 3136 1228 3196 est,
1241 3125 1321 3203 quod

270 3222 405 3297 intellig0,
420 3223 486 3280 volo
502 3224 546 3281 vel
560 3234 678 3299 appeto,
693 3222 773 3299 quod
788 3222 869 3280 Deus
884 3223 998 3297 ignoret
1012 3233 1134 3298 peccata
1148 3241 1224 3293 mea,
1240 3223 1320 3301 quod

269 3339 329 3377 non
344 3321 379 3378 sit
392 3321 484 3397 justus
498 3321 542 3378 vel
557 3321 683 3378 criminis
703 3321 857 3395 punitivus,
872 3321 1004 3395 quamvis
1019 3320 1104 3378 velim
1118 3321 1164 3378 vel
1183 3333 1319 3398 appetam

268 3419 309 3475 sic
332 3420 386 3475 sub
409 3419 469 3476 istis
493 3418 590 3493 signis.
636 3417 674 3474 Et
699 3419 739 3476 sic
761 3418 879 3493 quilibet
904 3417 1017 3475 invidus
1038 3419 1096 3476 vult
1117 3420 1256 3496 implicite
1277 3421 1320 3479 vel

269 3516 414 3584 indirecte,
429 3525 457 3572 et
472 3534 533 3572 non
552 3525 648 3590 potest
668 3517 708 3573 sic
729 3524 810 3573 extra
825 3516 909 3590 signa
928 3515 1093 3590 intelligere.
1138 3515 1243 3577 Unde'
1257 3520 1319 3595 qui·

269 3629 383 3687 cunque
397 3612 455 3669 vult
469 3613 665 3689 quodcunque
681 3624 832 3688 peccatum
852 3613 995 3689 culpabile
1015 3624 1044 3670 et
1064 3615 1227 3673 secundum
1241 3617 1319 3676 ordi·

268 3727 337 3766 nem
352 3709 436 3784 culpa
455 3711 585 3785 dignum,
600 3712 661 3786 ipse
682 3711 790 3769 invidet
809 3711 945 3786 implicite
961 3710 1027 3769 Deo
1043 3729 1106 3779 suo,
1121 3713 1191 3787 quia
1211 3716 1320 3790 appetit

269 3825 401 3882 perverse
423 3808 510 3865 finem
532 3808 666 3884 aliquem,
688 3825 747 3884 quo
772 3808 829 3866 fine
855 3810 917 3867 sine
939 3809 1024 3884 culpa
1045 3811 1193 3886 completo
1212 3812 1319 3872 inesset

301 4005 309 4033 ¹
328 4003 357 4052 cf.
370 4005 427 4070 Sap.
439 4004 488 4054 Sal.
500 4006 525 4053 ii.
541 4020 577 4069 ²4·
655 4006 664 4035 ²
681 4004 864 4068 irrationaliter]
877 4004 1035 4059 rationaliter.
1047 4006 1094 4061 Aa
1112 4006 1318 4065 irrationabiliter,

268 4067 305 4116 ed.
319 4085 354 4132 pr.
463 4073 471 4098 ³
485 4070 580 4133 justitia
591 4071 640 4136 vel]
651 4072 799 4127 universalis,
813 4071 904 4120 ΑΒΕ.
1018 4069 1026 4098 ¹
1043 4070 1101 4118 mali
1113 4070 1184 4135 sacti]
1196 4073 1318 4130 ntaleficii,

270 4133 362 4182 A.B.C.
483 4136 492 4163 ⁶
508 4136 597 4200 forem]
610 4137 680 4192 soret,
693 4136 785 4185 ΑΜ.
798 4135 835 4184 ed.
848 4151 884 4198 pr.
1023 4136 1033 4164 ⁸
1050 4136 1143 4201 tamen]
1154 4151 1219 4194 cum,
1230 4138 1268 4188 ed.
1280 4154 1317 4203 pr.

250 4249 254 4271 Ι
268 4197 276 4225 ⁷
295 4197 378 4261 Unde]
390 4207 425 4256 ut,
437 4201 466 4249 C.
479 4201 599 4251 secundae
610 4217 703 4258 manus,
716 4202 749 4250 D.
761 4201 798 4249 ed.
812 4217 847 4265 pr.
