2864 4836
581 421 837 500 JonlleS
879 422 1088 484 chm
1282 446 1365 482 narr.

311 586 388 644 cadit
401 583 511 643 adhuc¹
524 584 578 642 snb
592 596 692 644 nostra
706 585 826 644 scientia
840 584 884 642 vel
899 585 1008 655 notitia,
1024 582 1094 644 sed¹
1108 586 1179 644 satis
1193 595 1239 644 est
1252 601 1364 661 cogno·

310 701 401 752 scere,
423 681 505 759 quod
526 692 594 740 sunt
618 682 733 740 multae.
776 681 814 740 Et
836 682 877 741 sic
898 681 1010 741 videtur
1030 699 1095 742 esse
1117 682 1154 740 de
1175 682 1278 741 bestiis
1298 680 1363 758 plus

310 781 454 857 perfectis,
465 778 562 856 quod³
573 780 700 839 habeant
714 780 842 838 animam
857 780 942 839 aliam
954 781 1099 857 incapite,
1111 780 1199 840 aliam
1213 781 1245 839 in
1256 776 1364 857 epate⁴,

311 890 339 938 et
353 878 440 939 aliam
454 879 484 936 in
500 878 596 936 corde.
638 876 851 937 Verumtamen
865 878 1001 937 animalia
1015 878 1137 938 anulosa
1148 878 1232 955 juxta
1253 876 1364 954 experi-

312 976 420 1036 entiam
433 976 598 1052 Augustini,
613 994 681 1035 curn
696 976 900 1052 organisantur
919 976 957 1035 ad
976 975 1098 1035 modum
1117 975 1205 1046 anuli,
1219 975 1365 1036 sufficiunt

312 1076 341 1133 in
355 1075 540 1150 operationes
554 1091 621 1133 suas
635 1074 743 1144 vitales,
758 1074 824 1133 licet
837 1075 867 1132 in
882 1073 987 1133 lmsta¹
1000 1075 1084 1150 plura
1102 1075 1160 1159 sint
1180 1073 1281 1133 divisa.
1328 1072 1365 1132 Et

312 1174 355 1232 sic
379 1171 593 1248 imperfectiora
616 1173 747 1243 viventia,
772 1183 805 1230 ut
829 1173 948 1232 arbores
971 1182 1000 1231 et
1024 1171 1140 1243 herbae,
1165 1181 1198 1231 ut
1222 1182 1305 1249 patet
1327 1172 1364 1231 de

313 1272 409 1341 salice,
424 1265 549 1329 habent⁰
563 1270 697 1329 virtutem
718 1270 911 1330 fructificandi
932 1281 961 1330 et
979 1287 1071 1349 opera
1091 1271 1265 1346 vegetabilia
1282 1288 1365 1330 exer·

312 1369 407 1439 cendi,
421 1368 488 1427 licet
501 1369 531 1426 in
545 1378 641 1445 partes
656 1365 810 1445 plurimas⁷
825 1370 883 1429 sint
897 1369 998 1429 divisa.
1140 1443 1144 1449 ,

354 1466 413 1526 Hic
441 1477 539 1526 tamen
568 1466 681 1526 Fratres
710 1467 845 1538 clamant,
873 1466 954 1544 quod
978 1466 1048 1526 illud
1073 1467 1110 1527 sit
1132 1467 1313 1527 haereticum
1337 1475 1366 1524 et

313 1565 503 1641 impossibile,
528 1565 608 1640 quod
633 1564 740 1625 multae
765 1566 880 1623 animae
906 1566 964 1624 sint
988 1565 1019 1623 in
1043 1565 1165 1624 homine
1186 1564 1233 1623 vel
1258 1563 1365 1623 multae

282 1741 284 1746 .
313 1664 425 1723 formae
449 1662 650 1722 substantiales
674 1664 705 1721 in
729 1681 906 1740 quocunque
930 1681 1062 1740 corpore,
1086 1664 1155 1740 quia
1178 1680 1247 1722 cum
1272 1661 1366 1721 forma

313 1761 509 1821 substantialis
524 1761 573 1820 dat
585 1781 641 1819 esse
654 1763 703 1827 rei,
718 1780 765 1821 res
779 1762 821 1821 sic
836 1760 960 1821 formata
981 1772 1058 1821 esset
1075 1762 1106 1820 in
1120 1760 1227 1837 dispari
1247 1755 1363 1837 specie⁸

313 1879 367 1938 pro
382 1861 489 1920 eodem
503 1861 629 1931 instanti,
645 1859 725 1936 quod
739 1870 783 1918 est
797 1860 985 1936 impossibile.
1029 1857 1087 1919 Sed
1102 1876 1156 1935 pro
1171 1859 1226 1917 ista
1240 1858 1362 1917 materia

313 1959 429 2036 ydiotae
444 1958 552 2017 debent
567 1975 758 2034 cognoscere,
772 1957 854 2034 quod
873 1975 1038 2016 consonum
1056 1953 1115 2016 est⁰
1129 1956 1237 2016 multas
1252 1956 1363 2015 formas

315 2057 516 2117 substantiales
540 2056 671 2132 dispares
692 2057 790 2132 specie
813 2055 906 2115 esse¹⁰
925 2055 955 2113 in
975 2055 1082 2115 eodem
1103 2055 1271 2130 composito
1293 2053 1363 2113 dum

315 2166 413 2214 tamen
436 2172 496 2212 una
518 2154 554 2212 sit
577 2154 766 2213 subordinata
790 2154 879 2224 alteri,
900 2164 932 2213 ut
956 2163 1036 2230 patet
1058 2153 1096 2212 de
1118 2152 1227 2211 mixtis.
1278 2149 1366 2211 Unde

316 2252 479 2322 sciendum,
494 2252 574 2328 quod
596 2252 695 2311 sicut¹¹
715 2270 775 2310 una
795 2251 890 2312 forma
908 2250 1072 2328 generalior
1085 2260 1114 2309 et
1135 2250 1190 2310 alia
1205 2249 1367 2327 specialior,

316 2369 390 2427 quae
419 2360 485 2410 sunt
512 2351 543 2408 in
570 2349 677 2409 eodem
705 2352 867 2427 supposito,
896 2349 933 2408 ad
961 2350 1085 2408 invicem
1113 2349 1295 2418 ordinantur,
1324 2347 1365 2406 sic

315 2448 426 2510 formae
452 2449 609 2525 disparium
634 2449 806 2524 specierum,
829 2459 861 2507 ut
884 2446 1038 2507 manifeste
1062 2456 1142 2523 patet
1165 2446 1204 2506 de
1227 2463 1306 2518 osse,
1330 2446 1366 2505 de

316 2567 412 2619 came,
434 2548 471 2607 de
495 2565 583 2606 nervo
609 2559 638 2606 et
662 2545 782 2605 caeteris
806 2547 937 2622 partibus
962 2540 1153 2621 etrogeneis¹²
1176 2543 1207 2602 in
1232 2543 1363 2603 homine.

317 2646 387 2705 Non
409 2647 488 2704 enim
510 2645 729 2721 imaginandum
750 2654 802 2715 est,
823 2643 904 2720 quod
926 2662 980 2720 pro
1003 2644 1120 2703 instanti
1143 2644 1246 2702 mortis
1269 2642 1364 2702 subito

317 2746 393 2802 venit
407 2742 501 2802 forma
521 2743 725 2812 incinerabiliS,
747 2752 776 2802 et
797 2741 908 2801 formae
929 2742 1001 2800 aliae
1023 2752 1257 2817 corrumpuntur,
1273 2739 1368 2819 qnia¹³

317 2860 372 2900 nec
386 2850 504 2917 propter
518 2841 705 2899 variationem
724 2840 937 2916 complexionis
956 2858 1011 2899 nec
1025 2849 1145 2916 propter
1163 2839 1365 2900 alterationem

318 2939 534 2999 commixtionis
547 2939 611 2998 talis
626 2948 722 2998 motus
737 2941 847 2998 subitus
862 2950 906 2999 est
921 2938 1085 3014 fingendus.
1126 2936 1165 2997 Et
1184 2955 1253 2997 cum
1268 2948 1369 3016 partes

318 3038 389 3097 tales
409 3038 466 3095 sint
485 3036 643 3113 disparium
663 3038 834 3114 specierum,
849 3047 959 3096 certum
978 3047 1031 3106 est,
1051 3035 1133 3112 quod
1151 3044 1269 3112 oportet
1290 3037 1368 3113 ipsas

318 3136 425 3196 habere
450 3135 558 3194 formas
583 3136 786 3194 substantiales
814 3133 938 3212 disparis
963 3133 1090 3204 rationis,
1115 3143 1145 3191 et
1172 3133 1214 3193 sic
1242 3134 1313 3194 est¹⁴
1339 3134 1368 3192 in

318 3234 462 3312 lapidibus
480 3244 509 3293 et
528 3234 658 3293 metallis.
702 3233 771 3292 Hoc
790 3243 889 3292 tamen
908 3232 1018 3291 videtur
1036 3232 1195 3308 probabile,
1210 3232 1294 3309 quod
1307 3250 1369 3291 non

318 3353 370 3413 per
384 3333 463 3392 idem
477 3333 638 3410 subjectum
654 3333 815 3408 adaequate
829 3340 858 3390 et
872 3330 1033 3390 secundum
1053 3329 1195 3388 rationem
1215 3329 1368 3390 similem¹⁸

319 3431 513 3493 extenduntur
541 3431 650 3490 formae
679 3430 881 3490 substantiales
910 3428 1068 3504 disparium
1101 3428 1273 3503 specierum,
1302 3429 1369 3505 quia

319 3544 388 3590 tunc
403 3530 472 3589 illud
487 3529 670 3606 suppositum
686 3528 759 3587 soret
773 3527 858 3586 simul
869 3527 1026 3603 disparium
1037 3524 1238 3601 quidditatum.
1281 3524 1369 3586 Unde

320 3631 394 3689 sicut
407 3629 437 3686 in
451 3628 549 3686 mixtis
562 3626 746 3703 imperfectis,
759 3625 817 3684 ιιιια
830 3623 1062 3684 exhalationibus
1080 3633 1109 3682 et
1132 3624 1254 3696 nebulis,
1272 3636 1370 3702 partes

355 3832 471 3896 ¹adhuc]
484 3847 532 3880 om.
545 3829 583 3880 ed.
596 3846 631 3895 pr.
717 3830 786 3879 ¹sed
812 3845 861 3878 om.
872 3830 911 3878 ed.
923 3845 958 3892 pr.
972 3829 1005 3877 D.
1089 3827 1194 3922 ¹quod]
1206 3843 1271 3887 cnm,
1284 3829 1321 3880 ed.
1333 3845 1370 3894 pr.

321 3901 329 3929 ⁴
347 3905 424 3965 epate.
437 3899 445 3946 i
460 3914 481 3947 e.
493 3896 589 3962 hepate.
687 3896 697 3924 ¹
713 3895 789 3944 smsta
813 3894 909 3950 frustra,
923 3894 955 3943 D.
967 3896 1004 3945 ed.
1016 3910 1052 3959 pr.
1144 3893 1249 3958 habent]
1261 3894 1372 3949 heburti.

321 3967 360 4016 ed.
372 3981 409 4031 pr.
515 3963 524 3991 ¹
542 3961 669 4027 plurimas]
682 3960 772 4025 plures.
785 3961 876 4010 A.B.C.
886 3959 924 4010 ed.
936 3975 973 4023 pr.
1041 3960 1051 3989 ⁸
1067 3957 1160 4024 specie]
1173 3974 1189 4008 ο
1223 3959 1325 4016 atione,
1337 3959 1371 4008 D.

322 4030 567 4095 ⁹est]esse.ed.pr.
699 4028 717 4055 ¹⁰
734 4025 798 4089 esse]
811 4042 860 4076 om.
872 4026 910 4074 ed.
922 4041 959 4089 pr.
1098 4025 1115 4054 ¹¹
1133 4025 1195 4074 sicut
1220 4025 1372 4101 onnedpr.

324 4097 342 4126 ¹²
358 4105 411 4145 etro
429 4096 495 4145 eneis
520 4094 535 4142 i.
543 4109 564 4142 e.
577 4093 758 4155 heterogeneis;
777 4091 815 4140 ed.
828 4108 864 4156 pr.
876 4106 932 4141 cum
945 4091 1008 4141 Cod.
1019 4091 1049 4140 C.
1062 4091 1136 4140 hahet
1148 4088 1374 4155 ‘ethromogenirs'

324 4163 341 4191 ¹³
359 4112 472 4225 quiaffqu
508 4158 619 4216 ,A.B.C.
632 4158 670 4206 ed.
683 4173 719 4220 pr.
810 4158 825 4186 ¹⁴
843 4156 1118 4220 sic]om.ed.pr.cum
1130 4155 1266 4219 Optimae
1276 4171 1373 4206 manns.

305 4282 307 4287 ¹
324 4229 340 4256 ¹¹
357 4224 473 4288 similem]
484 4225 642 4275 consimilem.
655 4223 692 4271 ed.
705 4239 749 4287 pr,
762 4223 794 4269 D.
894 4223 911 4251 ¹⁶
928 4221 967 4285 ut]
979 4237 1016 4276 ac,
1030 4223 1060 4270 Α.
