<?xml version="1.0" encoding="UTF-8"?>
<!DOCTYPE html PUBLIC "-//W3C//DTD XHTML 1.0 Transitional//EN"
    "http://www.w3.org/TR/xhtml1/DTD/xhtml1-transitional.dtd">
<html xmlns="http://www.w3.org/1999/xhtml" xml:lang="en" lang="en">
 <head>
  <title>
</title>
<meta http-equiv="Content-Type" content="text/html;charset=utf-8" />
  <meta name='ocr-system' content='tesseract 3.04.00' />
  <meta name='ocr-capabilities' content='ocr_page ocr_carea ocr_par ocr_line ocrx_word'/>
</head>
<body>
  <div class='ocr_page' id='page_1' title='image "./trialoguscumsup00lechgoog_0168.png"; bbox 0 0 2864 4836; ppageno 0'>
   <div class='ocr_carea' id='block_1_1' title="bbox 18 388 768 482">
    <p class='ocr_par' dir='ltr' id='par_1_1' title="bbox 18 388 768 482">
     <span class='ocr_line' id='line_1_1' title="bbox 18 388 768 482; baseline 0 -4"><span class='ocrx_word' id='word_1_1' title='bbox 18 388 22 395; x_wconf 80' lang='grc'><strong>’</strong></span> <span class='ocrx_word' id='word_1_2' title='bbox 59 439 148 478; x_wconf 60' lang='lat' dir='ltr'>a»...</span> <span class='ocrx_word' id='word_1_3' title='bbox 420 417 768 482; x_wconf 70' lang='lat' dir='ltr'>rnrarocus</span> 
     </span>
    </p>
   </div>
   <div class='ocr_carea' id='block_1_2' title="bbox 61 578 1123 3900">
    <p class='ocr_par' dir='ltr' id='par_1_2' title="bbox 61 578 1122 1915">
     <span class='ocr_line' id='line_1_2' title="bbox 62 578 1120 659; baseline 0.002 -20"><span class='ocrx_word' id='word_1_4' title='bbox 62 578 225 657; x_wconf 80' lang='lat' dir='ltr'><strong>quidquam</strong></span> <span class='ocrx_word' id='word_1_5' title='bbox 239 579 402 658; x_wconf 91' lang='lat' dir='ltr'>producere</span> <span class='ocrx_word' id='word_1_6' title='bbox 421 579 466 639; x_wconf 92' lang='lat' dir='ltr'>vel</span> <span class='ocrx_word' id='word_1_7' title='bbox 485 580 644 658; x_wconf 88' lang='lat' dir='ltr'>intelligere</span> <span class='ocrx_word' id='word_1_8' title='bbox 663 583 719 641; x_wconf 91' lang='lat' dir='ltr'>nisi</span> <span class='ocrx_word' id='word_1_9' title='bbox 738 582 819 658; x_wconf 90' lang='lat' dir='ltr'>quod</span> <span class='ocrx_word' id='word_1_10' title='bbox 838 582 875 642; x_wconf 91' lang='lat' dir='ltr'>de</span> <span class='ocrx_word' id='word_1_11' title='bbox 895 581 973 642; x_wconf 84' lang='lat' dir='ltr'>lacto</span> <span class='ocrx_word' id='word_1_12' title='bbox 987 582 1120 659; x_wconf 84' lang='lat' dir='ltr'>intelligit</span> 
     </span>
     <span class='ocr_line' id='line_1_3' title="bbox 61 671 1119 758; baseline 0.001 -20"><span class='ocrx_word' id='word_1_13' title='bbox 61 688 93 738; x_wconf 89' lang='lat' dir='ltr'>et</span> <span class='ocrx_word' id='word_1_14' title='bbox 106 677 250 754; x_wconf 83' lang='lat' dir='ltr'>producit</span> <span class='ocrx_word' id='word_1_15' title='bbox 282 671 352 738; x_wconf 80' lang='lat' dir='ltr'>&#39;sed</span> <span class='ocrx_word' id='word_1_16' title='bbox 365 679 434 756; x_wconf 90' lang='lat' dir='ltr'>quia</span> <span class='ocrx_word' id='word_1_17' title='bbox 447 679 600 757; x_wconf 87' lang='lat' dir='ltr'>quondam</span> <span class='ocrx_word' id='word_1_18' title='bbox 613 679 731 739; x_wconf 87' lang='lat' dir='ltr'>defendi</span> <span class='ocrx_word' id='word_1_19' title='bbox 742 690 910 740; x_wconf 87' lang='lat' dir='ltr'>constanter</span> <span class='ocrx_word' id='word_1_20' title='bbox 921 681 1008 758; x_wconf 92' lang='lat' dir='ltr'>hujus</span> <span class='ocrx_word' id='word_1_21' title='bbox 1022 698 1119 757; x_wconf 94' lang='lat' dir='ltr'>oppo-</span> 
     </span>
     <span class='ocr_line' id='line_1_4' title="bbox 63 775 1120 855; baseline 0.001 -19"><span class='ocrx_word' id='word_1_22' title='bbox 63 775 162 846; x_wconf 78' lang='lat' dir='ltr'>situm,</span> <span class='ocrx_word' id='word_1_23' title='bbox 174 793 230 835; x_wconf 90' lang='lat' dir='ltr'>nec</span> <span class='ocrx_word' id='word_1_24' title='bbox 243 775 332 836; x_wconf 91' lang='lat' dir='ltr'>claret</span> <span class='ocrx_word' id='word_1_25' title='bbox 344 776 416 835; x_wconf 91' lang='lat' dir='ltr'>mihi</span> <span class='ocrx_word' id='word_1_26' title='bbox 430 776 525 837; x_wconf 91' lang='lat' dir='ltr'>adhuc</span> <span class='ocrx_word' id='word_1_27' title='bbox 540 776 750 837; x_wconf 81' lang='lat' dir='ltr'>demonstratio</span> <span class='ocrx_word' id='word_1_28' title='bbox 764 796 840 854; x_wconf 90' lang='lat' dir='ltr'>quae</span> <span class='ocrx_word' id='word_1_29' title='bbox 854 777 911 837; x_wconf 93' lang='lat' dir='ltr'>hoc</span> <span class='ocrx_word' id='word_1_30' title='bbox 926 780 1041 855; x_wconf 90' lang='lat' dir='ltr'>probat,</span> <span class='ocrx_word' id='word_1_31' title='bbox 1053 779 1120 838; x_wconf 91' lang='lat' dir='ltr'>ideo</span> 
     </span>
     <span class='ocr_line' id='line_1_5' title="bbox 63 873 1121 953; baseline 0.003 -21"><span class='ocrx_word' id='word_1_32' title='bbox 63 882 132 933; x_wconf 87' lang='lat' dir='ltr'>utor</span> <span class='ocrx_word' id='word_1_33' title='bbox 145 875 341 933; x_wconf 88' lang='lat' dir='ltr'>communiter</span> <span class='ocrx_word' id='word_1_34' title='bbox 358 873 414 934; x_wconf 89' lang='lat' dir='ltr'>hac</span> <span class='ocrx_word' id='word_1_35' title='bbox 433 875 552 946; x_wconf 90' lang='lat' dir='ltr'>cautela,</span> <span class='ocrx_word' id='word_1_36' title='bbox 567 876 720 953; x_wconf 90' lang='lat' dir='ltr'>proposito</span> <span class='ocrx_word' id='word_1_37' title='bbox 740 875 811 934; x_wconf 92' lang='lat' dir='ltr'>mihi</span> <span class='ocrx_word' id='word_1_38' title='bbox 829 885 970 952; x_wconf 85' lang='lat' dir='ltr'>tanquam</span> <span class='ocrx_word' id='word_1_39' title='bbox 989 876 1121 953; x_wconf 88' lang='lat' dir='ltr'>possibili</span> 
     </span>
     <span class='ocr_line' id='line_1_6' title="bbox 62 970 1122 1051; baseline 0 -18"><span class='ocrx_word' id='word_1_40' title='bbox 62 988 135 1042; x_wconf 89' lang='lat' dir='ltr'>uuo,</span> <span class='ocrx_word' id='word_1_41' title='bbox 150 970 232 1049; x_wconf 92' lang='lat' dir='ltr'>quod</span> <span class='ocrx_word' id='word_1_42' title='bbox 245 971 322 1030; x_wconf 87' lang='lat' dir='ltr'>uon¹</span> <span class='ocrx_word' id='word_1_43' title='bbox 336 982 381 1032; x_wconf 86' lang='lat' dir='ltr'>est</span> <span class='ocrx_word' id='word_1_44' title='bbox 394 972 432 1032; x_wconf 92' lang='lat' dir='ltr'>de</span> <span class='ocrx_word' id='word_1_45' title='bbox 447 972 533 1044; x_wconf 82' lang='lat' dir='ltr'>facto,</span> <span class='ocrx_word' id='word_1_46' title='bbox 550 990 687 1050; x_wconf 88' lang='lat' dir='ltr'>suppono</span> <span class='ocrx_word' id='word_1_47' title='bbox 703 972 759 1031; x_wconf 93' lang='lat' dir='ltr'>hoc</span> <span class='ocrx_word' id='word_1_48' title='bbox 774 983 915 1049; x_wconf 82' lang='lat' dir='ltr'>tanquam</span> <span class='ocrx_word' id='word_1_49' title='bbox 933 974 1082 1051; x_wconf 87' lang='lat' dir='ltr'>possibile,</span> <span class='ocrx_word' id='word_1_50' title='bbox 1097 974 1122 1033; x_wconf 88' lang='lat' dir='ltr'>si</span> 
     </span>
     <span class='ocr_line' id='line_1_7' title="bbox 63 1067 1121 1148; baseline 0 -18"><span class='ocrx_word' id='word_1_51' title='bbox 63 1067 148 1130; x_wconf 84' lang='lat' dir='ltr'>Deus</span> <span class='ocrx_word' id='word_1_52' title='bbox 172 1069 293 1129; x_wconf 85' lang='lat' dir='ltr'>voluerit</span> <span class='ocrx_word' id='word_1_53' title='bbox 300 1087 309 1142; x_wconf 90' lang='lat'>;</span> <span class='ocrx_word' id='word_1_54' title='bbox 342 1070 394 1131; x_wconf 91' lang='lat' dir='ltr'>sed</span> <span class='ocrx_word' id='word_1_55' title='bbox 419 1071 487 1148; x_wconf 91' lang='lat' dir='ltr'>quia</span> <span class='ocrx_word' id='word_1_56' title='bbox 511 1087 573 1130; x_wconf 91' lang='lat' dir='ltr'>non</span> <span class='ocrx_word' id='word_1_57' title='bbox 598 1069 685 1141; x_wconf 75' lang='lat' dir='ltr'>scio&#39;,</span> <span class='ocrx_word' id='word_1_58' title='bbox 710 1070 791 1148; x_wconf 92' lang='lat' dir='ltr'>quod</span> <span class='ocrx_word' id='word_1_59' title='bbox 812 1069 895 1131; x_wconf 89' lang='lat' dir='ltr'>Deus</span> <span class='ocrx_word' id='word_1_60' title='bbox 920 1071 1121 1131; x_wconf 85' lang='lat' dir='ltr'>determinavit</span> 
     </span>
     <span class='ocr_line' id='line_1_8' title="bbox 63 1168 1122 1245; baseline 0.002 -19"><span class='ocrx_word' id='word_1_61' title='bbox 63 1168 244 1244; x_wconf 88' lang='lat' dir='ltr'>oppositum,</span> <span class='ocrx_word' id='word_1_62' title='bbox 257 1177 287 1227; x_wconf 93' lang='lat' dir='ltr'>et</span> <span class='ocrx_word' id='word_1_63' title='bbox 301 1169 363 1227; x_wconf 90' lang='lat' dir='ltr'>scio</span> <span class='ocrx_word' id='word_1_64' title='bbox 381 1168 464 1244; x_wconf 93' lang='lat' dir='ltr'>quod</span> <span class='ocrx_word' id='word_1_65' title='bbox 482 1168 573 1227; x_wconf 90' lang='lat' dir='ltr'>multa</span> <span class='ocrx_word' id='word_1_66' title='bbox 587 1181 656 1229; x_wconf 92' lang='lat' dir='ltr'>sunt</span> <span class='ocrx_word' id='word_1_67' title='bbox 675 1169 711 1228; x_wconf 90' lang='lat' dir='ltr'>de</span> <span class='ocrx_word' id='word_1_68' title='bbox 732 1169 820 1240; x_wconf 83' lang='lat' dir='ltr'>sacto,</span> <span class='ocrx_word' id='word_1_69' title='bbox 839 1186 965 1245; x_wconf 89' lang='lat' dir='ltr'>quorum</span> <span class='ocrx_word' id='word_1_70' title='bbox 984 1170 1074 1229; x_wconf 89' lang='lat' dir='ltr'>dubia</span> <span class='ocrx_word' id='word_1_71' title='bbox 1093 1180 1122 1228; x_wconf 95' lang='lat' dir='ltr'>et</span> 
     </span>
     <span class='ocr_line' id='line_1_9' title="bbox 63 1265 1120 1343; baseline 0.003 -20"><span class='ocrx_word' id='word_1_72' title='bbox 63 1265 224 1333; x_wconf 75' lang='lat' dir='ltr'>aentendas</span> <span class='ocrx_word' id='word_1_73' title='bbox 247 1266 426 1342; x_wconf 82' lang='lat' dir='ltr'>ignoramus,</span> <span class='ocrx_word' id='word_1_74' title='bbox 448 1265 574 1325; x_wconf 91' lang='lat' dir='ltr'>ideone</span> <span class='ocrx_word' id='word_1_75' title='bbox 598 1284 754 1343; x_wconf 81' lang='lat' dir='ltr'>evagemur</span> <span class='ocrx_word' id='word_1_76' title='bbox 779 1266 924 1343; x_wconf 88' lang='lat' dir='ltr'>superflue</span> <span class='ocrx_word' id='word_1_77' title='bbox 946 1269 977 1327; x_wconf 92' lang='lat' dir='ltr'>in</span> <span class='ocrx_word' id='word_1_78' title='bbox 1000 1268 1120 1340; x_wconf 88' lang='lat' dir='ltr'>incerto,</span> 
     </span>
     <span class='ocr_line' id='line_1_10' title="bbox 62 1361 1121 1442; baseline 0.003 -21"><span class='ocrx_word' id='word_1_79' title='bbox 62 1361 168 1421; x_wconf 85' lang='lat' dir='ltr'>vellem</span> <span class='ocrx_word' id='word_1_80' title='bbox 181 1362 263 1440; x_wconf 93' lang='lat' dir='ltr'>quod</span> <span class='ocrx_word' id='word_1_81' title='bbox 278 1373 467 1423; x_wconf 86' lang='lat' dir='ltr'>tractaremus</span> <span class='ocrx_word' id='word_1_82' title='bbox 481 1364 517 1423; x_wconf 91' lang='lat' dir='ltr'>de</span> <span class='ocrx_word' id='word_1_83' title='bbox 532 1364 649 1424; x_wconf 87' lang='lat' dir='ltr'>veritate</span> <span class='ocrx_word' id='word_1_84' title='bbox 669 1365 799 1442; x_wconf 91' lang='lat' dir='ltr'>possibili</span> <span class='ocrx_word' id='word_1_85' title='bbox 817 1383 893 1441; x_wconf 91' lang='lat' dir='ltr'>quae</span> <span class='ocrx_word' id='word_1_86' title='bbox 913 1377 957 1424; x_wconf 88' lang='lat' dir='ltr'>est</span> <span class='ocrx_word' id='word_1_87' title='bbox 977 1366 1014 1425; x_wconf 94' lang='lat' dir='ltr'>de</span> <span class='ocrx_word' id='word_1_88' title='bbox 1034 1365 1121 1437; x_wconf 81' lang='lat' dir='ltr'>sacto,</span> 
     </span>
     <span class='ocr_line' id='line_1_11' title="bbox 62 1459 1122 1538; baseline 0.001 -17"><span class='ocrx_word' id='word_1_89' title='bbox 62 1477 134 1521; x_wconf 88' lang='lat' dir='ltr'>cum</span> <span class='ocrx_word' id='word_1_90' title='bbox 153 1459 259 1520; x_wconf 86' lang='lat' dir='ltr'>multas</span> <span class='ocrx_word' id='word_1_91' title='bbox 280 1461 352 1522; x_wconf 88' lang='lat' dir='ltr'>tales</span> <span class='ocrx_word' id='word_1_92' title='bbox 373 1460 552 1537; x_wconf 90' lang='lat' dir='ltr'>culpabiliter</span> <span class='ocrx_word' id='word_1_93' title='bbox 572 1462 750 1538; x_wconf 81' lang='lat' dir='ltr'>ignoramus.</span> <span class='ocrx_word' id='word_1_94' title='bbox 792 1461 907 1522; x_wconf 91' lang='lat' dir='ltr'>Veritas</span> <span class='ocrx_word' id='word_1_95' title='bbox 927 1463 1007 1522; x_wconf 87' lang='lat' dir='ltr'>enirn</span> <span class='ocrx_word' id='word_1_96' title='bbox 1027 1464 1122 1538; x_wconf 89' lang='lat' dir='ltr'>magis</span> 
     </span>
     <span class='ocr_line' id='line_1_12' title="bbox 62 1559 1122 1637; baseline -0.001 -16"><span class='ocrx_word' id='word_1_97' title='bbox 62 1560 215 1621; x_wconf 80' lang='lat' dir='ltr'>fractuosa</span> <span class='ocrx_word' id='word_1_98' title='bbox 235 1559 354 1618; x_wconf 88' lang='lat' dir='ltr'>deberet</span> <span class='ocrx_word' id='word_1_99' title='bbox 373 1561 469 1636; x_wconf 90' lang='lat' dir='ltr'>primo</span> <span class='ocrx_word' id='word_1_100' title='bbox 490 1561 641 1636; x_wconf 87' lang='lat' dir='ltr'>cognosci,</span> <span class='ocrx_word' id='word_1_101' title='bbox 662 1571 691 1618; x_wconf 90' lang='lat' dir='ltr'>et</span> <span class='ocrx_word' id='word_1_102' title='bbox 712 1559 873 1637; x_wconf 89' lang='lat' dir='ltr'>specialiter</span> <span class='ocrx_word' id='word_1_103' title='bbox 894 1560 1004 1631; x_wconf 92' lang='lat' dir='ltr'>dubito,</span> <span class='ocrx_word' id='word_1_104' title='bbox 1025 1569 1122 1620; x_wconf 92' lang='lat' dir='ltr'>utrum</span> 
     </span>
     <span class='ocr_line' id='line_1_13' title="bbox 62 1656 1121 1736; baseline -0.001 -17"><span class='ocrx_word' id='word_1_105' title='bbox 62 1656 174 1719; x_wconf 78' lang='lat' dir='ltr'>uuum’</span> <span class='ocrx_word' id='word_1_106' title='bbox 194 1658 294 1718; x_wconf 87' lang='lat' dir='ltr'>fictum</span> <span class='ocrx_word' id='word_1_107' title='bbox 314 1658 351 1718; x_wconf 88' lang='lat' dir='ltr'>sit</span> <span class='ocrx_word' id='word_1_108' title='bbox 371 1657 519 1735; x_wconf 90' lang='lat' dir='ltr'>possibile,</span> <span class='ocrx_word' id='word_1_109' title='bbox 540 1659 586 1717; x_wconf 92' lang='lat' dir='ltr'>vel</span> <span class='ocrx_word' id='word_1_110' title='bbox 606 1657 689 1717; x_wconf 92' lang='lat' dir='ltr'>Deus</span> <span class='ocrx_word' id='word_1_111' title='bbox 709 1658 910 1717; x_wconf 89' lang='lat' dir='ltr'>determinavit</span> <span class='ocrx_word' id='word_1_112' title='bbox 934 1660 1121 1736; x_wconf 81' lang='lat' dir='ltr'>oppositum3</span> 
     </span>
     <span class='ocr_line' id='line_1_14' title="bbox 62 1755 1122 1834; baseline -0.002 -17"><span class='ocrx_word' id='word_1_113' title='bbox 62 1756 134 1817; x_wconf 88' lang='lat' dir='ltr'>ideo</span> <span class='ocrx_word' id='word_1_114' title='bbox 147 1767 273 1834; x_wconf 83' lang='lat' dir='ltr'>expecto</span> <span class='ocrx_word' id='word_1_115' title='bbox 287 1757 432 1816; x_wconf 89' lang='lat' dir='ltr'>rationem</span> <span class='ocrx_word' id='word_1_116' title='bbox 446 1756 477 1816; x_wconf 94' lang='lat' dir='ltr'>in</span> <span class='ocrx_word' id='word_1_117' title='bbox 491 1755 604 1828; x_wconf 84' lang='lat' dir='ltr'>talibus,</span> <span class='ocrx_word' id='word_1_118' title='bbox 618 1773 677 1833; x_wconf 90' lang='lat' dir='ltr'>qua</span> <span class='ocrx_word' id='word_1_119' title='bbox 691 1757 862 1833; x_wconf 86' lang='lat' dir='ltr'>probaretur</span> <span class='ocrx_word' id='word_1_120' title='bbox 876 1755 933 1817; x_wconf 91' lang='lat' dir='ltr'>hoc</span> <span class='ocrx_word' id='word_1_121' title='bbox 951 1773 1016 1816; x_wconf 88' lang='lat' dir='ltr'>esse</span> <span class='ocrx_word' id='word_1_122' title='bbox 1030 1755 1122 1833; x_wconf 90' lang='lat' dir='ltr'>possi·</span> 
     </span>
     <span class='ocr_line' id='line_1_15' title="bbox 61 1853 323 1915; baseline -0.011 0"><span class='ocrx_word' id='word_1_123' title='bbox 61 1853 122 1915; x_wconf 92' lang='lat' dir='ltr'>bile</span> <span class='ocrx_word' id='word_1_124' title='bbox 138 1854 199 1913; x_wconf 88' lang='lat' dir='ltr'>sive</span> <span class='ocrx_word' id='word_1_125' title='bbox 213 1871 323 1912; x_wconf 88' lang='lat' dir='ltr'>verum.</span> 
     </span>
    </p>

    <p class='ocr_par' dir='ltr' id='par_1_3' title="bbox 62 1950 1123 2522">
     <span class='ocr_line' id='line_1_16' title="bbox 105 1950 1122 2028; baseline -0.002 -16"><span class='ocrx_word' id='word_1_126' title='bbox 105 1951 242 2012; x_wconf 80' lang='lat' dir='ltr'>Pseustr‘s.</span> <span class='ocrx_word' id='word_1_127' title='bbox 285 1950 460 2024; x_wconf 88' lang='lat' dir='ltr'>Considero,</span> <span class='ocrx_word' id='word_1_128' title='bbox 482 1953 563 2028; x_wconf 93' lang='lat' dir='ltr'>quod</span> <span class='ocrx_word' id='word_1_129' title='bbox 583 1952 638 2013; x_wconf 79' lang='lat' dir='ltr'>ad⁴</span> <span class='ocrx_word' id='word_1_130' title='bbox 658 1951 820 2012; x_wconf 86' lang='lat' dir='ltr'>tollendum</span> <span class='ocrx_word' id='word_1_131' title='bbox 839 1951 1021 2012; x_wconf 89' lang='lat' dir='ltr'>difficultates</span> <span class='ocrx_word' id='word_1_132' title='bbox 1040 1969 1122 2011; x_wconf 92' lang='lat' dir='ltr'>com·</span> 
     </span>
     <span class='ocr_line' id='line_1_17' title="bbox 63 2043 1123 2127; baseline -0.004 -15"><span class='ocrx_word' id='word_1_133' title='bbox 63 2068 180 2121; x_wconf 86' lang='lat' dir='ltr'>munes,</span> <span class='ocrx_word' id='word_1_134' title='bbox 208 2049 299 2110; x_wconf 89' lang='lat' dir='ltr'>multa</span> <span class='ocrx_word' id='word_1_135' title='bbox 326 2043 423 2109; x_wconf 84' lang='lat' dir='ltr'>media</span> <span class='ocrx_word' id='word_1_136' title='bbox 456 2050 582 2110; x_wconf 89' lang='lat' dir='ltr'>subdola</span> <span class='ocrx_word' id='word_1_137' title='bbox 612 2049 806 2124; x_wconf 90' lang='lat' dir='ltr'>machinaris;</span> <span class='ocrx_word' id='word_1_138' title='bbox 842 2050 895 2111; x_wconf 90' lang='lat' dir='ltr'>sed</span> <span class='ocrx_word' id='word_1_139' title='bbox 927 2060 977 2110; x_wconf 90' lang='lat' dir='ltr'>tua</span> <span class='ocrx_word' id='word_1_140' title='bbox 1004 2050 1123 2127; x_wconf 88' lang='lat' dir='ltr'>propria</span> 
     </span>
     <span class='ocr_line' id='line_1_18' title="bbox 63 2147 1118 2224; baseline -0.005 -13"><span class='ocrx_word' id='word_1_141' title='bbox 63 2149 208 2212; x_wconf 86' lang='lat' dir='ltr'>sententia</span> <span class='ocrx_word' id='word_1_142' title='bbox 221 2158 250 2208; x_wconf 89' lang='lat' dir='ltr'>tc</span> <span class='ocrx_word' id='word_1_143' title='bbox 271 2147 429 2219; x_wconf 87' lang='lat' dir='ltr'>damnabit,</span> <span class='ocrx_word' id='word_1_144' title='bbox 444 2166 512 2207; x_wconf 91' lang='lat' dir='ltr'>cum</span> <span class='ocrx_word' id='word_1_145' title='bbox 532 2148 605 2208; x_wconf 91' lang='lat' dir='ltr'>dicis</span> <span class='ocrx_word' id='word_1_146' title='bbox 623 2167 660 2207; x_wconf 86' lang='lat' dir='ltr'>ex</span> <span class='ocrx_word' id='word_1_147' title='bbox 679 2148 859 2208; x_wconf 86' lang='lat' dir='ltr'>habundanti</span> <span class='ocrx_word' id='word_1_148' title='bbox 878 2147 991 2207; x_wconf 90' lang='lat' dir='ltr'>cautela</span> <span class='ocrx_word' id='word_1_149' title='bbox 1004 2158 1032 2209; x_wconf 90' lang='lat' dir='ltr'>te</span> <span class='ocrx_word' id='word_1_150' title='bbox 1047 2165 1118 2224; x_wconf 88' lang='lat' dir='ltr'>sup-</span> 
     </span>
     <span class='ocr_line' id='line_1_19' title="bbox 62 2245 1123 2326; baseline 0 -20"><span class='ocrx_word' id='word_1_151' title='bbox 62 2264 176 2326; x_wconf 88' lang='lat' dir='ltr'>ponere</span> <span class='ocrx_word' id='word_1_152' title='bbox 190 2247 230 2305; x_wconf 88' lang='lat' dir='ltr'>ita</span> <span class='ocrx_word' id='word_1_153' title='bbox 244 2263 325 2319; x_wconf 89' lang='lat' dir='ltr'>esse;</span> <span class='ocrx_word' id='word_1_154' title='bbox 346 2245 416 2304; x_wconf 91' lang='lat' dir='ltr'>nihil</span> <span class='ocrx_word' id='word_1_155' title='bbox 429 2255 527 2304; x_wconf 89' lang='lat' dir='ltr'>autem</span> <span class='ocrx_word' id='word_1_156' title='bbox 541 2257 586 2306; x_wconf 87' lang='lat' dir='ltr'>est</span> <span class='ocrx_word' id='word_1_157' title='bbox 605 2246 832 2323; x_wconf 90' lang='lat' dir='ltr'>supponendum</span> <span class='ocrx_word' id='word_1_158' title='bbox 854 2247 910 2305; x_wconf 89' lang='lat' dir='ltr'>nisi</span> <span class='ocrx_word' id='word_1_159' title='bbox 930 2246 1078 2324; x_wconf 89' lang='lat' dir='ltr'>possibile,</span> <span class='ocrx_word' id='word_1_160' title='bbox 1094 2256 1123 2306; x_wconf 90' lang='lat' dir='ltr'>et</span> 
     </span>
     <span class='ocr_line' id='line_1_20' title="bbox 62 2331 1123 2423; baseline -0.002 -17"><span class='ocrx_word' id='word_1_161' title='bbox 62 2344 130 2406; x_wconf 81' lang='lat' dir='ltr'>in0⁶</span> <span class='ocrx_word' id='word_1_162' title='bbox 153 2331 284 2422; x_wconf 81' lang='lat' dir='ltr'>possibili</span> <span class='ocrx_word' id='word_1_163' title='bbox 305 2345 403 2422; x_wconf 87' lang='lat' dir='ltr'>posito</span> <span class='ocrx_word' id='word_1_164' title='bbox 427 2353 457 2403; x_wconf 87' lang='lat' dir='ltr'>ct</span> <span class='ocrx_word' id='word_1_165' title='bbox 481 2343 620 2415; x_wconf 89' lang='lat' dir='ltr'>admisso,</span> <span class='ocrx_word' id='word_1_166' title='bbox 645 2355 709 2404; x_wconf 65' lang='lat' dir='ltr'>stat,</span> <span class='ocrx_word' id='word_1_167' title='bbox 724 2343 878 2405; x_wconf 86' lang='lat' dir='ltr'>difficultas</span> <span class='ocrx_word' id='word_1_168' title='bbox 905 2345 1019 2423; x_wconf 90' lang='lat' dir='ltr'>integra</span> <span class='ocrx_word' id='word_1_169' title='bbox 1048 2344 1123 2405; x_wconf 87' lang='lat' dir='ltr'>sicut</span> 
     </span>
     <span class='ocr_line' id='line_1_21' title="bbox 63 2443 171 2522; baseline -0.019 -19"><span class='ocrx_word' id='word_1_170' title='bbox 63 2443 171 2522; x_wconf 91' lang='lat' dir='ltr'>primo.</span> 
     </span>
    </p>

    <p class='ocr_par' dir='ltr' id='par_1_4' title="bbox 63 2547 1123 3900">
     <span class='ocr_line' id='line_1_22' title="bbox 106 2547 1123 2609; baseline -0.001 -1"><span class='ocrx_word' id='word_1_171' title='bbox 106 2547 269 2608; x_wconf 71' lang='lat' dir='ltr'>Phrenesis.</span> <span class='ocrx_word' id='word_1_172' title='bbox 312 2547 384 2608; x_wconf 90' lang='lat' dir='ltr'>Non</span> <span class='ocrx_word' id='word_1_173' title='bbox 405 2548 507 2608; x_wconf 91' lang='lat' dir='ltr'>laboro</span> <span class='ocrx_word' id='word_1_174' title='bbox 529 2549 605 2609; x_wconf 87' lang='lat' dir='ltr'>circa</span> <span class='ocrx_word' id='word_1_175' title='bbox 625 2547 802 2606; x_wconf 89' lang='lat' dir='ltr'>ablationem</span> <span class='ocrx_word' id='word_1_176' title='bbox 824 2547 1027 2606; x_wconf 89' lang='lat' dir='ltr'>communium</span> <span class='ocrx_word' id='word_1_177' title='bbox 1048 2547 1123 2607; x_wconf 83' lang='lat' dir='ltr'>diffi-</span> 
     </span>
     <span class='ocr_line' id='line_1_23' title="bbox 63 2646 1122 2724; baseline -0.004 -16"><span class='ocrx_word' id='word_1_178' title='bbox 63 2646 205 2708; x_wconf 87' lang='lat' dir='ltr'>cultatum</span> <span class='ocrx_word' id='word_1_179' title='bbox 231 2658 319 2724; x_wconf 88' lang='lat' dir='ltr'>atque</span> <span class='ocrx_word' id='word_1_180' title='bbox 343 2648 464 2718; x_wconf 89' lang='lat' dir='ltr'>utilium,</span> <span class='ocrx_word' id='word_1_181' title='bbox 487 2648 540 2708; x_wconf 86' lang='lat' dir='ltr'>sed</span> <span class='ocrx_word' id='word_1_182' title='bbox 560 2647 663 2706; x_wconf 91' lang='lat' dir='ltr'>vellem</span> <span class='ocrx_word' id='word_1_183' title='bbox 687 2646 808 2705; x_wconf 89' lang='lat' dir='ltr'>libenter</span> <span class='ocrx_word' id='word_1_184' title='bbox 831 2646 1013 2705; x_wconf 79' lang='lat' dir='ltr'>abbreviare⁸</span> <span class='ocrx_word' id='word_1_185' title='bbox 1033 2664 1122 2722; x_wconf 91' lang='lat' dir='ltr'>vaga-</span> 
     </span>
     <span class='ocr_line' id='line_1_24' title="bbox 63 2743 1121 2822; baseline -0.001 -17"><span class='ocrx_word' id='word_1_186' title='bbox 63 2745 178 2805; x_wconf 88' lang='lat' dir='ltr'>tionem</span> <span class='ocrx_word' id='word_1_187' title='bbox 196 2744 414 2817; x_wconf 83' lang='lat' dir='ltr'>infructuosam,</span> <span class='ocrx_word' id='word_1_188' title='bbox 429 2756 459 2804; x_wconf 90' lang='lat' dir='ltr'>et</span> <span class='ocrx_word' id='word_1_189' title='bbox 478 2746 584 2822; x_wconf 84' lang='lat' dir='ltr'>eligere</span> <span class='ocrx_word' id='word_1_190' title='bbox 598 2743 780 2804; x_wconf 89' lang='lat' dir='ltr'>difficultates</span> <span class='ocrx_word' id='word_1_191' title='bbox 800 2743 865 2820; x_wconf 90' lang='lat' dir='ltr'>plus</span> <span class='ocrx_word' id='word_1_192' title='bbox 885 2744 970 2803; x_wconf 91' lang='lat' dir='ltr'>utiles</span> <span class='ocrx_word' id='word_1_193' title='bbox 990 2744 1029 2804; x_wconf 90' lang='lat' dir='ltr'>ad</span> <span class='ocrx_word' id='word_1_194' title='bbox 1048 2754 1121 2804; x_wconf 89' lang='lat' dir='ltr'>trac·</span> 
     </span>
     <span class='ocr_line' id='line_1_25' title="bbox 63 2842 1121 2920; baseline -0.004 -15"><span class='ocrx_word' id='word_1_195' title='bbox 63 2844 199 2905; x_wconf 87' lang='lat' dir='ltr'>tandum.</span> <span class='ocrx_word' id='word_1_196' title='bbox 239 2843 278 2903; x_wconf 92' lang='lat' dir='ltr'>Et</span> <span class='ocrx_word' id='word_1_197' title='bbox 291 2844 349 2903; x_wconf 90' lang='lat' dir='ltr'>hoc</span> <span class='ocrx_word' id='word_1_198' title='bbox 364 2844 506 2903; x_wconf 89' lang='lat' dir='ltr'>debemus</span> <span class='ocrx_word' id='word_1_199' title='bbox 520 2843 623 2914; x_wconf 84' lang='lat' dir='ltr'>facere,</span> <span class='ocrx_word' id='word_1_200' title='bbox 637 2853 669 2901; x_wconf 92' lang='lat' dir='ltr'>ut</span> <span class='ocrx_word' id='word_1_201' title='bbox 684 2842 760 2901; x_wconf 90' lang='lat' dir='ltr'>clare</span> <span class='ocrx_word' id='word_1_202' title='bbox 774 2842 904 2919; x_wconf 91' lang='lat' dir='ltr'>sequitur</span> <span class='ocrx_word' id='word_1_203' title='bbox 918 2861 955 2900; x_wconf 86' lang='lat' dir='ltr'>ex</span> <span class='ocrx_word' id='word_1_204' title='bbox 972 2842 1121 2920; x_wconf 92' lang='lat' dir='ltr'>principiis</span> 
     </span>
     <span class='ocr_line' id='line_1_26' title="bbox 64 2939 1120 3021; baseline -0.001 -20"><span class='ocrx_word' id='word_1_205' title='bbox 64 2961 120 3021; x_wconf 91' lang='lat' dir='ltr'>per</span> <span class='ocrx_word' id='word_1_206' title='bbox 134 2960 165 3002; x_wconf 87' lang='lat' dir='ltr'>se</span> <span class='ocrx_word' id='word_1_207' title='bbox 179 2943 265 3002; x_wconf 88' lang='lat' dir='ltr'>notis.</span> <span class='ocrx_word' id='word_1_208' title='bbox 307 2941 372 3001; x_wconf 91' lang='lat' dir='ltr'>Nec</span> <span class='ocrx_word' id='word_1_209' title='bbox 387 2942 455 3013; x_wconf 84' lang='lat' dir='ltr'>dixi,</span> <span class='ocrx_word' id='word_1_210' title='bbox 470 2941 568 3019; x_wconf 67' lang='lat' dir='ltr'>quod⁷</span> <span class='ocrx_word' id='word_1_211' title='bbox 581 2940 639 3000; x_wconf 91' lang='lat' dir='ltr'>hoc</span> <span class='ocrx_word' id='word_1_212' title='bbox 653 2939 740 2999; x_wconf 90' lang='lat' dir='ltr'>debet</span> <span class='ocrx_word' id='word_1_213' title='bbox 753 2941 881 3016; x_wconf 90' lang='lat' dir='ltr'>supponi</span> <span class='ocrx_word' id='word_1_214' title='bbox 898 2952 1037 3017; x_wconf 87' lang='lat' dir='ltr'>tanquam</span> <span class='ocrx_word' id='word_1_215' title='bbox 1052 2958 1120 3016; x_wconf 86' lang='lat' dir='ltr'>pos·</span> 
     </span>
     <span class='ocr_line' id='line_1_27' title="bbox 65 3037 1117 3116; baseline -0.005 -15"><span class='ocrx_word' id='word_1_216' title='bbox 65 3040 149 3101; x_wconf 82' lang='lat' dir='ltr'>sibile</span> <span class='ocrx_word' id='word_1_217' title='bbox 163 3050 192 3100; x_wconf 91' lang='lat' dir='ltr'>et</span> <span class='ocrx_word' id='word_1_218' title='bbox 206 3040 325 3111; x_wconf 90' lang='lat' dir='ltr'>admitti,</span> <span class='ocrx_word' id='word_1_219' title='bbox 338 3040 390 3100; x_wconf 91' lang='lat' dir='ltr'>sed</span> <span class='ocrx_word' id='word_1_220' title='bbox 404 3040 464 3100; x_wconf 78' lang='lat' dir='ltr'>dixi</span> <span class='ocrx_word' id='word_1_221' title='bbox 478 3039 560 3116; x_wconf 93' lang='lat' dir='ltr'>quod</span> <span class='ocrx_word' id='word_1_222' title='bbox 573 3038 631 3099; x_wconf 90' lang='lat' dir='ltr'>hoc</span> <span class='ocrx_word' id='word_1_223' title='bbox 646 3037 732 3097; x_wconf 88' lang='lat' dir='ltr'>debet</span> <span class='ocrx_word' id='word_1_224' title='bbox 746 3039 875 3114; x_wconf 89' lang='lat' dir='ltr'>supponi</span> <span class='ocrx_word' id='word_1_225' title='bbox 889 3055 955 3097; x_wconf 88' lang='lat' dir='ltr'>esse</span> <span class='ocrx_word' id='word_1_226' title='bbox 969 3038 1117 3115; x_wconf 90' lang='lat' dir='ltr'>possibile,</span> 
     </span>
     <span class='ocr_line' id='line_1_28' title="bbox 65 3134 1120 3216; baseline -0.004 -18"><span class='ocrx_word' id='word_1_227' title='bbox 65 3136 172 3198; x_wconf 89' lang='lat' dir='ltr'>siDeo</span> <span class='ocrx_word' id='word_1_228' title='bbox 193 3137 340 3216; x_wconf 83' lang='lat' dir='ltr'>placuerit,</span> <span class='ocrx_word' id='word_1_229' title='bbox 362 3138 445 3216; x_wconf 88' lang='lat' dir='ltr'>cujus</span> <span class='ocrx_word' id='word_1_230' title='bbox 465 3138 639 3213; x_wconf 88' lang='lat' dir='ltr'>probatione</span> <span class='ocrx_word' id='word_1_231' title='bbox 659 3136 765 3206; x_wconf 90' lang='lat' dir='ltr'>habita,</span> <span class='ocrx_word' id='word_1_232' title='bbox 781 3134 849 3194; x_wconf 93' lang='lat' dir='ltr'>volo</span> <span class='ocrx_word' id='word_1_233' title='bbox 870 3134 940 3194; x_wconf 92' lang='lat' dir='ltr'>illud</span> <span class='ocrx_word' id='word_1_234' title='bbox 960 3135 1120 3206; x_wconf 89' lang='lat' dir='ltr'>admittere,</span> 
     </span>
     <span class='ocr_line' id='line_1_29' title="bbox 65 3231 1120 3312; baseline -0.003 -18"><span class='ocrx_word' id='word_1_235' title='bbox 65 3246 96 3295; x_wconf 90' lang='lat' dir='ltr'>et</span> <span class='ocrx_word' id='word_1_236' title='bbox 122 3235 312 3312; x_wconf 88' lang='lat' dir='ltr'>postmodum</span> <span class='ocrx_word' id='word_1_237' title='bbox 337 3235 495 3311; x_wconf 86' lang='lat' dir='ltr'>procedere</span> <span class='ocrx_word' id='word_1_238' title='bbox 519 3235 549 3292; x_wconf 91' lang='lat' dir='ltr'>in</span> <span class='ocrx_word' id='word_1_239' title='bbox 573 3243 634 3293; x_wconf 90' lang='lat' dir='ltr'>arte</span> <span class='ocrx_word' id='word_1_240' title='bbox 658 3232 839 3309; x_wconf 85' lang='lat' dir='ltr'>obligatoria,</span> <span class='ocrx_word' id='word_1_241' title='bbox 863 3231 893 3290; x_wconf 91' lang='lat' dir='ltr'>in</span> <span class='ocrx_word' id='word_1_242' title='bbox 918 3249 977 3307; x_wconf 89' lang='lat' dir='ltr'>qua</span> <span class='ocrx_word' id='word_1_243' title='bbox 1001 3232 1120 3307; x_wconf 86' lang='lat' dir='ltr'>gaudes.</span> 
     </span>
     <span class='ocr_line' id='line_1_30' title="bbox 67 3329 1122 3412; baseline -0.005 -19"><span class='ocrx_word' id='word_1_244' title='bbox 67 3332 128 3393; x_wconf 92' lang='lat' dir='ltr'>Sed</span> <span class='ocrx_word' id='word_1_245' title='bbox 142 3334 271 3405; x_wconf 87' lang='lat' dir='ltr'>aestimo,</span> <span class='ocrx_word' id='word_1_246' title='bbox 287 3333 368 3412; x_wconf 93' lang='lat' dir='ltr'>quod</span> <span class='ocrx_word' id='word_1_247' title='bbox 382 3334 477 3392; x_wconf 90' lang='lat' dir='ltr'>nescis</span> <span class='ocrx_word' id='word_1_248' title='bbox 491 3333 614 3408; x_wconf 86' lang='lat' dir='ltr'>probare</span> <span class='ocrx_word' id='word_1_249' title='bbox 633 3332 691 3390; x_wconf 91' lang='lat' dir='ltr'>hoc</span> <span class='ocrx_word' id='word_1_250' title='bbox 711 3349 774 3390; x_wconf 89' lang='lat' dir='ltr'>esse</span> <span class='ocrx_word' id='word_1_251' title='bbox 794 3349 812 3389; x_wconf 89' lang='lat' dir='ltr'>a</span> <span class='ocrx_word' id='word_1_252' title='bbox 825 3329 892 3388; x_wconf 91' lang='lat' dir='ltr'>Deo</span> <span class='ocrx_word' id='word_1_253' title='bbox 906 3329 1021 3388; x_wconf 91' lang='lat' dir='ltr'>volibile</span> <span class='ocrx_word' id='word_1_254' title='bbox 1034 3339 1064 3387; x_wconf 88' lang='lat' dir='ltr'>et</span> <span class='ocrx_word' id='word_1_255' title='bbox 1080 3329 1122 3388; x_wconf 89' lang='lat' dir='ltr'>sic</span> 
     </span>
     <span class='ocr_line' id='line_1_31' title="bbox 65 3427 1120 3510; baseline -0.006 -19"><span class='ocrx_word' id='word_1_256' title='bbox 65 3431 214 3510; x_wconf 85' lang='lat' dir='ltr'>possibile.</span> <span class='ocrx_word' id='word_1_257' title='bbox 256 3431 295 3490; x_wconf 86' lang='lat' dir='ltr'>Et</span> <span class='ocrx_word' id='word_1_258' title='bbox 315 3433 339 3491; x_wconf 93' lang='lat' dir='ltr'>si</span> <span class='ocrx_word' id='word_1_259' title='bbox 360 3430 456 3508; x_wconf 86' lang='lat' dir='ltr'>tingis,</span> <span class='ocrx_word' id='word_1_260' title='bbox 477 3430 558 3508; x_wconf 92' lang='lat' dir='ltr'>quod</span> <span class='ocrx_word' id='word_1_261' title='bbox 579 3429 711 3505; x_wconf 82' lang='lat' dir='ltr'>sophista</span> <span class='ocrx_word' id='word_1_262' title='bbox 733 3428 763 3487; x_wconf 94' lang='lat' dir='ltr'>in</span> <span class='ocrx_word' id='word_1_263' title='bbox 787 3437 848 3486; x_wconf 89' lang='lat' dir='ltr'>arte</span> <span class='ocrx_word' id='word_1_264' title='bbox 873 3427 1045 3502; x_wconf 89' lang='lat' dir='ltr'>obligatoria</span> <span class='ocrx_word' id='word_1_265' title='bbox 1065 3427 1120 3486; x_wconf 90' lang='lat' dir='ltr'>scit</span> 
     </span>
     <span class='ocr_line' id='line_1_32' title="bbox 65 3524 1123 3611; baseline -0.006 -22"><span class='ocrx_word' id='word_1_266' title='bbox 65 3529 126 3590; x_wconf 90' lang='lat' dir='ltr'>boc</span> <span class='ocrx_word' id='word_1_267' title='bbox 150 3529 306 3590; x_wconf 86' lang='lat' dir='ltr'>defendere</span> <span class='ocrx_word' id='word_1_268' title='bbox 331 3540 470 3606; x_wconf 88' lang='lat' dir='ltr'>tanquam</span> <span class='ocrx_word' id='word_1_269' title='bbox 494 3528 642 3607; x_wconf 89' lang='lat' dir='ltr'>possibile,</span> <span class='ocrx_word' id='word_1_270' title='bbox 671 3527 783 3595; x_wconf 89' lang='lat' dir='ltr'>dicitur,</span> <span class='ocrx_word' id='word_1_271' title='bbox 808 3524 889 3611; x_wconf 83' lang='lat' dir='ltr'>qpod</span> <span class='ocrx_word' id='word_1_272' title='bbox 917 3542 1022 3585; x_wconf 88' lang='lat' dir='ltr'>omnes</span> <span class='ocrx_word' id='word_1_273' title='bbox 1051 3525 1123 3583; x_wconf 88' lang='lat' dir='ltr'>tales</span> 
     </span>
     <span class='ocr_line' id='line_1_33' title="bbox 66 3621 1122 3703; baseline -0.008 -15"><span class='ocrx_word' id='word_1_274' title='bbox 66 3627 198 3703; x_wconf 85' lang='lat' dir='ltr'>argutiae</span> <span class='ocrx_word' id='word_1_275' title='bbox 220 3636 289 3686; x_wconf 89' lang='lat' dir='ltr'>sunt</span> <span class='ocrx_word' id='word_1_276' title='bbox 311 3626 438 3697; x_wconf 80' lang='lat' dir='ltr'>frivolae,</span> <span class='ocrx_word' id='word_1_277' title='bbox 460 3644 495 3685; x_wconf 90' lang='lat' dir='ltr'>ac</span> <span class='ocrx_word' id='word_1_278' title='bbox 520 3626 544 3684; x_wconf 93' lang='lat' dir='ltr'>si</span> <span class='ocrx_word' id='word_1_279' title='bbox 569 3624 700 3700; x_wconf 88' lang='lat' dir='ltr'>sophista</span> <span class='ocrx_word' id='word_1_280' title='bbox 723 3623 760 3682; x_wconf 94' lang='lat' dir='ltr'>de</span> <span class='ocrx_word' id='word_1_281' title='bbox 781 3622 925 3681; x_wconf 88' lang='lat' dir='ltr'>evidentia</span> <span class='ocrx_word' id='word_1_282' title='bbox 947 3621 1122 3698; x_wconf 88' lang='lat' dir='ltr'>desperaret.</span> 
     </span>
     <span class='ocr_line' id='line_1_34' title="bbox 67 3720 1123 3802; baseline -0.007 -18"><span class='ocrx_word' id='word_1_283' title='bbox 67 3724 118 3792; x_wconf 83' lang='lat' dir='ltr'>Sic</span> <span class='ocrx_word' id='word_1_284' title='bbox 138 3725 218 3785; x_wconf 88' lang='lat' dir='ltr'>enim</span> <span class='ocrx_word' id='word_1_285' title='bbox 239 3733 340 3800; x_wconf 89' lang='lat' dir='ltr'>posset</span> <span class='ocrx_word' id='word_1_286' title='bbox 361 3726 435 3802; x_wconf 88' lang='lat' dir='ltr'>capi,</span> <span class='ocrx_word' id='word_1_287' title='bbox 458 3724 539 3801; x_wconf 91' lang='lat' dir='ltr'>quod</span> <span class='ocrx_word' id='word_1_288' title='bbox 560 3723 650 3782; x_wconf 89' lang='lat' dir='ltr'>homo</span> <span class='ocrx_word' id='word_1_289' title='bbox 672 3731 715 3781; x_wconf 91' lang='lat' dir='ltr'>est</span> <span class='ocrx_word' id='word_1_290' title='bbox 741 3721 839 3780; x_wconf 90' lang='lat' dir='ltr'>asinus</span> <span class='ocrx_word' id='word_1_291' title='bbox 860 3720 905 3780; x_wconf 90' lang='lat' dir='ltr'>vel</span> <span class='ocrx_word' id='word_1_292' title='bbox 926 3722 1123 3797; x_wconf 90' lang='lat' dir='ltr'>quodcunque</span> 
     </span>
     <span class='ocr_line' id='line_1_35' title="bbox 66 3818 1123 3900; baseline -0.004 -19"><span class='ocrx_word' id='word_1_293' title='bbox 66 3841 120 3900; x_wconf 92' lang='lat' dir='ltr'>per</span> <span class='ocrx_word' id='word_1_294' title='bbox 141 3840 173 3882; x_wconf 86' lang='lat' dir='ltr'>se</span> <span class='ocrx_word' id='word_1_295' title='bbox 193 3834 298 3882; x_wconf 90' lang='lat' dir='ltr'>notum</span> <span class='ocrx_word' id='word_1_296' title='bbox 318 3822 507 3900; x_wconf 90' lang='lat' dir='ltr'>impossibile,</span> <span class='ocrx_word' id='word_1_297' title='bbox 528 3832 557 3880; x_wconf 93' lang='lat' dir='ltr'>et</span> <span class='ocrx_word' id='word_1_298' title='bbox 578 3818 702 3881; x_wconf 82' lang='lat' dir='ltr'>assumi⁸</span> <span class='ocrx_word' id='word_1_299' title='bbox 724 3819 878 3896; x_wconf 90' lang='lat' dir='ltr'>posterius,</span> <span class='ocrx_word' id='word_1_300' title='bbox 900 3818 980 3895; x_wconf 94' lang='lat' dir='ltr'>quod</span> <span class='ocrx_word' id='word_1_301' title='bbox 1008 3819 1038 3877; x_wconf 91' lang='lat' dir='ltr'>in</span> <span class='ocrx_word' id='word_1_302' title='bbox 1063 3828 1123 3877; x_wconf 88' lang='lat' dir='ltr'>arte</span> 
     </span>
    </p>
   </div>
   <div class='ocr_carea' id='block_1_3' title="bbox 65 3988 1165 4258">
    <p class='ocr_par' dir='ltr' id='par_1_5' title="bbox 65 3988 1165 4258">
     <span class='ocr_line' id='line_1_36' title="bbox 103 3988 1124 4059; baseline -0.008 -15"><span class='ocrx_word' id='word_1_303' title='bbox 103 3993 112 4024; x_wconf 89' lang='lat'>¹</span> <span class='ocrx_word' id='word_1_304' title='bbox 128 3993 192 4059; x_wconf 90' lang='lat' dir='ltr'>non]</span> <span class='ocrx_word' id='word_1_305' title='bbox 204 4009 254 4044; x_wconf 89' lang='lat' dir='ltr'>om.</span> <span class='ocrx_word' id='word_1_306' title='bbox 267 3992 296 4042; x_wconf 89' lang='lat' dir='ltr'>B.</span> <span class='ocrx_word' id='word_1_307' title='bbox 307 3992 429 4045; x_wconf 74' lang='lat' dir='ltr'>secumdae</span> <span class='ocrx_word' id='word_1_308' title='bbox 440 4009 535 4048; x_wconf 87' lang='lat' dir='ltr'>manus,</span> <span class='ocrx_word' id='word_1_309' title='bbox 548 3993 577 4042; x_wconf 88' lang='lat' dir='ltr'>C.</span> <span class='ocrx_word' id='word_1_310' title='bbox 590 3992 691 4058; x_wconf 86' lang='lat' dir='ltr'>primae.</span> <span class='ocrx_word' id='word_1_311' title='bbox 795 3990 804 4019; x_wconf 83' lang='lat'><strong>¹</strong></span> <span class='ocrx_word' id='word_1_312' title='bbox 818 4005 869 4040; x_wconf 88' lang='lat' dir='ltr'>non</span> <span class='ocrx_word' id='word_1_313' title='bbox 880 3988 945 4052; x_wconf 88' lang='lat' dir='ltr'>scio]</span> <span class='ocrx_word' id='word_1_314' title='bbox 957 3988 1048 4044; x_wconf 88' lang='lat' dir='ltr'>nescio,</span> <span class='ocrx_word' id='word_1_315' title='bbox 1061 3988 1124 4038; x_wconf 62' lang='grc' dir='ltr'>ΛΕ.</span> 
     </span>
     <span class='ocr_line' id='line_1_37' title="bbox 65 4054 1165 4124; baseline -0.007 -14"><span class='ocrx_word' id='word_1_316' title='bbox 65 4061 75 4092; x_wconf 79' lang='lat'><strong>³</strong></span> <span class='ocrx_word' id='word_1_317' title='bbox 92 4075 170 4110; x_wconf 88' lang='lat' dir='ltr'>uuum</span> <span class='ocrx_word' id='word_1_318' title='bbox 194 4075 245 4121; x_wconf 88' lang='lat' dir='ltr'>om.</span> <span class='ocrx_word' id='word_1_319' title='bbox 258 4059 291 4108; x_wconf 89' lang='lat' dir='ltr'>D.</span> <span class='ocrx_word' id='word_1_320' title='bbox 373 4057 383 4088; x_wconf 81' lang='lat'><strong>⁴</strong></span> <span class='ocrx_word' id='word_1_321' title='bbox 398 4059 442 4124; x_wconf 84' lang='lat' dir='ltr'>ad]</span> <span class='ocrx_word' id='word_1_322' title='bbox 454 4074 504 4109; x_wconf 88' lang='lat' dir='ltr'>om.</span> <span class='ocrx_word' id='word_1_323' title='bbox 514 4059 553 4108; x_wconf 87' lang='lat' dir='ltr'>ed.</span> <span class='ocrx_word' id='word_1_324' title='bbox 565 4074 602 4122; x_wconf 90' lang='lat' dir='ltr'>pr.</span> <span class='ocrx_word' id='word_1_325' title='bbox 690 4056 700 4086; x_wconf 75' lang='lat'>³</span> <span class='ocrx_word' id='word_1_326' title='bbox 715 4055 771 4120; x_wconf 92' lang='lat' dir='ltr'>illo]</span> <span class='ocrx_word' id='word_1_327' title='bbox 784 4054 828 4112; x_wconf 89' lang='lat' dir='ltr'>illi,</span> <span class='ocrx_word' id='word_1_328' title='bbox 840 4055 878 4104; x_wconf 87' lang='lat' dir='ltr'>ed.</span> <span class='ocrx_word' id='word_1_329' title='bbox 891 4069 928 4119; x_wconf 89' lang='lat' dir='ltr'>pr.</span> <span class='ocrx_word' id='word_1_330' title='bbox 1010 4054 1020 4082; x_wconf 83' lang='lat'>⁸</span> <span class='ocrx_word' id='word_1_331' title='bbox 1035 4054 1123 4103; x_wconf 86' lang='lat' dir='ltr'>abbre·</span> <span class='ocrx_word' id='word_1_332' title='bbox 1156 4086 1165 4095; x_wconf 79' lang='lat'>-</span> 
     </span>
     <span class='ocr_line' id='line_1_38' title="bbox 67 4117 1125 4189; baseline -0.006 -14"><span class='ocrx_word' id='word_1_333' title='bbox 67 4124 148 4189; x_wconf 81' lang='lat' dir='ltr'>viare]</span> <span class='ocrx_word' id='word_1_334' title='bbox 187 4125 275 4183; x_wconf 60' lang='lat' dir='ltr'>&#39;esiam</span> <span class='ocrx_word' id='word_1_335' title='bbox 288 4125 321 4174; x_wconf 87' lang='lat' dir='ltr'>D.</span> <span class='ocrx_word' id='word_1_336' title='bbox 517 4123 527 4151; x_wconf 76' lang='lat'>²</span> <span class='ocrx_word' id='word_1_337' title='bbox 543 4123 622 4188; x_wconf 92' lang='lat' dir='ltr'>quod]</span> <span class='ocrx_word' id='word_1_338' title='bbox 635 4122 702 4186; x_wconf 91' lang='lat' dir='ltr'>quod</span> <span class='ocrx_word' id='word_1_339' title='bbox 713 4121 762 4170; x_wconf 90' lang='lat' dir='ltr'>hoc</span> <span class='ocrx_word' id='word_1_340' title='bbox 772 4121 830 4176; x_wconf 88' lang='lat' dir='ltr'>dixi,</span> <span class='ocrx_word' id='word_1_341' title='bbox 842 4119 917 4184; x_wconf 89' lang='lat' dir='ltr'>quod,</span> <span class='ocrx_word' id='word_1_342' title='bbox 929 4117 967 4168; x_wconf 87' lang='lat' dir='ltr'>ed.</span> <span class='ocrx_word' id='word_1_343' title='bbox 979 4134 1016 4184; x_wconf 89' lang='lat' dir='ltr'>pr.</span> <span class='ocrx_word' id='word_1_344' title='bbox 1028 4134 1083 4169; x_wconf 87' lang='lat' dir='ltr'>cum</span> <span class='ocrx_word' id='word_1_345' title='bbox 1096 4119 1125 4169; x_wconf 90' lang='lat' dir='ltr'>B.</span> 
     </span>
     <span class='ocr_line' id='line_1_39' title="bbox 67 4184 1049 4258; baseline -0.008 -16"><span class='ocrx_word' id='word_1_346' title='bbox 67 4191 168 4258; x_wconf 79' lang='lat' dir='ltr'>primae</span> <span class='ocrx_word' id='word_1_347' title='bbox 179 4204 274 4254; x_wconf 55' lang='lat' dir='ltr'>manus</span> <span class='ocrx_word' id='word_1_348' title='bbox 373 4191 382 4221; x_wconf 84' lang='lat'>⁸</span> <span class='ocrx_word' id='word_1_349' title='bbox 399 4197 424 4240; x_wconf 87' lang='lat' dir='ltr'>et</span> <span class='ocrx_word' id='word_1_350' title='bbox 437 4189 540 4254; x_wconf 82' lang='lat' dir='ltr'>assumi]</span> <span class='ocrx_word' id='word_1_351' title='bbox 552 4205 609 4240; x_wconf 88' lang='lat' dir='ltr'>cum</span> <span class='ocrx_word' id='word_1_352' title='bbox 621 4187 732 4245; x_wconf 84' lang='lat' dir='ltr'>assumis,</span> <span class='ocrx_word' id='word_1_353' title='bbox 744 4186 836 4237; x_wconf 82' lang='lat' dir='ltr'>A.B.C.</span> <span class='ocrx_word' id='word_1_354' title='bbox 848 4184 943 4250; x_wconf 87' lang='lat' dir='ltr'>primae</span> <span class='ocrx_word' id='word_1_355' title='bbox 954 4200 1049 4235; x_wconf 86' lang='lat' dir='ltr'>manus.</span> 
     </span>
    </p>
   </div>
   <div class='ocr_carea' id='block_1_4' title="bbox 0 0 1445 4836">
    <p class='ocr_par' dir='ltr' id='par_1_6' title="bbox 0 0 1445 4836">
     <span class='ocr_line' id='line_1_40' title="bbox 0 0 1445 4836; baseline 0 0"><span class='ocrx_word' id='word_1_356' title='bbox 0 0 1445 4836; x_wconf 95' lang='lat' dir='ltr'> </span> 
     </span>
    </p>
   </div>
  </div>
 </body>
</html>
