2864 4836
486 341 941 404 raorncorrrrrn.
1248 360 1289 426 29

138 504 279 575 bandum,
308 514 421 564 ceteros
449 523 554 564 omnes
582 506 794 583 improbandos
826 523 891 565 esse
922 507 1124 566 censebamus.
1179 503 1218 563 Et
1244 506 1289 564 in·

138 627 236 686 genue
251 610 433 680 confitemur,
449 629 517 669 cum
535 611 617 670 initio
637 622 696 673 tres
717 613 835 672 codices
849 610 886 671 A.
902 611 936 672 B.
950 610 984 671 C.
1000 609 1132 671 conferre
1152 611 1289 682 licuisset,

138 734 196 775 nos
210 716 360 793 permultis
374 716 404 776 in
418 717 500 788 locis,
515 718 621 794 quibus
635 718 730 777 nullus
743 718 859 778 illorum
874 728 986 795 aparte
1000 717 1135 777 editionis
1148 717 1289 795 principis

139 833 236 893 staret,
261 822 348 901 hujus
375 824 532 884 lectionem
559 825 779 902 improbavisse,
804 843 904 884 verum
931 834 1088 903 postquam
1116 824 1225 885 codicis
1250 824 1287 884 D.

139 928 311 989 conserendi
336 931 422 1008 copia
446 930 522 990 iacta
549 940 635 1003 esset,
660 931 816 990 lectionem
839 940 987 1008 receptam
1012 928 1055 1010 (ut
1078 931 1119 990 ita
1143 929 1288 1009 dicamus)

138 1035 228 1112 hujus
254 1035 318 1094 libri
346 1037 515 1096 auctoritate
544 1036 747 1098 confirmatam
773 1037 939 1098 restituisse.
980 1037 1073 1114 Igitur
1097 1055 1165 1098 cum
1192 1038 1290 1116 primo
1397 1053 1398 1056 ’

138 1153 199 1202 tres
219 1143 318 1213 libros,
332 1142 442 1221 aliquot
462 1144 612 1203 mensibus
632 1153 700 1220 post
720 1162 812 1203 unum
833 1145 939 1204 librum
959 1143 1166 1215 conferremus,
1180 1143 1291 1203 sactum

139 1259 193 1319 est,
208 1259 240 1307 ut
260 1248 297 1308 de
319 1251 456 1309 omnibus
477 1251 557 1320 locis,
573 1268 697 1327 quorum
718 1245 804 1312 lectio
826 1251 914 1311 dubia
933 1251 1083 1324 videretur,
1101 1253 1147 1310 bis
1168 1251 1291 1311 deliber·

139 1356 260 1426 andum,
285 1354 330 1414 bis
352 1355 545 1433 judicandum
570 1367 654 1417 esset
696 1356 766 1430 Qua
790 1376 821 1417 re
846 1358 1020 1418 sententiam
1043 1376 1062 1417 a
1089 1359 1175 1417 nobis
1202 1358 1291 1417 latam

140 1462 328 1520 maturiorem
356 1463 482 1521 evasisse
512 1463 677 1539 opinamur.
733 1463 872 1524 Ceterum
900 1464 961 1524 fieri
992 1482 1054 1523 non
1087 1465 1189 1540 potuit,
1219 1464 1290 1540 quin

140 1568 290 1626 nonnullis
320 1569 351 1626 in
379 1568 451 1627 locis
479 1568 619 1628 dubitatio
648 1571 864 1649 relinqueretur,
894 1581 959 1630 utra
982 1570 1072 1630 *lectio
1099 1569 1291 1647 praeferenda

140 1683 227 1731 esset.
269 1671 368 1731 Nihilo
389 1674 486 1733 minus
506 1692 553 1734 res
575 1676 760 1736 decernenda
780 1677 841 1737 suit.
884 1675 943 1736 Sed
964 1677 1030 1753 quis
1050 1685 1094 1736 est
1114 1675 1288 1747 mortalium,

141 1782 192 1858 qui
220 1781 300 1840 nullo
327 1782 358 1841 in
385 1784 474 1841 verbo
502 1784 656 1843 erraverit?
712 1782 848 1843 Ceterum
881 1793 913 1842 ut
944 1784 1048 1859 cuique
1075 1782 1176 1842 lectori
1203 1783 1289 1859 copia

141 1892 336 1969 praeberetur,
366 1909 420 1949 suo
449 1890 567 1950 arbitrio
592 1891 751 1968 judicandi,
776 1909 852 1969 quae
877 1892 963 1951 lectio
986 1892 1114 1968 genuina
1137 1891 1288 1961 videretur,

141 1999 173 2058 in
207 1999 445 2058 annotationibus
476 2000 599 2058 breviter
633 2000 753 2075 quidem
787 2000 840 2059 sed
872 2000 1024 2076 diligenter
1054 2000 1288 2076 significavimus,

140 2108 263 2184 quinam
288 2107 406 2166 codices
427 2106 583 2167 lectionem
603 2109 711 2167 variam
736 2108 913 2168 exhiberent.
955 2107 1030 2181 Quis
1050 2126 1119 2166 vero
1139 2108 1211 2167 liber
1230 2107 1289 2168 lec·

141 2215 253 2272 tionem
281 2232 299 2272 a
326 2214 412 2272 nobis
440 2215 632 2291 approbatam
660 2224 794 2286 tueretur,
822 2216 984 2292 exprimere
1011 2233 1078 2274 eam
1105 2215 1147 2273 ob
1171 2231 1290 2274 causam

141 2319 321 2397 superfluum
336 2319 492 2392 videbatur,
508 2321 597 2397 quod,
612 2339 680 2379 cum
701 2322 819 2381 nonnisi
837 2334 961 2399 quatuor
980 2322 1019 2380 illi
1040 2332 1127 2382 testes
1148 2329 1289 2391 extarent,

141 2425 173 2483 in
194 2436 313 2502 promtu
333 2434 417 2496 esset,
440 2427 560 2500 quinam
581 2425 644 2485 libri
666 2436 779 2503 praeter
799 2426 917 2486 codices
938 2428 969 2485 in
989 2428 1179 2486 annotatione
1200 2426 1290 2504 signi·

141 2531 245 2591 ficatos
265 2532 501 2609 relinquerentur.

183 2637 244 2696 Ubi
270 2640 425 2697 verborum
453 2639 542 2698 series
569 2648 599 2697 et
626 2640 796 2698 consecutio
824 2639 880 2698 alia
904 2640 934 2698 in
957 2640 1035 2699 libris
1059 2656 1150 2698 manu
1177 2639 1291 2717 scriptis

142 2745 199 2805 alia
230 2746 260 2803 in
289 2745 417 2804 editione
447 2746 579 2823 principe
611 2746 816 2818 inveniebatur,
845 2747 1015 2824 plerumque
1048 2746 1120 2805 nihil
1147 2757 1291 2807 armotan·

142 2855 215 2916 dum
242 2872 307 2914 esse
333 2854 477 2925 duximus,
503 2854 558 2913 nisi
586 2853 660 2913 forte
688 2855 831 2914 sententia
858 2855 923 2931 ipsa
949 2853 1159 2932 aliquantulum
1186 2853 1291 2914 mutari

141 2961 294 3020 videretur.

183 3067 300 3127 Praeter
313 3067 517 3126 annotationes
531 3084 611 3126 mere
622 3068 735 3127 criticas
745 3068 867 3128 lectores
877 3068 1012 3129 brevibus
1022 3068 1100 3128 notis
1109 3068 1292 3146 adjuvandos

143 3192 210 3236 esse
234 3175 379 3244 duximus,
400 3174 449 3232 ubi
474 3184 524 3233 aut
547 3192 635 3233 voces
664 3175 809 3252 quaedam
837 3175 959 3235 rariores
983 3185 1012 3235 et
1037 3174 1180 3235 sermonis
1205 3176 1291 3235 scho-

143 3282 237 3343 lastici
256 3281 391 3358 propriae
412 3282 593 3353 usitarcntur,
615 3291 664 3340 aut
681 3283 850 3360 conjunctio
863 3285 1027 3350 ¹verborum
1046 3282 1189 3342 difficilior
1205 3292 1293 3361 atque

143 3368 260 3449 insolita
272 3399 358 3460 esset,
373 3398 421 3447 aut
436 3389 592 3466 scriptores
606 3389 725 3465 quidam
738 3389 932 3450 laudarentur.

186 3495 362 3572 Lagentium
376 3495 441 3554 usui
460 3504 492 3553 ut
511 3496 724 3566 inserviremus,
742 3496 974 3573 quotiescunque
993 3493 1201 3554 sententiarum
1216 3512 1293 3553 nova

144 3604 235 3663 series
253 3601 391 3679 explicari
411 3602 558 3678 inciperet,
574 3602 730 3661 discrimen
749 3600 867 3679 aliquod
881 3601 973 3661 oculis
992 3602 1185 3678 conspicuum
1203 3610 1292 3660 statu·

143 3709 256 3769 endum
269 3726 333 3768 esse
348 3695 492 3768 duximus.

188 3814 235 3874 De
259 3817 365 3874 ratione
387 3815 581 3874 vocabulorum
609 3815 640 3872 in
666 3815 842 3875 editionibus
863 3815 967 3874 criticis
994 3815 1197 3873 rcrr'bendorum
1220 3814 1294 3873 inter

144 3922 224 3981 viros
238 3920 342 3980 doctos
357 3932 473 3981 nostrae
488 3922 590 3981 aetatis
609 3939 671 3980 non
690 3922 813 3981 omnino
833 3932 955 3981 constat.
999 3921 1072 3979 Sunt
1091 3921 1140 3996 qui
1154 3920 1293 3978 librorum

144 4045 237 4088 manu
260 4038 445 4087 exaratorum
469 4029 657 4105 scriptionem
682 4046 771 4105 quam
791 4028 1005 4087 accuratissime
1029 4026 1241 4086 observandam
1265 4036 1295 4084 et

143 4134 335 4212 repetendam
345 4153 410 4193 esse
422 4135 560 4212 judicent.
605 4133 663 4194 Sed
676 4145 708 4194 ut
723 4146 889 4194 nostrorum
903 4132 1038 4193 codicum
1053 4133 1293 4193 consuetudinem

145 4243 230 4320 quasi
257 4242 352 4319 legem
380 4254 409 4300 et
437 4260 572 4301 normam
600 4242 745 4302 scribendi
772 4241 953 4312 haberemus,
981 4259 1000 4303 a
1026 4242 1112 4300 nobis
1140 4241 1293 4319 impetrare
