2864 4836
80 396 146 481 41⁶
488 394 745 475 sosarnus
783 396 1016 461 tvrcrrr
1213 418 1283 457 ω..

224 558 522 620 nseuneectess
541 534 1279 636 nqumrtannom'etacnonueffi

225 654 461 734 malignantium¹
474 654 521 715 vel
533 654 571 717 de
584 655 708 717 ecclesia
721 655 795 716 taire
806 665 995 735 nuncupata,

36 772 185 889 ΜΕ
270 748 1279 832 TertbvideturmihiquodquoscunquepraelatosCaesureosul

79 860 193 1009 mit:

36 855 73 890 bur

36 904 75 931 non

35 944 71 971 run

35 1024 59 1052 uc

224 853 256 911 in
269 851 327 911 fide
341 851 499 929 scriptume
511 853 627 913 notorie
645 850 847 929 delinquentes
865 852 1020 913 debemus
1038 870 1110 913 uon
1126 868 1278 931 suppone

225 968 291 1011 esse
310 950 444 1009 membra
462 958 582 1011 sauctae
605 950 707 1011 matris
728 950 880 1011 ecclesiae.
922 948 1031 1013 Probo
1056 952 1120 1013 sic:
1150 950 1278 1011 debemus

224 1048 263 1108 de
282 1048 354 1124 ipsis
373 1046 549 1124 aliqualiter·
565 1047 706 1125 judicare,
726 1058 758 1107 et
775 1048 883 1125 loquor
905 1047 947 1107 dc
971 1056 1042 1109 tota
1066 1048 1197 1111 eccksia
1215 1046 1279 1107 mli·

224 1155 304 1207 tante
331 1154 451 1223 propter
473 1146 556 1223 ipsos
579 1146 741 1206 secundum
764 1144 891 1222 aliquam
914 1146 965 1205 sui
988 1156 1133 1223 partem
1163 1156 1200 1207 et-
1218 1156 1278 1207 orus

224 1252 305 1321 patet
331 1242 498 1315 assertum,
525 1260 595 1303 cum
622 1242 754 1303 Christus
779 1242 915 1303 mandat⁴
943 1242 1061 1305 Mottlr.
1085 1245 1146 1319 vii,
1169 1245 1279 1305 ‘aues

224 1341 283 1401 dite
310 1359 329 1400 a
355 1340 435 1401 falsis
462 1341 699 1419 prophetismi
724 1341 845 1401 veniunt
872 1340 910 1400 ad
937 1358 994 1401 vos
1022 1342 1060 1401 in
1089 1340 1278 1403 varinnis·

224 1440 331 1510 ovium,
350 1438 523 1500 intrinsecus
540 1448 640 1499 autem
659 1448 728 1499 arnt
743 1437 806 1515 lupi
822 1456 962 1515 rapacem
983 1456 1004 1497 a
1021 1438 1175 1501 fiuctibus
1186 1456 1278 1499 corun

223 1536 410 1613 cognoscetis
426 1533 498 1597 eos'
538 1534 579 1597 Et
599 1536 637 1598 dc
654 1537 726 1597 isto·
743 1536 855 1615 judicio
874 1535 999 1597 mandat
1016 1534 1162 1599 Christus
1176 1536 1279 1617 John·

224 1635 271 1693 nis
289 1633 372 1705 rial,
396 1634 440 1695 ‘si
466 1634 538 1695 mibi
564 1652 628 1694 non
654 1634 780 1706 creditis,
803 1634 941 1711 operibus
965 1634 1045 1693 meis
1074 1633 1207 1697 credite!
1249 1632 1278 1693 st

222 1732 309 1809 igitur
321 1731 449 1792 militans
469 1731 594 1793 ecclesia
605 1741 720 1793 tenetur
736 1730 869 1810 iudicare
889 1729 928 1790 de
946 1730 1095 1808 praelatis
1114 1742 1179 1793 tam
1197 1732 1278 1793 bouis

223 1848 312 1907 quam
326 1829 410 1889 malis
423 1828 503 1889 etde
517 1829 578 1891 suis
590 1830 727 1907 operibus
740 1828 941 1889 conformibus
952 1828 1002 1889 vel
1015 1828 1209 1891 difformrbus
1225 1829 1278 1907 legi

37 770 116 809 runnu

36 940 153 1053 eim..

224 1925 339 1999 Christi,
349 1926 462 1987 videtur
471 1926 553 2004 quod
563 1926 912 2005 depraelstispraedictis
921 1926 1094 1987 debetnon
1105 1944 1279 2007 supponere,

224 2023 305 2102 quod
318 2025 376 2085 sint
389 2026 522 2085 membra
535 2020 670 2085 sanctae⁸
682 2025 782 2085 matris
799 2022 957 2095 ecclesiam
985 2040 1050 2083 nou
1070 2026 1157 2085 cuim
1174 2042 1278 2103 suppo

224 2118 322 2182 neret⁹
345 2122 427 2201 quod
452 2124 511 2184 sint
530 2122 611 2195 tales,
632 2123 689 2183 nisi
712 2124 752 2183 ab
773 2120 918 2182 evidentia
936 2130 1027 2199 cepta
1046 2140 1088 2181 ex
1109 2139 1204 2201 opere
1221 2138 1278 2201 quo

224 2220 440 2297 sequerentur¹⁰
462 2221 626 2282 Dominum
648 2220 753 2300 Jesum
776 2220 932 2281 Christum.
977 2218 1041 2281 Sed
1063 2238 1133 2281 non
1156 2232 1203 2283 est
1223 2222 1279 2283 eri·

225 2319 324 2378 dentis
336 2318 480 2396 capienda
497 2338 536 2379 ex
554 2336 609 2380 suo
627 2336 727 2397 opere,
740 2318 823 2397 quod
840 2318 910 2379 dieti
928 2316 1051 2396 praelati
1068 2318 1133 2379 sint
1150 2320 1278 2379 membru

225 2426 343 2476 sanctae
365 2416 465 2476 matris
486 2416 642 2490 ecclesiae;
674 2434 748 2493 ergo
771 2432 834 2476 non
856 2414 957 2475 subest
979 2414 1019 2475 de
1042 2415 1103 2477 illis
1127 2418 1277 2489 cudentis,

226 2512 304 2573 unde
328 2513 461 2573 subditus
485 2512 572 2573 debet
595 2532 761 2592 supponere
786 2514 823 2573 de
848 2514 928 2590 ipsis,
950 2513 1035 2590 quod
1059 2515 1122 2579 sint
1148 2517 1279 2575 membra

227 2621 343 2672 sanctae
358 2612 458 2670 matn's
476 2612 626 2671 ecclesiae.
667 2611 739 2672 Non
757 2614 836 2671 enim
855 2610 1067 2672 demonstratio
1081 2613 1131 2672 vel
1144 2613 1276 2674 revelatio

226 2718 271 2768 est
285 2709 370 2768 nobis
385 2710 569 2785 expectanda
582 2710 612 2768 in
627 2710 681 2768 ista
693 2710 822 2781 materia,
836 2708 888 2768 sed
902 2708 1008 2769 sufficit
1025 2710 1116 2770 nobis
1135 2711 1277 2771 evidentis

227 2807 325 2882 topica
333 2826 341 2878 ;
363 2817 504 2866 ettamen
519 2825 587 2865 cum
601 2808 723 2867 omnino
737 2809 885 2884 privantur
903 2806 975 2866 tales
993 2807 1116 2883 praelati
1135 2808 1277 2868 evidentis

227 2905 379 2980 probabili,
390 2905 470 2979 quod
485 2905 542 2964 sint
556 2906 689 2964 membra
702 2916 820 2965 sanctae
834 2905 935 2964 matris
948 2904 1098 2975 ecclesiae.
1109 2905 1278 2984 relinquitur

99 3029 101 3034 ·
226 3001 307 3079 quod
321 3002 401 3078 apud
414 3002 570 3061 debentem
585 3002 621 3061 de
635 3002 726 3062 altero
742 3002 881 3079 judicare,
895 3002 977 3079 quod
994 3002 1188 3079 probabiliter
1204 3004 1277 3082 judi·

226 3117 292 3158 care
312 3099 426 3170 debeat,
447 3099 528 3176 quod
548 3116 610 3158 non
632 3100 690 3159 sint
711 3102 844 3160 membra
865 3110 983 3160 sanctoe
1003 3102 1107 3161 matris
1127 3102 1277 3162 ecclesiam

227 3197 327 3256 Multis
354 3198 474 3275 quidem
502 3216 539 3256 ex
563 3197 708 3258 evidentia
731 3199 800 3259 satis
823 3199 923 3275 topica
945 3198 1057 3258 videtur
1081 3199 1167 3276 quod
1191 3202 1276 3259 vitam

226 3296 303 3355 illam
317 3313 405 3372 quam
420 3295 597 3372 inceperunt,
613 3314 706 3373 usque
720 3298 759 3356 sd
773 3297 862 3356 finem
875 3297 950 3356 vitae
964 3314 1034 3356 suae
1050 3300 1276 3369 continuabunt,

224 3405 254 3454 et
278 3411 429 3471 nunquam
453 3392 491 3454 de
517 3394 596 3454 dicto
624 3412 722 3454 errore
746 3395 900 3455 efficaciter
922 3396 1102 3471 resipiscent,
1127 3415 1199 3456 cum
1226 3415 1277 3474 per

225 3492 303 3551 mille
317 3509 413 3551 annos
432 3491 477 3551 vel
496 3493 608 3551 circiter
626 3493 669 3552 sic
688 3493 792 3553 evenit
835 3492 867 3553 Si
884 3510 956 3570 ergo
975 3492 1172 3570 speculator¹¹
1191 3495 1275 3556 debet

225 3589 262 3648 de
283 3588 412 3666 periculo
433 3589 594 3666 providere,
616 3589 728 3650 videtur
748 3591 830 3668 quod
852 3591 985 3650 membra
1003 3591 1147 3653 ecclesiae
1167 3594 1274 3653 debent

225 3687 445 3763 perpetuitatem
462 3687 587 3747 malitiae
601 3688 632 3745 in
649 3687 755 3748 talibus
771 3688 944 3766 praepositis
961 3698 1104 3766 reputare
1149 3688 1183 3750 Si
1196 3692 1274 3751 euim

258 3833 267 3863 ¹
283 3831 315 3882 cf.
327 3832 367 3881 Ps.
378 3830 435 3882 lxiv.
447 3845 463 3896 3
474 3831 549 3897 Vulg.
654 3832 665 3863 ¹
680 3834 712 3884 dc
722 3833 782 3899 ipsis
792 3832 942 3899 aliqualiter]
955 3832 1094 3898 aliqualiter
1103 3834 1138 3885 ‹le
1148 3835 1219 3900 ipsis.
1229 3836 1273 3891 Ως

223 3897 314 3962 aliqua,
326 3898 358 3947 Α.
493 3897 651 3963 'amam
664 3906 826 3964 assumptum,
837 3900 920 3949 Aab
1051 3898 1194 3967 ‘mancho
1206 3917 1274 3951 msu-

223 3963 299 4018 davit.
311 3963 342 4013 C.
438 3962 449 3992 ⁸
464 3963 627 4029 vestimentis]
639 3964 737 4021 vestitu,
749 3964 779 4015 C.
881 3963 892 3994 ⁸
908 3963 970 4028 isto]
981 3963 1055 4022 iusto,
1067 3965 1133 4016 ΑΩ.
1144 3966 1169 4015 ln
1180 3967 1273 4032 primse

223 4043 320 4078 manus.
407 4025 539 4092 ’xlv.]iv.
552 4030 649 4086 A.a.b.;
665 4030 746 4087 nen
764 4028 982 4094 cf.Ev.Joh.xiv.
996 4042 1035 4079 rr.
1135 4029 1272 4096 ἐιικῖιε]

222 4107 273 4141 om.
285 4092 315 4143 C.
412 4092 423 4122 ⁰
439 4094 785 4211 ⁵¹¹PP⁰¹¹⁶¹²¹ss¹¹cssP⁰¹¹ib..0·
867 4096 887 4126 ¹⁰
902 4110 952 4160 quo
964 4095 1136 4160 sequerentur]
1147 4098 1273 4161 quomodo

222 4164 359 4221 sequentur.
372 4157 402 4208 C.
500 4158 519 4189 ¹¹
536 4158 567 4209 cl.
664 4175 765 4210 ‚xxxin
777 4173 799 4216 a.
810 4174 863 4225 sqq.
1199 4212 1203 4219 ,

1121 4262 1233 4307 chlalF
