2864 4836
501 432 755 515 JOANNIS
789 431 1006 494 WICLIF
1186 454 1266 492 uam.

228 600 348 676 gulosus
363 599 454 669 suerit,
469 599 647 674 quandoque
661 616 693 656 se
708 596 840 666 abstinet,
854 612 922 654 cum
936 612 999 653 non
1020 596 1131 672 poterit
1143 604 1267 673 perpetuo

228 697 414 757 manducare.
470 693 747 770 Etiam'contingit,
772 693 853 771 quod
881 702 950 770 post
976 710 1062 753 esum
1091 692 1270 771 improvidum

229 797 324 854 statim
346 814 377 853 se
398 795 541 853 abstineat
561 794 702 864 virtuose;
735 809 796 850 non
821 808 892 866 ergo
917 791 982 851 talis
1008 791 1188 851 abstinentia
1206 807 1270 867 quae

229 894 322 951 subito
344 903 440 969 potest
462 891 596 950 advenire
618 902 705 966 atque
727 889 871 960 recedere,
893 889 946 946 erit
967 889 1065 948 virtus.
1110 889 1150 949 Et
1170 908 1206 949 ex
1224 889 1271 947 isto

228 1001 316 1067 patet,
345 1009 412 1048 cum
440 990 531 1048 homo
560 999 655 1064 potest
680 988 829 1063 inopinate
853 986 894 1044 uti
919 987 1044 1058 cibariis,
1069 988 1156 1064 quod
1179 989 1273 1047 abusus

228 1106 330 1147 eorum
356 1106 416 1145 non
441 1099 484 1146 est
508 1087 608 1144 vitium
632 1086 726 1161 gulae,
750 1083 802 1144 sed
826 1084 972 1143 indebitus
993 1085 1152 1161 appetitus.
1203 1084 1274 1144 Esau

228 1186 306 1244 enim
331 1185 478 1244 commisit
501 1185 608 1260 grdam,
633 1182 837 1242 decoctionem
861 1181 981 1240 ruffam¹
1001 1180 1098 1258 Jacob
1124 1182 1217 1243 fratris
1236 1180 1274 1241 sni

228 1283 354 1342 indebite
377 1279 552 1358 appetendo,
575 1280 612 1340 de
635 1298 694 1357 quo
717 1279 793 1340 Gen.
816 1298 883 1339 xxa
933 1279 1015 1351 Ideo,
1038 1291 1072 1338 ut
1096 1281 1210 1341 dictum
1229 1288 1275 1348 eat,

228 1380 297 1457 gula
311 1399 372 1439 non
387 1397 485 1457 perse
505 1390 559 1438 stat
580 1380 610 1437 in
624 1378 770 1437 vescentia
789 1376 933 1454 culpabili,
948 1377 1014 1436 licet
1035 1388 1120 1437 actus
1142 1380 1208 1438 talis
1219 1395 1275 1437 ves·

229 1479 340 1536 centiae
355 1478 533 1555 quandoque
547 1489 653 1553 augeat
667 1476 845 1554 quandoque
860 1475 1018 1536 diminuat¹
1031 1478 1129 1552 ipsam
1146 1479 1251 1554 gulam

270 1573 339 1646 Quo
361 1575 398 1632 ad
420 1575 579 1635 secundam
601 1576 737 1652 speciem,
752 1592 828 1651 quae
850 1574 953 1634 dicitur
973 1575 1157 1648 moderantia,
1175 1575 1279 1636 videtur

229 1673 309 1751 quod
333 1673 427 1731 solum
453 1674 584 1732 consistit
605 1676 635 1732 in
656 1683 731 1743 actu,
753 1691 821 1732 cum
841 1683 940 1732 tamen
960 1673 1055 1732 virtuti
1075 1674 1113 1732 sit
1133 1674 1280 1751 proprium

230 1771 387 1831 consistere
401 1771 578 1848 quandoque
592 1772 622 1829 in
636 1771 743 1829 habitu.
787 1769 847 1829 Sed
861 1769 898 1829 de
912 1770 968 1828 isto
983 1771 1103 1848 objectu
1117 1773 1282 1840 considero,

229 1869 309 1945 quod
334 1869 521 1928 solummodo
546 1880 590 1927 est
614 1868 745 1940 verbalis,
770 1887 839 1928 cum
867 1869 1009 1944 contingit
1038 1868 1193 1928 hominem
1221 1886 1281 1929 esse

229 1968 412 2027 moderatum
438 1986 491 2044 pro
516 1977 658 2044 tempore,
682 1985 743 2044 quo
768 1983 829 2024 non
857 1976 902 2026 est
929 1967 960 2024 in
984 1967 1133 2026 vescendo
1162 1967 1282 2051 cibariis

230 2066 289 2125 Sed
317 2065 353 2123 de
382 2064 466 2123 tertia
493 2065 693 2124 nominatione
721 2064 831 2122 virtutis
857 2060 942 2140 gulae
974 2063 1130 2139 oppositae
1157 2064 1282 2123 maxime

229 2164 325 2241 placet
339 2162 417 2220 mihi.

270 2260 432 2318 Phrenesis.
476 2259 552 2319 Satis
567 2272 649 2319 acute
669 2260 787 2336 arguisti
807 2269 909 2319 contra
926 2259 1052 2336 primam
1066 2259 1198 2334 speciem
1212 2259 1284 2319 acsi

229 2358 358 2416 Pseustis
382 2357 512 2416 habitum
535 2358 688 2416 induisses.
739 2356 798 2416 Sed
822 2356 976 2416 considero
1000 2356 1081 2432 quod
1102 2359 1133 2415 in
1155 2358 1284 2417 secunda

229 2457 326 2532 specie
345 2455 453 2513 virtutis
472 2453 693 2530 particulariter³
712 2455 898 2525 contentatis,
913 2455 986 2513 etin
1004 2454 1087 2513 tertia
1099 2454 1171 2515 satis
1185 2455 1282 2531 plene,

229 2566 257 2613 et
272 2555 341 2612 satis
356 2563 400 2611 est
420 2553 500 2622 mihi,
521 2553 597 2628 quia,
615 2564 646 2610 ut
666 2552 725 2610 dixi
745 2552 869 2628 saepius,
884 2551 953 2611 nolo
972 2551 1002 2609 in
1021 2551 1076 2610 ista
1095 2553 1283 2611 contentione

229 2653 357 2711 indebita
371 2652 527 2710 immorari.

270 2748 405 2806 Pseustzi.
448 2748 544 2806 Video
564 2748 645 2823 quod
664 2766 786 2807 excusas
805 2757 833 2806 te
852 2747 961 2819 frivole,
976 2748 1096 2824 quando
1115 2749 1200 2808 times
1216 2768 1283 2809 acu-

231 2849 300 2905 tiem
328 2847 499 2921 argumenti.
549 2845 625 2916 Quis
653 2847 733 2904 enim
761 2846 873 2905 dubitat
900 2847 971 2922 quin
998 2847 1067 2922 gula
1094 2849 1227 2907 consistit
1255 2850 1283 2906 in

230 2944 334 3002 actuali
355 2945 447 3002 abusu
469 2944 667 3002 vescibilium?
707 2943 746 3003 Et
767 2962 819 3020 per
840 2961 1025 3019 consequens
1044 2946 1132 3003 virtus
1154 2946 1208 3004 sibi
1230 2964 1284 3022 op·

230 3038 340 3119 posita⁴
362 3041 492 3100 consistit
513 3042 543 3098 in
565 3058 619 3098 usu
644 3041 821 3100 vescibilium
843 3040 1018 3100 moderatol.
1060 3041 1187 3101 Etcum
1213 3061 1284 3102 con·

230 3142 307 3198 tinue
337 3141 372 3198 sit
399 3156 468 3197 usus
496 3139 577 3209 alius,
605 3139 717 3196 videtur
744 3139 825 3215 quod
852 3140 939 3197 virtus
966 3140 1052 3215 gulae
1081 3142 1227 3199 contraria
1254 3142 1283 3198 in

230 3239 415 3296 successione
445 3237 608 3306 consisted,
634 3247 663 3293 et
691 3236 781 3294 homo
810 3237 958 3294 abstinens
983 3236 1027 3294 vel
1050 3235 1199 3297 dormiens
1223 3257 1283 3297 non

230 3335 320 3394 soret?
343 3335 437 3393 taliter
460 3334 612 3403 virtuosus
634 3351 701 3392 curn
726 3331 809 3392 tunc⁸
831 3351 892 3391 non
917 3333 1005 3393 habet
1028 3351 1112 3392 usum
1138 3326 1293 3395 debitum⁹'

230 3433 328 3492 cibarii
349 3431 532 3503 assumendi3
555 3432 698 3507 quianon
713 3431 749 3488 ad
764 3442 877 3489 tantum
890 3430 1072 3501 infatuaris¹⁰‚
1087 3441 1118 3491 ut
1133 3432 1216 3493 dicas
1231 3435 1283 3493 ho-

229 3531 339 3587 minem
360 3531 401 3588 uti
423 3529 489 3586 cibo
511 3541 539 3588 et
561 3530 638 3599 vino,
654 3547 728 3604 quae
743 3530 773 3586 in
795 3529 916 3588 cellariis
930 3529 981 3587 tibi
1001 3530 1180 3589 absconditis
1195 3542 1283 3609 atque

230 3628 330 3686 seratis
345 3637 446 3684 contra
459 3638 541 3685 tuum
556 3628 693 3702 placitum
707 3626 901 3685 includuntur.
947 3625 1028 3685 Sicut
1042 3645 1113 3702 ergo
1127 3629 1196 3703 gula
1214 3649 1283 3689 con·

230 3725 302 3782 sistit
326 3725 355 3781 in
380 3733 446 3783 actu
468 3725 641 3794 successivo,
663 3725 703 3782 sic
725 3734 754 3783 et
775 3724 861 3782 virtus
883 3724 937 3783 sibi
959 3726 1103 3800 opposita.
1148 3725 1285 3785 Similiter

229 3821 340 3879 videtur
355 3820 434 3897 quod
448 3821 634 3897 blasphemas
654 3821 684 3879 in
699 3821 797 3879 Deum
812 3833 893 3880 tuum
910 3823 1019 3898 justum
1034 3831 1062 3881 et
1077 3823 1201 3893 bonum,
1217 3828 1285 3900 quia

263 3950 270 3978 ¹
288 3949 386 4013 milam]
399 3949 470 4004 offae,
481 3949 520 3998 ed.
533 3965 584 4014 pr.;
603 3950 866 3999 rulius=rubicundus¹
982 3950 992 3979 ¹
1008 3951 1141 4015 diminuat]
1154 3952 1284 4008 diminuet.

228 4014 266 4063 ed.
279 4031 330 4079 pr.;
347 4015 527 4070 et-diminuit,
544 4014 636 4065 nac,
801 4015 811 4043 ⁸
828 4015 1017 4079 particulariter]
1034 4017 1176 4081 partialiter,
1192 4019 1230 4067 ed.
1247 4036 1283 4083 pr.

228 4079 311 4143 tubi]
325 4096 374 4128 om.
388 4080 481 4128 Aba.
579 4080 589 4109 ⁵
605 4079 745 4143 moderato]
755 4080 888 4138 moderate,
897 4081 975 4131 C.ed.
987 4097 1025 4146 pr.
1123 4090 1132 4111 ⁶
1149 4084 1283 4146 consistat]

227 4144 490 4273 exitialiter.
503 4224 538 4273 „
579 4144 1096 4276 'f0ti,sit„tlbm.a;l¹¹⁰³
1109 4148 1283 4214 ⁰¹¹³·“¹·¹‘'·
