2864 4836
594 427 850 508 JOANNIS
884 427 1094 491 WICLIF
1287 453 1373 490 unu.

320 589 432 649 desinat
446 589 485 649 ad
498 590 697 667 inceptionem
707 591 752 650 vel
766 590 970 651 desinitionem
985 590 1074 667 partis
1088 607 1159 651 suae
1174 591 1371 650 substantialis

319 687 364 748 vel
390 687 584 749 accidentalis.
633 690 835 766 Aggregatum
862 687 965 749 etiam¹
989 698 1086 765 potest
1113 688 1254 748 denotare
1282 689 1370 748 talem

318 787 517 858 substantiam,
532 788 579 846 cui
592 788 668 846 inest
681 787 895 847 accidentaliter
908 786 965 847 tale
978 786 1115 847 accidens
1134 787 1324 864 assignatum,
1338 796 1371 846 ut

318 884 411 944 homo
436 885 519 944 albus
542 895 640 962 potest
660 886 757 945 vocari
781 895 884 945 natura
905 884 1042 957 hominis,
1066 895 1095 944 et
1115 902 1178 945 non
1200 884 1370 962 hujusmodi

318 993 516 1060 aggregatum.
562 982 600 1043 Et
621 984 715 1060 primo
742 983 898 1061 loquuntur
916 984 1078 1043 Antrones
1097 992 1126 1042 et
1146 983 1268 1042 Autroni
1288 1001 1370 1043 com·

319 1089 463 1140 mentator
481 1099 550 1140 suus
569 1082 771 1169 communiter.
817 1081 856 1141 Et
869 1082 900 1142 in
914 1081 961 1140 illa
975 1080 1173 1142 dissensione‘
1185 1081 1295 1140 verbali
1314 1091 1370 1141 stat

318 1189 369 1239 tua
388 1180 536 1256 replicatio
557 1181 619 1239 sine
640 1180 741 1239 fructu.
783 1178 832 1239 Ad
855 1182 965 1238 tertr’am
988 1189 1069 1239 tuam
1090 1179 1256 1240 instantiam
1281 1189 1369 1257 patet,

318 1277 400 1355 quod
414 1289 469 1338 stat
479 1280 627 1338 contentio
637 1279 668 1338 in
679 1277 917 1356 aequivocatione
932 1278 1110 1356 acceptionis
1124 1278 1235 1339 mundi.
1278 1277 1369 1338 Com·

318 1377 443 1436 muniter
463 1387 562 1437 tamen
583 1377 695 1446 dicitur,
717 1376 791 1436 sicut
811 1385 855 1436 est
876 1377 1014 1436 continue
1035 1375 1114 1436 idem
1134 1375 1226 1435 homo
1249 1385 1371 1454 propter

317 1475 458 1533 unitatem
472 1475 587 1534 animae
601 1485 630 1533 et
642 1475 783 1534 unitatem
797 1476 994 1534 membrorum
1009 1476 1258 1551 spermaticorum,
1270 1476 1312 1534 sic
1325 1486 1371 1534 est

318 1573 456 1632 continue
469 1573 548 1632 idem
562 1572 698 1644 mundus,
712 1583 830 1650 propter
843 1572 984 1632 unitatem
1002 1572 1156 1632 materialis
1174 1573 1325 1645 essentiae,
1341 1584 1370 1633 et

318 1671 458 1730 unitatem
471 1670 536 1742 Dei,
551 1671 601 1749 qui
615 1671 775 1730 secundum
790 1670 950 1749 quosdam³
963 1670 1067 1730 dicitur
1080 1671 1179 1730 anima
1192 1671 1304 1731 mundi.

143 1831 165 1858 ω
234 1790 285 1817 mm·
359 1768 397 1828 Et
410 1786 470 1847 quo
484 1769 522 1828 ad
535 1770 676 1828 unitatem
694 1768 805 1827 formae
819 1769 998 1840 intrinsecae,
1013 1785 1090 1845 quae
1107 1778 1152 1829 est
1169 1787 1237 1847 pars
1256 1770 1369 1842 muudi,

318 1877 362 1927 est
376 1867 519 1927 dissensio
535 1866 615 1943 apud
629 1867 753 1939 multos3
783 1877 815 1925 ut
828 1866 948 1943 quidam
967 1876 1126 1939 autumant,
1145 1868 1227 1945 quod
1247 1869 1370 1946 angelus

320 1975 364 2026 est
393 1983 462 2042 pars
490 1964 624 2024 coelestis
648 1965 778 2041 corporis
802 1974 889 2041 atque
913 1963 1031 2038 mundi,
1063 1965 1184 2041 quidam
1208 1976 1314 2038 antem,
1337 1977 1370 2026 ut

317 2063 468 2122 Avicenna
488 2062 582 2122 etalii
600 2063 785 2139 peripatetici,
799 2072 934 2139 putantes
953 2063 1033 2141 quod
1051 2063 1167 2124 coelum
1184 2074 1318 2125 movetur
1330 2083 1369 2125 ex

317 2179 358 2230 se,
380 2160 501 2223 credunt
523 2161 604 2237 quod
628 2160 743 2219 coelum
766 2159 854 2220 habet
876 2162 1005 2220 animam
1027 2162 1202 2235 sensitivam,
1222 2163 1270 2223 cui
1294 2164 1370 2224 inest

316 2258 403 2316 virtus
428 2258 621 2334 imaginativa,
645 2267 675 2318 et
694 2276 756 2317 non
784 2276 887 2318 sensus
911 2259 1116 2335 particularior.
1158 2259 1224 2320 Nec
1246 2261 1369 2334 mireris,

317 2354 469 2431 quomodo
490 2355 618 2415 mundus
638 2355 741 2416 dicitur
760 2375 853 2416 unum
873 2353 988 2433 corpus,
1003 2367 1032 2416 et
1051 2358 1223 2417 continuum
1244 2377 1282 2419 ex
1302 2377 1368 2436 par·

317 2453 394 2513 tibus
413 2453 595 2522 immediatis,
616 2454 682 2514 licet
703 2455 760 2513 sint
781 2471 907 2531 corpora
926 2455 1086 2532 disparium
1106 2456 1280 2533 specierum,
1300 2459 1369 2535 q'uia

317 2553 358 2611 sic
372 2552 460 2611 estin
475 2551 612 2625 homine;
633 2552 694 2611 imo
709 2552 768 2611 duo
789 2552 923 2612 homines
945 2563 1203 2631 quantumcunque
1218 2555 1368 2628 distantes,

316 2648 425 2708 faciunt
443 2668 536 2708 unum
555 2667 662 2726 corpus
682 2660 710 2708 et
729 2667 821 2708 unum
840 2651 971 2727 spiritum
990 2661 1019 2710 et
1036 2670 1127 2711 unam
1146 2653 1285 2725 animam,
1300 2671 1368 2714 cum

317 2747 418 2805 localis
439 2746 575 2805 distantia
588 2747 632 2805 vel
653 2748 832 2824 contignatio
853 2765 915 2806 non
936 2749 1065 2826 impedit,
1079 2751 1151 2827 quin
1170 2750 1239 2810 talia
1259 2753 1368 2812 consti·

317 2853 398 2902 tuant
418 2861 509 2902 unum
530 2861 645 2920 corpus,
668 2863 704 2905 eo
726 2845 806 2923 quod
828 2847 912 2923 juxta
935 2845 1123 2924 Porpkirrienr
1147 2851 1368 2927 participatione

316 2941 423 3017 speciei
444 2942 540 3017 plures
561 2942 694 3002 homines
715 2954 782 3002 sunt
802 2963 878 3004 unus
899 2944 999 3004 homo.
1041 2946 1116 3006 Mihi
1135 2957 1234 3006 autem
1247 2949 1368 3021 videtur,

316 3039 397 3116 quod
411 3039 533 3115 angelus
546 3058 608 3099 non
620 3043 770 3117 componit
781 3060 848 3101 cum
862 3044 943 3116 orbe,
954 3052 983 3102 et
997 3043 1022 3103 si
1037 3055 1152 3104 moveat
1163 3045 1244 3105 illurn
1254 3049 1368 3119 orbem,

315 3138 429 3197 tamen⁴
443 3147 539 3214 potest
553 3139 626 3197 mitti
640 3140 678 3198 ad
692 3150 797 3199 terram
809 3142 938 3217 juvando
958 3141 1093 3202 homines
1112 3152 1140 3202 et
1157 3143 1258 3203 redire.
1303 3144 1368 3204 Nec

316 3234 428 3295 videtur
440 3236 511 3294 mihi
525 3247 660 3313 oportere
679 3236 760 3313 quod
779 3239 858 3298 orbis
873 3238 979 3298 habeat
992 3241 1034 3299 sic
1048 3242 1177 3300 animam
1191 3243 1367 3316 sensitivam,

314 3334 379 3394 licet
393 3335 462 3395 luna
475 3345 504 3394 et
518 3335 589 3394 aliae
602 3334 768 3394 influentiae
783 3336 923 3396 coelestes
937 3338 1079 3397 vivificent
1092 3357 1220 3399 massam
1235 3342 1368 3417 corporis

316 3434 487 3504 sublunaris,
510 3444 539 3492 et
563 3434 603 3492 ita
626 3444 703 3493 totus
727 3435 854 3494 mundus
879 3453 1038 3512 corporeus
1060 3445 1105 3496 est
1124 3455 1185 3497 una
1208 3439 1369 3499 substantia

316 3532 504 3591 sufficienter⁵
523 3534 670 3602 continua,
691 3551 758 3591 cum
778 3533 814 3591 sit
828 3534 993 3593 naturaliter
1006 3552 1098 3593 unum
1113 3553 1230 3613 corpus.
1272 3536 1312 3597 Et
1329 3536 1368 3597 ad

316 3631 534 3706 corruptionem
554 3649 672 3690 suarum
690 3633 815 3708 partium
833 3632 1040 3706 sublunarium,
1055 3649 1118 3691 non
1136 3643 1252 3710 oportet
1269 3636 1369 3712 ipsum

317 3729 472 3805 corrumpi,
492 3729 537 3787 vel
557 3730 580 3788 si
600 3731 793 3806 corrumpitur
812 3730 975 3790 secundum
993 3731 1122 3808 partem⁶
1140 3730 1185 3791 eti
1203 3734 1367 3795 secundnm

348 3943 357 3973 ¹
374 3944 544 4009 aggregatum
555 3943 642 4008 etiam]
654 3950 680 3993 et
691 3943 810 3993 terminus
823 3941 982 3993 accidentalis
997 3942 1166 4007 personaliter,
1185 3943 1252 3996 (λῦ.
1269 3945 1310 3996 ed.
1360 3982 1368 3997 .

315 4007 502 4075 'dissensione]
514 4010 667 4067 dissertione,
679 4009 716 4059 ed.
729 4025 766 4074 pr.
886 4008 1233 4074 ⁸quosdam1uiquoens.

315 4089 410 4123 manus.
509 4074 817 4141 *tamen]cumnon.ed.
847 4089 880 4130 r.;
900 4080 982 4125 tamen
994 4090 1067 4129 nunc.
1080 4076 1111 4124 Α,
1180 4075 1368 4143 ³sufficienter]

314 4138 507 4267 'suffirticiaiken
520 4140 582 4191 ΑΒ.
714 4140 724 4170 ⁸
740 4089 848 4205 partemq
860 4155 934 4190 uttam
945 4148 1049 4206 partem,
1061 4140 1170 4199 n.13.c.;
1187 4157 1266 4201 suam,
1278 4143 1318 4195 ed.
1330 4159 1368 4209 pr.

341 4220 355 4252 e
390 4219 439 4253 om.
477 4242 484 4254 .
