2864 4836
58 440 151 484 caan.
424 417 764 482 TRIALOGUS.

57 581 213 657 superbiae
233 597 348 639 summe
369 578 469 640 elatus.
510 579 549 640 Et
569 597 630 656 quo
650 580 689 639 ad
709 580 827 657 negotia
845 580 994 652 secularia,
1009 581 1112 656 patet¹,

57 677 142 754 quod
162 679 192 736 in
212 696 303 737 manu
324 695 377 737 sua
398 689 442 737 est
464 677 532 737 lons
553 678 740 755 plenissimus
762 679 848 755 hujus
870 678 933 737 fori.
978 679 1112 740 Christus

57 784 159 835 umen
174 777 290 853 negavit
304 774 403 835 Lucae
417 776 474 846 xii,
489 793 521 834 se
542 793 606 835 esse
624 775 753 853 judicem
771 775 836 836 aut¹
851 777 1008 852 divisorem,
1025 795 1113 854 super

55 871 136 935 duos
150 873 259 945 fratres,
271 873 321 933 ubi
332 873 483 948 negotium
494 872 547 933 luit
558 874 655 933 minus
666 892 701 934 ae
716 875 785 933 satis
795 874 945 934 modicum
956 876 1111 948 mundiale,

55 972 128 1049 quia
149 971 276 1032 dividere
296 972 327 1030 in
348 970 426 1031 clero
447 983 549 1031 nostro
569 973 731 1031 secundum
752 971 849 1049 legem
867 973 929 1050 jam
948 984 1111 1033 currentem

55 1069 214 1146 dignitates
228 1069 388 1130 Caesareas
405 1069 465 1129 est³
479 1069 607 1130 officium
622 1070 708 1147 plene
722 1070 907 1132 diabolicum.
948 1071 987 1131 Et
1000 1091 1037 1132 ex
1051 1073 1112 1134 istis

53 1167 195 1227 nimirum
208 1167 336 1239 infertur,
347 1168 428 1244 quod
442 1167 566 1228 ecclesia
578 1168 704 1228 militans
718 1169 754 1229 sit
769 1187 821 1246 per
831 1170 917 1229 istum
928 1169 1112 1247 hypocritam

54 1264 181 1326 nimium
195 1265 326 1326 desolata
333 1285 342 1338 ς
364 1283 434 1324 nam
448 1265 618 1337 consolatio,
634 1284 710 1343 quae
724 1267 811 1327 debet
825 1285 889 1327 esse
903 1268 942 1327 ad
956 1269 1111 1328 vivendum

53 1363 149 1424 modo
164 1362 278 1436 Christi,
293 1373 322 1424 et
335 1362 497 1424 secundum
508 1365 596 1423 vitam
611 1363 865 1441 contemplativam
879 1376 1017 1442 appetere
1032 1367 1112 1426 bona

55 1461 203 1534 eoelestia,
214 1472 259 1522 est
272 1462 407 1521 extincta
448 1461 487 1520 Et
501 1479 569 1521 cum
583 1462 660 1522 istud
674 1463 835 1539 periculum
850 1464 886 1523 sit
900 1473 961 1523 tam
975 1464 1111 1524 nocivum

55 1559 208 1631 ecclesiae,
223 1559 355 1620 Christus
375 1560 513 1618 nimirum
534 1560 683 1638 praecipit,
702 1571 734 1620 ut
755 1561 804 1637 qui
825 1561 894 1638 legit
915 1561 1062 1639 intelligat,
1083 1572 1112 1621 et

55 1657 177 1718 indubie
192 1666 348 1734 postquam
363 1657 542 1728 intellexerit,
557 1657 703 1717 caritative
724 1676 816 1734 usque
836 1658 875 1717 ad
893 1667 1018 1717 mortem
1032 1658 1111 1718 dete-

54 1764 117 1834 gat,
131 1755 201 1833 quia
221 1754 302 1815 aliter
315 1753 397 1814 Deus
419 1755 500 1814 daret
521 1754 576 1813 sibi
597 1756 634 1814 de
655 1753 713 1814 hoc
733 1755 869 1832 superflue
882 1755 1069 1829 intellectum,
1083 1767 1112 1817 et

54 1856 122 1933 ipse
136 1853 337 1914 damnabiliter
351 1853 546 1913 absconderet
559 1853 699 1912 talentum
713 1853 905 1912 dominicum.

98 1949 139 2012 Et
162 1962 230 2029 post
253 1952 341 2011 istum
365 1968 506 2028 magnum
535 1950 735 2011 antichristum
764 1951 926 2012 succedunt
953 1949 1111 2010 antichristi
1144 1965 1240 2040 “3233

55 2050 196 2120 minores,
215 2060 247 2110 ut
265 2049 384 2127 praelati
403 2048 549 2120 Caesarei,
567 2050 618 2126 qui
639 2050 708 2110 satis
729 2050 866 2110 deserunt
884 2049 1013 2109 officium
1030 2050 1111 2126 quod
1144 2016 1248 2082 Em

56 2146 191 2211 Christus
210 2148 254 2207 eis
274 2147 402 2218 instituit,
424 2157 453 2206 et
473 2147 504 2206 in
524 2148 582 2207 alio
603 2147 701 2208 officio
723 2148 886 2208 secundum
906 2148 994 2207 aliam
1014 2149 1112 2224 legem

54 2245 225 2318 exsudant⁴,
239 2246 308 2323 quia
322 2244 484 2304 secundum
494 2246 686 2323 Augrutr'num
700 2245 770 2306 illud
783 2247 918 2322 psalmi⁵2
940 2246 1110 2307 ‘Constitue

55 2344 188 2405 Domine
211 2343 407 2421 legislatorem
431 2361 519 2421 super
542 2362 605 2416 eos,
629 2354 661 2403 ut
685 2345 786 2415 sciant,
811 2347 952 2423 quoniam
976 2345 1111 2404 homines

54 2441 144 2514 sunt,’
165 2442 201 2502 de
224 2442 393 2502 antichristo
418 2442 592 2519 intelligitur.
632 2442 671 2502 Et
696 2444 737 2502 sic
759 2445 809 2503 ubi
831 2443 964 2502 Christus
988 2454 1031 2502 ter
1056 2444 1111 2502 sub

55 2544 181 2602 obtentu
200 2559 270 2600 suae
290 2540 452 2600 dilectionis
466 2541 553 2600 Petro
573 2551 602 2600 et
621 2543 680 2600 suis
700 2543 916 2601 successoribus
935 2542 1064 2613 instituit,
1079 2551 1111 2600 ut

50 2647 201 2718 pascerent
222 2658 292 2699 oves
317 2657 393 2710 suae,
418 2639 481 2699 talis
506 2639 689 2699 antichristus
717 2640 747 2698 in
773 2639 839 2715 lege
867 2658 920 2699 sua
944 2639 1055 2710 limitat,
1078 2650 1111 2698 ut

55 2739 204 2814 mean!
216 2738 358 2798 contrarie
372 2754 442 2796 oves
457 2735 572 2796 Christi.
614 2736 738 2810 Quodsi
753 2738 876 2797 volueris
893 2738 1025 2815 experiri,
1041 2749 1111 2797 nota

55 2838 146 2896 vitam
166 2835 273 2896 Christi
294 2848 323 2896 et
344 2835 546 2911 apostolorum
567 2835 704 2907 officium,
725 2846 755 2895 et
775 2837 840 2895 vide
855 2854 944 2913 quam
966 2837 1109 2897 contrarie

55 2935 150 2994 nostri
171 2935 325 3011 praepositi
349 2933 406 2993 hos
427 2944 595 3009 sequuntur.
636 2933 716 2993 Nam
736 2935 961 3010 praedicationis
982 2935 1111 2994 officium

54 3044 100 3094 est
125 3034 327 3110 proscriptum,
351 3042 380 3091 et
404 3031 533 3091 officium
558 3031 703 3109 spoliandi
727 3033 859 3092 subditos
883 3043 927 3091 est
951 3033 1110 3092 inductum.

56 3131 118 3192 Sed
131 3131 345 3207 pseudofratres
359 3147 420 3188 non
435 3131 532 3189 minus
546 3129 616 3189 salse
631 3141 717 3207 atque
732 3130 889 3208 sophistice
908 3130 1042 3189 dicuntur
1055 3148 1109 3206 pro

54 3230 204 3307 episcopis
226 3227 361 3306 supplere
384 3228 475 3287 istud⁶
496 3228 632 3300 officium,
654 3239 683 3288 et
707 3230 748 3288 sic
772 3229 895 3288 ecclesia
915 3228 1044 3305 undique
1066 3238 1111 3286 est

55 3329 190 3404 decepta.
239 3326 278 3385 Et
299 3327 421 3385 breviter
444 3327 573 3385 attendat
593 3327 686 3386 homo
711 3327 748 3386 ad
770 3328 892 3403 praxim,
915 3326 1060 3401 regulam⁷
1082 3335 1112 3383 et

54 3427 138 3503 leges
151 3424 319 3495 antichristi,
334 3435 364 3483 et
377 3423 483 3482 videbit
497 3424 578 3500 quod
589 3424 717 3501 undique
727 3425 784 3482 sint
799 3423 960 3483 contrariae
971 3423 1068 3482 officio
1083 3434 1111 3482 et

55 3524 170 3601 legibus
185 3523 255 3601 Jesu
271 3522 387 3584 Christi.
428 3521 492 3581 Nec
508 3523 637 3592 dubium,
649 3523 720 3597 quin
734 3522 765 3580 in
780 3522 841 3582 aliis
856 3521 969 3579 duabus
983 3522 1111 3597 partibus

54 3623 206 3690 ecclesiae,
236 3622 345 3680 scilicet
372 3620 486 3679 militari
514 3619 633 3679 brachio
663 3630 749 3695 atque
777 3619 975 3696 popularibus
1001 3631 1111 3677 rectum

55 3720 165 3781 Christi
186 3719 313 3778 officium
335 3730 378 3778 est
399 3736 576 3794 perversum,
599 3736 666 3777 cum
686 3736 763 3794 pene
785 3735 889 3776 omnes
911 3718 1112 3777 damnabiliter

54 3820 246 3880 consentiunt
260 3818 446 3889 antichrist0;
470 3817 543 3876 haec
563 3834 633 3893 ergo
653 3817 782 3877 haeresis
797 3817 887 3876 inficit
906 3829 1028 3875 matrem
1043 3835 1111 3876 nos·

89 3963 96 3992 ¹
116 3961 194 4026 patet]
206 3960 287 4024 magis
297 3967 374 4025 patet.
387 3960 425 4010 ed.
438 3976 475 4024 pr.
598 3959 608 3987 ²
624 3959 679 4024 aut]
688 3975 726 4016 ac,
739 3960 772 4008 D.
895 3959 904 3986 ³
920 3961 968 4022 est]
980 3969 1012 4013 et,
1024 3958 1062 4007 ed.
1074 3974 1110 4022 pr.

55 4027 64 4056 ⁸
80 4025 215 4089 exsudant]
227 4027 343 4082 enudant,
355 4025 420 4074 B.D.
432 4043 438 4081 ;
455 4025 586 4081 exundant,
598 4026 636 4074 ed.
649 4041 686 4089 pr.
820 4025 829 4053 ⁵
848 4025 886 4072 Ps.
898 4025 947 4073 viii.
958 4025 1019 4072 ΑΒ.
1031 4025 1070 4072 Ps.
1080 4025 1110 4072 ix.

55 4092 86 4141 B.
98 4093 137 4143 ed.
150 4107 202 4156 pr.;
220 4100 257 4141 est
269 4107 352 4140 versus
365 4104 392 4138 21
408 4090 498 4139 Psalmi
509 4091 577 4139 noni.
675 4091 686 4119 ⁶
702 4090 781 4153 istud]
793 4089 862 4144 illud,
874 4091 936 4138 A.C.
1016 4089 1026 4116 ¹
1043 4105 1112 4152 regn·

53 4158 120 4222 lam]
141 4157 285 4206 modernam
305 4156 423 4221 regulam,
442 4156 472 4206 C.
492 4157 613 4207 secundae
635 4172 736 4213 manus;
763 4155 914 4212 modernam,
937 4154 1029 4205 omissa
1051 4171 1112 4206 voce

56 4222 179 4288 regulam,
191 4222 224 4271 D.
236 4223 275 4271 ed.
284 4238 321 4287 pr.
