2864 4836
500 351 959 419 rnorsoorrsrvr.
1276 372 1298 440 5

183 503 261 567 Non
287 505 401 584 desunt,
428 513 479 591 qni
506 513 686 592 perlibeant,
713 517 745 577 in
772 517 903 578 secunda
930 517 1051 579 demum
1078 519 1176 597 operis
1203 529 1296 598 parte,

144 610 260 673 circiter
277 633 296 676 a
312 619 411 678 medio
431 616 514 716 Ιῆποα
525 623 619 695 tertio,
634 632 783 683 auctorem
803 624 834 684 id
852 643 948 702 agere,
963 634 996 685 nt
1014 626 1170 686 ecclesiam
1190 635 1296 703 purget

144 727 235 796 atque
261 721 293 780 in
319 724 423 785 melius
449 736 590 787 restauret
615 727 766 817 (qunn,
791 728 951 789 Geschichte
977 732 1026 788 der
1057 730 1221 810 Vorlaeuser
1247 732 1296 790 der

144 823 351 905 Resorman'on,
376 833 464 907 1836,
488 833 527 892 IL
555 852 623 910 ²30·
665 834 771 906 Baua,
788 833 847 894 Dr'c
868 836 1029 895 christliche
1051 835 1145 914 Μαι
1168 855 1220 895 uon
1244 837 1295 895 der

144 929 352 1013 Dm'eint‘gket'!
360 930 421 996 und
427 937 685 1019 Meruchwerdang
695 943 726 1000 r'n
737 942 817 1001 ihrer
824 943 1056 1020 geschr'chtlt'cltm
1069 941 1293 1020 Enlrut'ckelang,

148 1040 237 1113 1842,
258 1041 297 1100 IL
320 1045 406 1121 899).
448 1045 509 1107 Sed
532 1048 686 1126 superficie
707 1058 792 1108 tenus
812 1049 918 1108 librum
940 1048 1129 1126 perlustrasse
1152 1048 1294 1121 videntur,

144 1146 196 1222 qui
210 1147 250 1206 ita
259 1149 399 1226 judicant
441 1151 579 1231 Namque
594 1165 696 1214 auctor
709 1154 778 1215 inde
793 1174 811 1215 a
824 1155 920 1232 primo
939 1155 1038 1231 operis
1052 1155 1134 1213 initio
1152 1172 1215 1213 non
1229 1165 1294 1214 tan·

144 1261 210 1320 tum
223 1254 404 1332 ‘logicorum
425 1258 626 1320 distinctiones
646 1260 773 1320 inutiles'
787 1271 816 1320 et
831 1260 1047 1339 ‘sophistarum
1066 1261 1232 1320 instantias'
1251 1271 1294 1321 at·

143 1374 205 1435 que
224 1359 352 1422 fallacias
372 1363 533 1441 impugnat,
550 1365 604 1425 sed
623 1367 713 1436 etiam
731 1366 896 1426 doctrinam
913 1366 1060 1440 biblicam,
1078 1385 1169 1443 quam
1184 1366 1293 1427 ‘fidem

143 1465 316 1544 scripturae'
336 1486 507 1548 nuncupare
527 1471 610 1544 solet,
630 1472 750 1532 maximi
771 1473 904 1533 aestimat
924 1483 1013 1549 atque
1033 1472 1137 1532 acriter
1157 1472 1293 1533 vindicat.

143 1569 193 1631 Ne
214 1572 305 1644 ‘fides
324 1575 495 1653 scripturae'
509 1578 590 1654 parvi
610 1579 762 1656 pendatur,
783 1579 892 1656 ubique
913 1595 1031 1638 summo
1051 1579 1149 1639 studio
1169 1578 1293 1639 laborat.

143 1677 252 1739 Sacrae
272 1681 430 1759 scripturae
451 1684 621 1744 auctoritate
641 1685 723 1744 nisus
744 1685 928 1745 inventiones
950 1694 980 1743 et
1001 1684 1189 1744 ‘traditiones
1209 1684 1293 1744 adul·

141 1785 264 1846 terinas'
290 1788 429 1865 explodit
470 1788 537 1849 Imo
561 1807 615 1849 eos
639 1807 702 1848 non
725 1799 838 1849 tantum
862 1807 958 1850 errare
982 1790 1147 1850 sedetiam
1170 1807 1293 1867 peccare

139 1891 261 1969 judicat,
282 1894 334 1971 qui
355 1893 525 1956 traditiones
549 1912 618 1955 suas
641 1913 710 1954 cum
731 1896 822 1954 verbo
848 1895 947 1955 divino
971 1894 1190 1956 commisceant
1231 1893 1292 1956 Lo·

142 2015 247 2059 corum
279 1999 416 2060 similium
443 2010 524 2061 tanta
550 2000 704 2061 multitudo
734 2001 824 2060 etiam
856 2001 888 2060 in
920 2000 1020 2078 primis
1048 1999 1180 2077 Trialogi
1212 1999 1293 2082 libris

141 2104 277 2177 occurrit,
297 2116 330 2166 ut
348 2124 442 2165 unum
461 2124 516 2184 pro
537 2107 635 2167 multis
655 2107 759 2168 afferre
779 2107 910 2168 sufficiat
951 2106 1033 2167 Libri
1053 2107 1140 2184 primi
1160 2107 1290 2194 capitep

141 2221 246 2272 auctor
268 2213 322 2272 ait:
354 2212 452 2273 ‘Sicut
475 2231 575 2273 sacrae
599 2214 758 2291 scripturae
782 2213 925 2273 sententia
948 2213 991 2273 sic
1014 2221 1045 2275 et
1065 2213 1130 2290 ejus
1152 2211 1250 2290 logica
1273 2230 1292 2279 a

139 2317 276 2390 fidelibus
305 2328 349 2379 est
378 2319 554 2380 veneranda.
605 2318 695 2381 Unde
725 2330 851 2398 peccant
884 2320 1051 2391 mortaliter,
1082 2318 1134 2397 qui
1169 2319 1314 2381 dimissa

137 2423 237 2502 logica
263 2426 421 2503 scripturae
452 2426 613 2488 innituntur
640 2425 879 2488 adinventoribus
898 2426 1025 2505 J'rivolis
1051 2425 1141 2485 bodie
1174 2426 1287 2487 usitatis

267 2530 308 2591 Et
330 2530 398 2592 hino
421 2531 497 2610 lapsi
520 2542 589 2602 sunt
611 2532 714 2595 discoli
740 2532 779 2594 ad
801 2541 915 2592 tantum
936 2533 968 2593 in
990 2532 1116 2603 devium,
1137 2532 1219 2609 quod
1242 2550 1289 2592 re·

138 2646 245 2714 putant
264 2636 365 2716 legem⁴
376 2635 431 2698 Dei
453 2657 567 2700 summe
587 2639 799 2716 impossibilem
819 2648 849 2698 et
867 2648 987 2716 propter
1004 2639 1179 2697 mneritas
1196 2638 1289 2700 aad

137 2743 226 2802 tiones
244 2761 262 2802 a
279 2746 392 2806 cunctis
410 2745 578 2808 hominibus
598 2745 825 2823 relinquendam.
866 2742 911 2803 Et
922 2762 962 2804 ex
975 2745 1028 2803 isto
1040 2762 1138 2803 errore
1144 2743 1293 2820 pullulant

140 2850 337 2928 alri'r'nfint'ti!

180 2955 297 3017 Deinde
317 2973 446 3017 errorem
464 2955 503 3017 de
522 2956 892 3018 transsubstantiationem
910 2965 1094 3018 sacramento
1113 2955 1209 3017 altaris
1227 2956 1291 3033 jam

139 3062 171 3121 in
186 3063 283 3139 primo
302 3063 378 3123 hbro
392 3072 422 3122 et
434 3063 528 3138 tangit
542 3074 572 3122 et
587 3064 737 3140 vituperat,
749 3081 795 3123 er.
806 3081 849 3140 gr.
861 3061 916 3122 sub
930 3045 1021 3124 tinem
1034 3063 1151 3140 capituli
1168 3080 1202 3122 11
1216 3061 1290 3124 haec

138 3172 288 3231 scribens:
319 3171 367 3231 ‘in
387 3171 509 3231 materia
530 3170 568 3232 de
588 3181 774 3231 sacramento
795 3155 1010 3248 alarisplures
1030 3170 1106 3232 ultra
1125 3169 1193 3240 boc,
1208 3169 1290 3245 quod

138 3287 333 3355 cognoscunt,
354 3278 579 3337 balbutiunt...
595 3296 621 3350 .;
653 3278 754 3339 dicunt
777 3278 866 3348 enim,
889 3276 970 3353 quod
992 3285 1165 3335 consecrata
1189 3275 1288 3335 hostia

138 3394 185 3444 cst
198 3384 335 3445 accidens
348 3385 411 3444 sine
426 3384 576 3462 subJect03
597 3394 626 3442 et
639 3393 739 3445 tamen
752 3383 811 3444 boc
825 3400 888 3441 non
901 3391 1026 3460 possunt
1039 3380 1218 3456 intelligere!

180 3490 313 3562 Accedit,
337 3489 419 3568 quod
442 3491 510 3549 vitia
534 3499 564 3554 et
586 3507 754 3567 perversam
781 3487 925 3550 sentiendi
952 3485 1118 3562 agendique
1146 3485 1291 3546 rationem

138 3595 221 3675 apud
239 3597 385 3675 praelatos
409 3596 557 3668 ecclesiae,
578 3595 743 3655 monachos
767 3594 898 3670 aliosque
918 3593 1066 3670 vigentem
1088 3592 1119 3651 in
1144 3592 1290 3670 prioribus

138 3703 229 3763 etiam
255 3704 353 3782 operis
380 3704 511 3781 partibus
538 3713 655 3765 strenue
683 3701 785 3778 arguit,
813 3700 844 3759 in
871 3699 1058 3760 sacerdotum
1086 3698 1234 3758 avaritiam
1261 3707 1291 3758 et

138 3809 298 3870 simoniam
321 3811 446 3888 graviter
468 3809 586 3880 invehit,
611 3808 649 3869 de
671 3808 808 3885 superbia
832 3807 954 3884 aliisque
976 3805 1141 3866 eorundem
1161 3803 1291 3882 peccatis

137 3917 245 3976 acerbe
259 3916 455 3993 conqueritur.
495 3914 631 3993 Exempli
646 3915 739 3991 gratia
752 3913 791 3973 de
803 3913 967 3984 monachis,
981 3912 1046 3971 Lib.
1061 3908 1119 3968 ΙΙΙ.
1132 3927 1158 3969 c.
1175 3927 1203 3983 3.
1217 3907 1291 3969 haec

136 4023 227 4083 verba
247 4020 331 4083 iacit:
361 4027 482 4083 ‘omnes
502 4030 647 4099 quaerunt
667 4011 743 4096 quae
764 4037 818 4079 sua
838 4028 915 4088 sunt,
936 4026 966 4075 et
986 4032 1041 4092 pro
1063 4030 1153 4073 causa
1171 4012 1292 4090 propria

138 4129 251 4190 ordinis
272 4128 486 4200 laborant-et
507 4144 626 4187 causam
649 4144 684 4186 ac
707 4124 910 4186 defensionem
931 4121 1005 4199 legis
1027 4119 1141 4179 divinae
1162 4130 1291 4197 praeter·

140 4236 277 4295 mittunt!
