2864 4836
145 335 240 344 -
552 337 720 343 -—-————·
1047 336 1397 352 ῂ--ἣ

137 472 217 512 cina
260 444 745 515 SUPPLEMENTUM
774 444 1066 505 TRIALOGI.
1273 464 1338 530 425

140 610 225 687 ponit
239 618 451 684 congregatum
466 608 622 667 antichristi
638 607 804 666 thesaurum
819 624 873 684 pro
888 607 997 683 reliquo
1017 606 1194 665 destruendo

140 716 253 766 armata
273 725 370 776 manu,
386 718 415 765 et
434 708 560 783 reliquus
579 725 631 782 per
650 717 785 764 vocatum
806 706 1000 783 ‘spiritualem
1019 704 1193 764 thesaurum’

140 806 266 866 absolvit
290 825 307 864 a
331 824 429 882 poena
454 816 482 865 et
506 824 524 863 a
549 805 634 882 culpa
658 823 863 881 quemcunque
887 805 937 880 qui
961 813 1061 863 eontra
1083 812 1195 879 partem

142 905 298 964 adversarii
323 904 382 963 sui¹
406 904 465 962 vult
489 904 603 962 viriliter
627 903 774 962 rebellare.
820 902 859 961 Et
884 903 926 962 sic
949 902 1072 961 ecclesia
1096 910 1195 959 nostra

141 1003 266 1062 occidua
284 1002 355 1078 quid
374 1001 540 1060 infidelitate
558 1001 629 1077 quid
649 1003 679 1060 in
698 1019 890 1078 personarum
909 1001 1059 1059 occisione
1075 1010 1105 1058 et
1126 997 1196 1075 quid

141 1101 173 1159 in
197 1102 323 1176 prodiga
346 1102 526 1177 expensione
551 1110 595 1158 est
620 1099 784 1158 mirabiliter
813 1100 994 1176 perturbata!
1044 1097 1195 1173 Numquid

141 1199 287 1257 credimus
311 1194 441 1275 utrique²
465 1198 587 1257 istorum
615 1207 815 1256 monstrorum
840 1198 921 1257 deest
950 1197 1103 1266 humilitas,
1128 1213 1196 1254 curn

140 1296 251 1373 possit³
270 1296 414 1355 humiliter
436 1297 566 1365 confiteri
586 1297 734 1356 veritatem
756 1296 952 1372 evangelicam
973 1305 1002 1353 et
1023 1296 1064 1354 sic
1087 1294 1196 1353 salvare

143 1405 241 1454 tantos
254 1395 380 1471 populos
395 1404 600 1471 repugnantes.
643 1394 758 1453 Veritas
777 1394 895 1469 quidem
915 1403 958 1452 est
978 1391 1144 1452 confitenda
1158 1392 1196 1449 ab

143 1503 268 1568 utroque
289 1493 419 1562 istorum,
438 1493 520 1568 quod
541 1494 641 1563 nescit,
660 1493 683 1550 si
704 1493 740 1550 sit
759 1493 923 1550 membrum
944 1491 1099 1560 ecclesiae3
1129 1485 1196 1547 sed⁴

143 1590 192 1649 alii
212 1590 320 1649 debent
340 1591 525 1666 probabiliter
546 1609 719 1667 supponere,
740 1592 821 1667 quod
842 1601 943 1648 neuter
964 1591 1000 1648 sit
1021 1589 1084 1665 ejus
1104 1605 1195 1645 mem-

143 1688 238 1758 brum,
253 1698 372 1763 propter
387 1689 561 1746 evidentiam
575 1691 649 1747 vitae
663 1689 708 1747 vel
722 1690 820 1765 operis
834 1698 893 1747 tam
908 1689 1066 1746 contrariae
1080 1686 1195 1746 Christo

142 1797 173 1846 et
201 1787 262 1845 suis
289 1787 437 1862 apostolis.
480 1786 568 1844 Unde
596 1788 708 1846 videtur
736 1787 842 1856 multis,
870 1787 952 1862 quod
980 1785 1141 1844 dominatio
1168 1796 1196 1842 et

143 1883 255 1943 dotatio
280 1885 452 1959 conjunctae
477 1885 539 1942 istis
563 1885 710 1960 episcopis
734 1884 815 1942 sunt⁵
837 1901 932 1952 causa,
956 1901 1045 1959 quare
1068 1900 1122 1959 pro
1143 1884 1197 1940 ista

143 1982 315 2041 excellentia
339 1982 381 2040 sic
406 1981 596 2040 contendunt.
640 1980 730 2053 Quod
752 1983 780 2047 si
805 1983 840 2039 sit
863 1999 972 2051 verum,
997 1981 1062 2057 quis
1086 1980 1197 2038 dubitat

143 2081 216 2156 quin
243 2080 380 2156 uterque⁶
407 2080 529 2137 istorum
557 2079 594 2137 sit
621 2081 765 2138 maximus
795 2079 985 2150 antichristus,
1012 2097 1079 2137 cum
1103 2079 1197 2153 magis

146 2187 225 2237 amat
247 2178 411 2254 superbiam
436 2188 465 2235 et
490 2177 677 2253 cupiditatem
702 2177 860 2236 antichristi
885 2196 975 2254 quam
996 2176 1143 2236 Christum
1167 2179 1197 2234 in

144 2278 205 2335 suis
219 2269 341 2334 o‘vibusi
377 2275 454 2334 Cum
469 2286 567 2334 tamen
583 2274 713 2334 Christus
728 2275 872 2353 Johannis
892 2277 992 2335 ultimo
1008 2276 1079 2334 dixit
1093 2275 1197 2334 Petro:

145 2375 257 2446 ‘Petre,
269 2393 350 2433 amas
365 2376 432 2432 mei
455 2393 541 2450 pasce
555 2392 626 2434 oves
637 2393 717 2433 meas
726 2372 748 2433 i’
780 2375 871 2447 Quod
885 2377 953 2452 quia
963 2375 1065 2433 Petrus
1079 2373 1199 2450 perfecit

144 2474 341 2543 excellentius,
363 2472 414 2531 fuit
439 2475 612 2531 constitutus
635 2483 722 2548 caput
746 2474 895 2532 ecclesiae.
946 2473 1075 2549 Uterque
1101 2484 1198 2531 autem

146 2574 269 2631 istorum
294 2581 372 2629 amat
396 2571 486 2629 vana⁷
510 2571 680 2647 temporalia
704 2571 769 2648 plus
797 2590 886 2648 quam
910 2571 1066 2642 Christum,
1092 2582 1120 2630 et
1144 2589 1198 2648 pro

147 2669 302 2746 pascendis
316 2670 420 2728 ovibus
434 2671 570 2746 propinat
585 2671 711 2729 toxicam
727 2671 893 2729 antichristi.

186 2767 225 2825 Et
253 2767 308 2826 ista
335 2767 459 2826 creditur
488 2768 704 2836 ‘abhominatio
733 2769 921 2828 desolationis
950 2780 1030 2828 stans
1055 2770 1084 2826 in
1112 2770 1197 2839 locu,’

145 2884 237 2942 quam
265 2864 396 2924 Christus
424 2864 565 2924 Matthaei
590 2869 665 2926 xxiv.
695 2877 922 2927 commemorat:
956 2873 1040 2926 ‘cum
1064 2868 1198 2938 videritis,

146 2964 249 3041 inquit,
275 2963 543 3022 abhominationem
569 2966 757 3025 desolationis
782 2977 908 3024 stantem
933 2968 963 3024 in
992 2968 1058 3025 loco
1088 2976 1198 3036 sanct0,

147 3080 222 3139 quae
245 3062 321 3121 dicta
342 3072 386 3121 est
407 3081 425 3120 a
446 3061 568 3121 Daniele
590 3063 748 3141 propheta;
781 3067 831 3140 qui
852 3065 921 3141 legit
941 3063 1096 3139 intelligat!
1140 3064 1199 3122 Sed

147 3158 280 3218 Christus
293 3177 376 3218 more
391 3177 445 3218 suo
465 3162 612 3237 subJungit
632 3164 779 3220 remedricm
790 3182 800 3218 .·
822 3161 907 3234 ‘Qui,
923 3163 1023 3238 inquit,
1038 3163 1068 3218 in
1088 3160 1200 3238 Judaea

147 3268 223 3328 sunt,
238 3257 349 3333 fugiant
363 3259 402 3317 ad
416 3260 560 3330 montes;’
589 3259 670 3335 quod
685 3260 796 3318 dictum
810 3260 921 3318 videtur
935 3261 976 3318 sic
991 3277 1062 3318 sane
1081 3259 1200 3335 intelligi

146 3373 251 3430 posse:
281 3357 329 3432 qui
352 3366 419 3414 sunt
440 3359 470 3415 iu
489 3357 675 3416 confessione
697 3359 769 3435 legis
790 3359 947 3435 scripturae
964 3369 993 3416 et
1013 3358 1080 3416 fidei
1101 3357 1200 3416 Chris-

146 3456 252 3525 tianae,
274 3455 386 3530 fugiant
407 3454 449 3515 ad,
467 3456 624 3531 apostolos,
647 3457 735 3514 vitam
755 3468 784 3515 et
806 3475 858 3515 sua
880 3474 970 3532 opera
995 3456 1149 3526 imitantes,
1172 3468 1201 3514 et

146 3552 259 3630 fugiant
283 3553 338 3612 ista
362 3554 421 3611 duo
443 3555 539 3629 capita
564 3573 631 3612 cum
656 3556 716 3613 suis
741 3555 879 3613 membris
901 3567 1040 3630 tanquam
1066 3554 1200 3613 diabolos

146 3652 322 3710 incarnatos.
364 3649 488 3709 Secundo
508 3653 574 3728 ‘qui
596 3653 626 3709 in
648 3662 726 3711 tecto
746 3650 831 3722 suut,'
851 3653 908 3711 hoc
930 3665 973 3711 est
995 3653 1044 3729 qui
1064 3662 1200 3729 teguntur

147 3750 318 3811 defensione
339 3752 449 3809 brachii
471 3751 615 3822 secularis,
630 3762 659 3811 et
679 3752 788 3812 habent
808 3753 846 3810 ab
868 3753 958 3811 altero
979 3754 1100 3812 istorum
1121 3755 1199 3829 capi-

146 3847 224 3908 tum⁸
246 3849 427 3907 munimenta
441 3850 485 3907 vel
506 3850 647 3910 beneficia
667 3851 842 3927 evangelica,
862 3869 923 3909 non
941 3853 1098 3909 innitantur
1119 3852 1199 3910 alteri

180 4040 189 4069 ¹
207 4037 256 4101 sui]
269 4053 318 4085 om.
332 4041 360 4086 A.
500 4037 510 4066 ¹
526 4038 633 4102 utrique]
646 4045 758 4102 utroque,
770 4039 799 4088 C.
938 4039 947 4066 ³
964 4037 1053 4102 possit]
1066 4046 1157 4102 posset,
1169 4040 1199 4089 C.

150 4105 158 4132 ⁴
175 4103 230 4166 sed]
243 4103 285 4152 sed
298 4103 364 4167 quid,
378 4105 408 4151 Α.
421 4104 515 4167 primae
527 4120 621 4160 manua
633 4105 696 4159 a.b.;
715 4105 757 4153 sed
769 4104 843 4168 quod,
856 4104 884 4152 C.
994 4104 1004 4132 ³
1020 4104 1088 4167 sunt]
1101 4105 1158 4160 sint,
1170 4106 1199 4155 C.

148 4168 289 4290 zetlitqrqug]
301 4169 405 4233 utrique,
417 4185 439 4217 a.
570 4169 580 4196 ⁷
597 4169 671 4232 vana]
685 4171 758 4225 bona,
771 4171 800 4219 C.
932 4172 941 4196 ⁸
959 4169 1079 4233 capitum]
1092 4170 1200 4234 capitum
1217 4168 1219 4324 ς
