2864 4836
137 484 229 525 carna
499 459 840 520 TRIALOGUS.

562 879 658 940 CAP.
681 879 777 939 XLII.

490 1033 536 1093 De
548 1035 695 1095 animabus
708 1036 855 1096 beatorum.

184 1188 305 1249 Alcidae.
328 1188 383 1249 Dic
397 1208 471 1268 rogo
486 1192 517 1250 de
530 1192 635 1251 dotibus
654 1194 764 1252 animae
782 1194 930 1264 beatorum,
946 1193 1014 1270 quia
1035 1179 1105 1251 mihi
1119 1193 1196 1252 vide·
1232 1201 1262 1235 ⁰
1256 1201 1366 1276 &gum

143 1296 191 1344 tur
205 1287 329 1359 difficile,
343 1288 424 1364 quod
439 1288 553 1366 aliquae
567 1291 711 1351 naturales
726 1293 872 1368 potentiae
886 1301 915 1352 et
934 1291 1096 1373 specialiter
1110 1309 1256 1406 orga·Eo
1231 1292 1289 1356 Ἓξ
1256 1242 1342 1364 5¹¹3.

145 1384 238 1456 nicae,
267 1403 343 1461 quae
369 1386 517 1446 fuerant
509 1407 539 1445 ιιι
568 1389 671 1459 viante,
696 1389 832 1448 redeant¹
860 1400 926 1466 post
955 1372 1256 1448 resurrectionempo
1254 1332 1342 1399 “aa

144 1483 272 1555 finalem,
286 1502 353 1543 cum
367 1485 431 1544 illae
447 1486 503 1545 sint
520 1487 641 1546 eductae
656 1487 692 1546 de
712 1489 841 1563 potentia
860 1488 1005 1546 materiae.
1047 1486 1086 1544 Et
1100 1489 1197 1544 ilerum

145 1599 208 1640 non
228 1582 324 1654 video,
345 1601 434 1659 quare
459 1583 543 1643 dotes
565 1584 629 1643 illae
655 1584 749 1644 forent
774 1596 885 1661 septem
908 1584 953 1644 vel
977 1593 1112 1661 quattuor
1133 1584 1198 1660 plus

146 1697 236 1756 quam
254 1680 340 1740 mille.
382 1681 420 1740 Et
440 1684 520 1740 tertio
540 1701 601 1741 non
617 1682 711 1753 video,
725 1683 877 1760 quomodo
897 1683 961 1741 illae
982 1694 1095 1759 septem
1115 1682 1199 1741 dotes

145 1777 272 1848 animae,
293 1797 366 1855 quas
387 1779 556 1838 Anshelmus
581 1781 690 1851 recitat,
711 1779 807 1839 forent
829 1781 946 1857 proprie
968 1781 1052 1839 dotes
1073 1781 1197 1852 animae,

148 1893 217 1934 cum
241 1893 304 1934 non
330 1888 396 1936 sunt
421 1878 475 1936 sibi
500 1877 644 1937 nattuales
668 1877 722 1937 sed
746 1879 947 1950 accidentales,
972 1878 1072 1955 quales
1093 1879 1199 1939 multas

148 1985 265 2052 oportet
280 1993 399 2052 ponere.

188 2062 352 2133 Phronen's.
395 2074 480 2134 Multi
502 2076 684 2136 contendunt
702 2077 826 2135 inaniter
839 2077 916 2137 circa
935 2075 1126 2152 quidditatem
1145 2075 1199 2135 do-

146 2173 229 2243 tium,
253 2184 285 2231 ut
308 2173 347 2243 hi,
373 2173 454 2250 quod
482 2185 548 2233 sunt
576 2174 671 2234 bona'
698 2175 793 2235 solum
819 2175 968 2244 naturalia,
994 2175 1063 2234 data
1087 2174 1199 2233 homini

148 2271 320 2330 intrinsecus
341 2271 535 2343 informantia,
553 2272 601 2330 alii
621 2271 791 2349 quodsunt
811 2273 891 2332 bona
912 2290 1102 2350 quaecunque
1123 2273 1199 2331 acci-

149 2367 301 2428 dentaliter
323 2367 519 2441 inhaerentia;
548 2380 577 2427 et
598 2369 645 2428 alii
665 2370 765 2429 dicum
784 2371 977 2428 communiter
996 2371 1076 2447 quod
1090 2378 1200 2428 utrum·

147 2484 222 2543 que3
251 2475 281 2524 et
301 2467 343 2525 sic
363 2466 400 2525 de
421 2484 543 2526 numero
564 2467 684 2525 istomm
704 2477 749 2526 est
769 2468 848 2543 apud
869 2467 977 2526 multos
996 2467 1155 2538 contentio,
1170 2476 1201 2525 ut

148 2564 269 2640 quidam
293 2565 393 2624 dicunt
417 2565 498 2641 quod
523 2564 606 2622 dotes
634 2574 702 2624 sunt
729 2575 875 2640 quattuor,
899 2564 1134 2641 proportionales
1162 2565 1201 2623 ad

149 2663 235 2721 dotes
256 2662 394 2738 corporis,
415 2672 447 2720 ut
468 2662 577 2738 ingenii
602 2662 742 2721 subtilitas
749 2662 768 2733 ⁸,
789 2660 955 2721 inveniendi
981 2662 1119 2733 sollertas,
1140 2680 1202 2721 me·

149 2760 268 2819 moriter
289 2759 431 2819 retinendi
452 2759 630 2830 sufficientia,
649 2771 679 2819 et
697 2771 838 2837 perpetuo
857 2761 980 2838 agendi⁴
999 2760 1201 2820 indeficientia.

149 2856 320 2916 Amhelmus
341 2867 439 2916 autem
454 2857 565 2916 videtur
585 2875 695 2934 ponere
716 2860 785 2918 istas
808 2870 936 2935 septem:
967 2859 1117 2936 sapientia,
1132 2861 1203 2920 ami-

150 2955 227 3027 citia,
239 2954 406 3024 concordia,
417 2954 522 3026 honor,
533 2966 671 3031 potestas,
683 2959 822 3016 securitas
837 2968 865 3016 et
879 2958 1037 3034 gaudium
1059 2968 1088 3016 et
1102 2958 1205 3017 suadet

151 3052 306 3129 qualitates
321 3053 532 3114 membrorum.

193 3150 330 3209 Psucstis.
372 3151 495 3209 Videtur
505 3150 575 3209 milri
590 3150 626 3210 de
640 3152 702 3210 istis
716 3163 828 3228 septem
839 3151 921 3211 valde
936 3152 1086 3223 mirabile3
1109 3153 1204 3228 primo

152 3249 305 3326 quianon
330 3249 429 3308 subest
449 3249 500 3306 tibi
525 3248 613 3308 ratio⁶
634 3247 715 3325 quod
735 3249 876 3325 sapientia
897 3249 932 3308 sit
957 3249 1012 3307 dos
1036 3250 1151 3309 animae
1175 3251 1205 3309 in

152 3350 253 3420 beatis,
268 3350 339 3426 quin
353 3367 406 3425 per
420 3349 498 3408 idem
512 3367 704 3425 quaecunque
718 3351 805 3408 virtus
820 3349 1020 3408 intellectualis
1034 3349 1077 3406 vel
1092 3347 1203 3406 donum

152 3448 277 3524 spiritus.
329 3446 464 3506 Similiter
489 3465 557 3506 cum
581 3448 706 3506 amicitia
730 3447 766 3506 sit
790 3448 903 3506 bonum
928 3447 1016 3506 totius
1040 3446 1205 3522 compositi,

152 3562 215 3603 non
234 3544 347 3604 videtur
367 3545 449 3615 ratio,
469 3562 559 3621 quare
579 3544 628 3603 illa
649 3544 684 3602 sit
705 3543 760 3603 dos
780 3545 896 3602 animae
917 3544 1014 3620 potius
1038 3560 1128 3619 quam
1149 3542 1205 3601 dos

153 3643 293 3720 corporis,
307 3642 360 3701 sed
374 3660 391 3700 e
406 3650 517 3712 contra,
532 3652 561 3700 et
575 3642 617 3701 sic
631 3641 668 3700 de
682 3640 744 3700 aliis
763 3642 880 3700 dotibus
894 3642 1027 3701 recitatis.
1070 3639 1205 3699 Similiter

152 3750 214 3799 tam
241 3739 277 3800 de
305 3739 414 3816 gaudio
441 3756 531 3816 quam
559 3738 596 3797 de
623 3739 687 3816 ejus
716 3740 867 3798 securitate
892 3749 937 3798 est
964 3737 1116 3798 difficultas
1143 3756 1205 3795 non

154 3837 281 3908 modica,
294 3856 361 3896 cum
373 3837 485 3896 videtur
499 3836 657 3913 quemlibet
671 3837 789 3895 beatum
804 3847 917 3895 tantum
930 3837 1058 3914 gaudere
1073 3836 1110 3894 de
1124 3835 1205 3894 bono

154 3935 279 4007 alterius,
307 3947 450 4012 quantum
477 3935 618 4011 gauderet
646 3934 683 3993 de
710 3935 791 3992 bono
819 3934 877 4006 illo,
906 3935 931 3993 si
963 3934 1059 4010 ipsum
1086 3931 1206 3992 haberet

189 4110 197 4140 ¹
214 4108 327 4174 redeant]
340 4110 450 4165 redeunt,
462 4109 500 4159 ed.
512 4125 550 4187 pr:
664 4106 769 4171 ¹b0m]
782 4122 831 4156 om
843 4107 882 4156 ed.
894 4123 930 4172 pr.
1045 4103 1205 4170 'subtilitas]

155 4173 274 4290 solglrgas,
288 4175 316 4224 B.
433 4174 559 4240 agendi]
571 4173 702 4238 agendum,
714 4173 744 4223 C.
756 4172 795 4222 ed.
806 4187 843 4237 pr.
957 4169 1207 4237 ‘ratiolrespousio
