<?xml version="1.0" encoding="UTF-8"?>
<!DOCTYPE html PUBLIC "-//W3C//DTD XHTML 1.0 Transitional//EN"
    "http://www.w3.org/TR/xhtml1/DTD/xhtml1-transitional.dtd">
<html xmlns="http://www.w3.org/1999/xhtml" xml:lang="en" lang="en">
 <head>
  <title>
</title>
<meta http-equiv="Content-Type" content="text/html;charset=utf-8" />
  <meta name='ocr-system' content='tesseract 3.04.00' />
  <meta name='ocr-capabilities' content='ocr_page ocr_carea ocr_par ocr_line ocrx_word'/>
</head>
<body>
  <div class='ocr_page' id='page_1' title='image "./trialoguscumsup00lechgoog_0166.png"; bbox 0 0 2864 4836; ppageno 0'>
   <div class='ocr_carea' id='block_1_1' title="bbox 58 424 1261 514">
    <p class='ocr_par' dir='ltr' id='par_1_1' title="bbox 58 424 1261 514">
     <span class='ocr_line' id='line_1_1' title="bbox 58 424 1261 514; baseline 0.002 -29"><span class='ocrx_word' id='word_1_1' title='bbox 58 446 144 491; x_wconf 48' lang='lat' dir='ltr'><strong>carn,</strong></span> <span class='ocrx_word' id='word_1_2' title='bbox 423 424 764 488; x_wconf 79' lang='lat' dir='ltr'><em>TRIALOGUS.</em></span> <span class='ocrx_word' id='word_1_3' title='bbox 1200 439 1261 514; x_wconf 82' lang='lat'><strong>153</strong></span> 
     </span>
    </p>
   </div>
   <div class='ocr_carea' id='block_1_2' title="bbox 60 585 1279 3705">
    <p class='ocr_par' dir='ltr' id='par_1_2' title="bbox 60 585 1279 3705">
     <span class='ocr_line' id='line_1_2' title="bbox 61 585 1117 665; baseline 0 -19"><span class='ocrx_word' id='word_1_4' title='bbox 61 585 146 647; x_wconf 88' lang='lat' dir='ltr'><strong>Deus</strong></span> <span class='ocrx_word' id='word_1_5' title='bbox 159 599 292 664; x_wconf 87' lang='lat' dir='ltr'><strong>acceptat</strong></span> <span class='ocrx_word' id='word_1_6' title='bbox 306 587 465 659; x_wconf 86' lang='lat' dir='ltr'><strong>hominem,</strong></span> <span class='ocrx_word' id='word_1_7' title='bbox 477 606 539 647; x_wconf 89' lang='lat' dir='ltr'><strong>non</strong></span> <span class='ocrx_word' id='word_1_8' title='bbox 554 589 591 647; x_wconf 89' lang='lat' dir='ltr'><strong>ad</strong></span> <span class='ocrx_word' id='word_1_9' title='bbox 603 606 730 664; x_wconf 85' lang='lat' dir='ltr'><strong>poenam</strong></span> <span class='ocrx_word' id='word_1_10' title='bbox 744 600 924 665; x_wconf 85' lang='lat' dir='ltr'><strong>perpetuam,</strong></span> <span class='ocrx_word' id='word_1_11' title='bbox 935 601 967 648; x_wconf 91' lang='lat' dir='ltr'><strong>ut</strong></span> <span class='ocrx_word' id='word_1_12' title='bbox 981 589 1117 665; x_wconf 89' lang='lat' dir='ltr'><strong>praesciti</strong></span> 
     </span>
     <span class='ocr_line' id='line_1_3' title="bbox 60 686 1115 765; baseline 0 -19"><span class='ocrx_word' id='word_1_13' title='bbox 60 686 241 765; x_wconf 79' lang='lat' dir='ltr'><strong>quandoque</strong></span> <span class='ocrx_word' id='word_1_14' title='bbox 261 689 359 745; x_wconf 88' lang='lat' dir='ltr'><strong>vivunt</strong></span> <span class='ocrx_word' id='word_1_15' title='bbox 377 688 465 746; x_wconf 85' lang='lat' dir='ltr'><strong>talem</strong></span> <span class='ocrx_word' id='word_1_16' title='bbox 483 689 580 758; x_wconf 87' lang='lat' dir='ltr'><strong>vitam,</strong></span> <span class='ocrx_word' id='word_1_17' title='bbox 596 687 675 764; x_wconf 91' lang='lat' dir='ltr'><strong>quod</strong></span> <span class='ocrx_word' id='word_1_18' title='bbox 691 687 771 748; x_wconf 85' lang='lat' dir='ltr'><strong>Deus</strong></span> <span class='ocrx_word' id='word_1_19' title='bbox 791 688 868 746; x_wconf 84' lang='lat' dir='ltr'><strong>illam</strong></span> <span class='ocrx_word' id='word_1_20' title='bbox 883 690 971 747; x_wconf 89' lang='lat' dir='ltr'><strong>vitam</strong></span> <span class='ocrx_word' id='word_1_21' title='bbox 985 707 1047 747; x_wconf 92' lang='lat' dir='ltr'><strong>non</strong></span> <span class='ocrx_word' id='word_1_22' title='bbox 1061 689 1115 746; x_wconf 88' lang='lat' dir='ltr'><strong>irn-</strong></span> 
     </span>
     <span class='ocr_line' id='line_1_4' title="bbox 61 784 1117 863; baseline 0.003 -20"><span class='ocrx_word' id='word_1_23' title='bbox 61 793 146 863; x_wconf 82' lang='lat' dir='ltr'><strong>putat</strong></span> <span class='ocrx_word' id='word_1_24' title='bbox 159 785 196 844; x_wconf 88' lang='lat' dir='ltr'><strong>ad</strong></span> <span class='ocrx_word' id='word_1_25' title='bbox 210 784 430 844; x_wconf 82' lang='lat' dir='ltr'><strong>damnationem</strong></span> <span class='ocrx_word' id='word_1_26' title='bbox 444 796 624 861; x_wconf 87' lang='lat' dir='ltr'><strong>perpetuam,</strong></span> <span class='ocrx_word' id='word_1_27' title='bbox 639 797 668 844; x_wconf 88' lang='lat' dir='ltr'><strong>et</strong></span> <span class='ocrx_word' id='word_1_28' title='bbox 682 786 745 844; x_wconf 89' lang='lat' dir='ltr'><strong>talis</strong></span> <span class='ocrx_word' id='word_1_29' title='bbox 758 786 851 862; x_wconf 88' lang='lat' dir='ltr'><strong>gratia</strong></span> <span class='ocrx_word' id='word_1_30' title='bbox 864 787 995 845; x_wconf 90' lang='lat' dir='ltr'><strong>manebit</strong></span> <span class='ocrx_word' id='word_1_31' title='bbox 1008 789 1038 846; x_wconf 92' lang='lat' dir='ltr'><strong>in</strong></span> <span class='ocrx_word' id='word_1_32' title='bbox 1049 785 1117 846; x_wconf 90' lang='lat' dir='ltr'><strong>Deo</strong></span> 
     </span>
     <span class='ocr_line' id='line_1_5' title="bbox 61 882 1116 961; baseline 0.002 -19"><span class='ocrx_word' id='word_1_33' title='bbox 61 892 215 961; x_wconf 86' lang='lat' dir='ltr'><strong>perpetuo,</strong></span> <span class='ocrx_word' id='word_1_34' title='bbox 228 894 258 943; x_wconf 93' lang='lat' dir='ltr'><strong>et</strong></span> <span class='ocrx_word' id='word_1_35' title='bbox 278 884 309 941; x_wconf 93' lang='lat' dir='ltr'><strong>in</strong></span> <span class='ocrx_word' id='word_1_36' title='bbox 330 882 449 942; x_wconf 90' lang='lat' dir='ltr'><strong>homine</strong></span> <span class='ocrx_word' id='word_1_37' title='bbox 471 883 566 942; x_wconf 88' lang='lat' dir='ltr'><strong>solum</strong></span> <span class='ocrx_word' id='word_1_38' title='bbox 587 884 678 943; x_wconf 92' lang='lat' dir='ltr'><strong>modo</strong></span> <span class='ocrx_word' id='word_1_39' title='bbox 700 901 760 960; x_wconf 92' lang='lat' dir='ltr'><strong>quo</strong></span> <span class='ocrx_word' id='word_1_40' title='bbox 782 885 819 943; x_wconf 88' lang='lat' dir='ltr'><strong>ad</strong></span> <span class='ocrx_word' id='word_1_41' title='bbox 840 896 966 960; x_wconf 89' lang='lat' dir='ltr'><strong>tempus,</strong></span> <span class='ocrx_word' id='word_1_42' title='bbox 988 903 1056 944; x_wconf 88' lang='lat' dir='ltr'><strong>curn</strong></span> <span class='ocrx_word' id='word_1_43' title='bbox 1079 887 1116 944; x_wconf 92' lang='lat' dir='ltr'><strong>sit</strong></span> 
     </span>
     <span class='ocr_line' id='line_1_6' title="bbox 60 981 1117 1059; baseline -0.001 -17"><span class='ocrx_word' id='word_1_44' title='bbox 60 981 144 1042; x_wconf 86' lang='lat' dir='ltr'><strong>illum</strong></span> <span class='ocrx_word' id='word_1_45' title='bbox 164 981 314 1040; x_wconf 91' lang='lat' dir='ltr'><strong>hominem</strong></span> <span class='ocrx_word' id='word_1_46' title='bbox 335 983 377 1041; x_wconf 90' lang='lat' dir='ltr'><strong>sic</strong></span> <span class='ocrx_word' id='word_1_47' title='bbox 397 999 463 1041; x_wconf 87' lang='lat' dir='ltr'><strong>esse</strong></span> <span class='ocrx_word' id='word_1_48' title='bbox 484 984 514 1040; x_wconf 86' lang='lat' dir='ltr'><strong>in</strong></span> <span class='ocrx_word' id='word_1_49' title='bbox 535 983 593 1041; x_wconf 87' lang='lat' dir='ltr'><strong>vita</strong></span> <span class='ocrx_word' id='word_1_50' title='bbox 614 982 797 1059; x_wconf 88' lang='lat' dir='ltr'><strong>dispositum,</strong></span> <span class='ocrx_word' id='word_1_51' title='bbox 812 993 844 1041; x_wconf 91' lang='lat' dir='ltr'><strong>ut</strong></span> <span class='ocrx_word' id='word_1_52' title='bbox 863 983 945 1042; x_wconf 89' lang='lat' dir='ltr'><strong>Deus</strong></span> <span class='ocrx_word' id='word_1_53' title='bbox 966 1002 1033 1042; x_wconf 89' lang='lat' dir='ltr'><strong>eam</strong></span> <span class='ocrx_word' id='word_1_54' title='bbox 1054 1002 1117 1043; x_wconf 91' lang='lat' dir='ltr'><strong>non</strong></span> 
     </span>
     <span class='ocr_line' id='line_1_7' title="bbox 61 1079 1119 1158; baseline 0.001 -19"><span class='ocrx_word' id='word_1_55' title='bbox 61 1080 187 1156; x_wconf 78' lang='lat' dir='ltr'><strong>inputet</strong></span> <span class='ocrx_word' id='word_1_56' title='bbox 199 1079 238 1138; x_wconf 90' lang='lat' dir='ltr'><strong>ad</strong></span> <span class='ocrx_word' id='word_1_57' title='bbox 252 1079 480 1150; x_wconf 86' lang='lat' dir='ltr'><strong>damnationem,</strong></span> <span class='ocrx_word' id='word_1_58' title='bbox 495 1081 576 1155; x_wconf 90' lang='lat' dir='ltr'><strong>quod</strong></span> <span class='ocrx_word' id='word_1_59' title='bbox 591 1081 704 1140; x_wconf 87' lang='lat' dir='ltr'><strong>manet¹</strong></span> <span class='ocrx_word' id='word_1_60' title='bbox 719 1099 770 1157; x_wconf 88' lang='lat' dir='ltr'><strong>per</strong></span> <span class='ocrx_word' id='word_1_61' title='bbox 785 1092 900 1158; x_wconf 91' lang='lat' dir='ltr'><strong>tempus</strong></span> <span class='ocrx_word' id='word_1_62' title='bbox 921 1082 1007 1140; x_wconf 91' lang='lat' dir='ltr'><strong>nimis</strong></span> <span class='ocrx_word' id='word_1_63' title='bbox 1025 1082 1119 1140; x_wconf 89' lang='lat' dir='ltr'><strong>modi·</strong></span> 
     </span>
     <span class='ocr_line' id='line_1_8' title="bbox 61 1176 1121 1256; baseline -0.001 -18"><span class='ocrx_word' id='word_1_64' title='bbox 61 1194 132 1238; x_wconf 85' lang='lat' dir='ltr'><strong>cum</strong></span> <span class='ocrx_word' id='word_1_65' title='bbox 156 1177 187 1235; x_wconf 94' lang='lat' dir='ltr'><strong>in</strong></span> <span class='ocrx_word' id='word_1_66' title='bbox 211 1178 363 1253; x_wconf 89' lang='lat' dir='ltr'><strong>praescito.</strong></span> <span class='ocrx_word' id='word_1_67' title='bbox 414 1176 452 1236; x_wconf 89' lang='lat' dir='ltr'><strong>Et</strong></span> <span class='ocrx_word' id='word_1_68' title='bbox 477 1178 564 1236; x_wconf 91' lang='lat' dir='ltr'><strong>talem</strong></span> <span class='ocrx_word' id='word_1_69' title='bbox 589 1180 712 1254; x_wconf 79' lang='lat' dir='ltr'><strong>gratiam</strong></span> <span class='ocrx_word' id='word_1_70' title='bbox 737 1178 943 1256; x_wconf 78' lang='lat' dir='ltr'><strong>subjectivam²</strong></span> <span class='ocrx_word' id='word_1_71' title='bbox 967 1180 997 1236; x_wconf 90' lang='lat' dir='ltr'><strong>in</strong></span> <span class='ocrx_word' id='word_1_72' title='bbox 1022 1180 1121 1237; x_wconf 87' lang='lat' dir='ltr'><strong>anima</strong></span> 
     </span>
     <span class='ocr_line' id='line_1_9' title="bbox 61 1274 1120 1348; baseline 0 -13"><span class='ocrx_word' id='word_1_73' title='bbox 61 1275 170 1335; x_wconf 90' lang='lat' dir='ltr'><strong>dicitur</strong></span> <span class='ocrx_word' id='word_1_74' title='bbox 179 1274 263 1333; x_wconf 86' lang='lat' dir='ltr'><strong>Deus</strong></span> <span class='ocrx_word' id='word_1_75' title='bbox 276 1274 437 1345; x_wconf 81' lang='lat' dir='ltr'><strong>infundere,</strong></span> <span class='ocrx_word' id='word_1_76' title='bbox 453 1287 482 1335; x_wconf 90' lang='lat' dir='ltr'><strong>et</strong></span> <span class='ocrx_word' id='word_1_77' title='bbox 496 1277 538 1335; x_wconf 88' lang='lat' dir='ltr'><strong>sic</strong></span> <span class='ocrx_word' id='word_1_78' title='bbox 552 1276 589 1335; x_wconf 92' lang='lat' dir='ltr'><strong>de</strong></span> <span class='ocrx_word' id='word_1_79' title='bbox 604 1277 701 1336; x_wconf 89' lang='lat' dir='ltr'><strong>multis</strong></span> <span class='ocrx_word' id='word_1_80' title='bbox 716 1277 778 1336; x_wconf 88' lang='lat' dir='ltr'><strong>aliis</strong></span> <span class='ocrx_word' id='word_1_81' title='bbox 792 1277 996 1348; x_wconf 65' lang='lat' dir='ltr'><strong>locutionibus</strong></span> <span class='ocrx_word' id='word_1_82' title='bbox 1008 1278 1120 1335; x_wconf 89' lang='lat' dir='ltr'><strong>ratione</strong></span> 
     </span>
     <span class='ocr_line' id='line_1_10' title="bbox 61 1373 1119 1451; baseline 0.002 -21"><span class='ocrx_word' id='word_1_83' title='bbox 61 1391 188 1450; x_wconf 82' lang='lat' dir='ltr'><strong>quarum</strong></span> <span class='ocrx_word' id='word_1_84' title='bbox 202 1374 366 1433; x_wconf 84' lang='lat' dir='ltr'><strong>necessitati</strong></span> <span class='ocrx_word' id='word_1_85' title='bbox 380 1386 446 1432; x_wconf 92' lang='lat' dir='ltr'><strong>sunt</strong></span> <span class='ocrx_word' id='word_1_86' title='bbox 461 1373 542 1432; x_wconf 90' lang='lat' dir='ltr'><strong>multi</strong></span> <span class='ocrx_word' id='word_1_87' title='bbox 556 1374 665 1451; x_wconf 82' lang='lat' dir='ltr'><strong>ignari³</strong></span> <span class='ocrx_word' id='word_1_88' title='bbox 678 1376 709 1432; x_wconf 89' lang='lat' dir='ltr'><strong>in</strong></span> <span class='ocrx_word' id='word_1_89' title='bbox 728 1392 840 1434; x_wconf 85' lang='lat' dir='ltr'><strong>errores</strong></span> <span class='ocrx_word' id='word_1_90' title='bbox 860 1374 968 1433; x_wconf 85' lang='lat' dir='ltr'><strong>multos</strong></span> <span class='ocrx_word' id='word_1_91' title='bbox 983 1374 1119 1432; x_wconf 87' lang='lat' dir='ltr'><strong>incidere.</strong></span> 
     </span>
     <span class='ocr_line' id='line_1_11' title="bbox 62 1471 1120 1548; baseline -0.002 -16"><span class='ocrx_word' id='word_1_92' title='bbox 62 1471 126 1532; x_wconf 87' lang='lat' dir='ltr'><strong>Ista</strong></span> <span class='ocrx_word' id='word_1_93' title='bbox 147 1480 244 1530; x_wconf 91' lang='lat' dir='ltr'><strong>autern</strong></span> <span class='ocrx_word' id='word_1_94' title='bbox 269 1471 420 1546; x_wconf 88' lang='lat' dir='ltr'><strong>dispositio</strong></span> <span class='ocrx_word' id='word_1_95' title='bbox 443 1489 511 1529; x_wconf 91' lang='lat' dir='ltr'><strong>cum</strong></span> <span class='ocrx_word' id='word_1_96' title='bbox 536 1474 572 1530; x_wconf 86' lang='lat' dir='ltr'><strong>sit</strong></span> <span class='ocrx_word' id='word_1_97' title='bbox 593 1474 758 1548; x_wconf 88' lang='lat' dir='ltr'><strong>propinqua</strong></span> <span class='ocrx_word' id='word_1_98' title='bbox 778 1474 930 1543; x_wconf 86' lang='lat' dir='ltr'><strong>amicitiae,</strong></span> <span class='ocrx_word' id='word_1_99' title='bbox 952 1474 1055 1531; x_wconf 91' lang='lat' dir='ltr'><strong>dicitur</strong></span> <span class='ocrx_word' id='word_1_100' title='bbox 1081 1472 1120 1530; x_wconf 91' lang='lat' dir='ltr'><strong>ad</strong></span> 
     </span>
     <span class='ocr_line' id='line_1_12' title="bbox 62 1569 1120 1646; baseline 0 -17"><span class='ocrx_word' id='word_1_101' title='bbox 62 1569 182 1646; x_wconf 86' lang='lat' dir='ltr'><strong>aliquid,</strong></span> <span class='ocrx_word' id='word_1_102' title='bbox 203 1580 232 1628; x_wconf 89' lang='lat' dir='ltr'><strong>et</strong></span> <span class='ocrx_word' id='word_1_103' title='bbox 256 1586 324 1626; x_wconf 85' lang='lat' dir='ltr'><strong>cum</strong></span> <span class='ocrx_word' id='word_1_104' title='bbox 349 1569 462 1645; x_wconf 75' lang='lat' dir='ltr'><strong>potest⁴</strong></span> <span class='ocrx_word' id='word_1_105' title='bbox 487 1570 691 1629; x_wconf 88' lang='lat' dir='ltr'><strong>rationabiliter</strong></span> <span class='ocrx_word' id='word_1_106' title='bbox 715 1571 772 1630; x_wconf 93' lang='lat' dir='ltr'><strong>dici</strong></span> <span class='ocrx_word' id='word_1_107' title='bbox 792 1570 915 1645; x_wconf 81' lang='lat' dir='ltr'><strong>qualitas</strong></span> <span class='ocrx_word' id='word_1_108' title='bbox 936 1580 968 1629; x_wconf 91' lang='lat' dir='ltr'><strong>ut</strong></span> <span class='ocrx_word' id='word_1_109' title='bbox 993 1572 1120 1641; x_wconf 88' lang='lat' dir='ltr'><strong>virtutes,</strong></span> 
     </span>
     <span class='ocr_line' id='line_1_13' title="bbox 63 1664 1119 1745; baseline 0.002 -21"><span class='ocrx_word' id='word_1_110' title='bbox 63 1668 199 1745; x_wconf 85' lang='lat' dir='ltr'><strong>quamvis</strong></span> <span class='ocrx_word' id='word_1_111' title='bbox 227 1666 388 1725; x_wconf 89' lang='lat' dir='ltr'><strong>secundum</strong></span> <span class='ocrx_word' id='word_1_112' title='bbox 417 1664 592 1725; x_wconf 67' lang='lat' dir='ltr'><strong>Aristotelem</strong></span> <span class='ocrx_word' id='word_1_113' title='bbox 620 1667 767 1727; x_wconf 78' lang='lat' dir='ltr'><strong>dicantur⁶</strong></span> <span class='ocrx_word' id='word_1_114' title='bbox 792 1669 822 1725; x_wconf 93' lang='lat' dir='ltr'><strong>in</strong></span> <span class='ocrx_word' id='word_1_115' title='bbox 851 1667 970 1726; x_wconf 93' lang='lat' dir='ltr'><strong>homine</strong></span> <span class='ocrx_word' id='word_1_116' title='bbox 995 1667 1119 1727; x_wconf 86' lang='lat' dir='ltr'><strong>relative.</strong></span> 
     </span>
     <span class='ocr_line' id='line_1_14' title="bbox 62 1764 1118 1843; baseline -0.003 -17"><span class='ocrx_word' id='word_1_117' title='bbox 62 1765 229 1842; x_wconf 88' lang='lat' dir='ltr'><strong>Dispositio</strong></span> <span class='ocrx_word' id='word_1_118' title='bbox 242 1766 322 1823; x_wconf 90' lang='lat' dir='ltr'><strong>enim</strong></span> <span class='ocrx_word' id='word_1_119' title='bbox 336 1764 401 1824; x_wconf 91' lang='lat' dir='ltr'><strong>talis</strong></span> <span class='ocrx_word' id='word_1_120' title='bbox 418 1765 546 1840; x_wconf 85' lang='lat' dir='ltr'><strong>gratiosa</strong></span> <span class='ocrx_word' id='word_1_121' title='bbox 560 1766 648 1824; x_wconf 85' lang='lat' dir='ltr'><strong>habet</strong></span> <span class='ocrx_word' id='word_1_122' title='bbox 661 1768 804 1824; x_wconf 88' lang='lat' dir='ltr'><strong>rationem</strong></span> <span class='ocrx_word' id='word_1_123' title='bbox 824 1766 952 1841; x_wconf 88' lang='lat' dir='ltr'><strong>aliquam</strong></span> <span class='ocrx_word' id='word_1_124' title='bbox 966 1766 1118 1843; x_wconf 90' lang='lat' dir='ltr'><strong>qualitatis.</strong></span> 
     </span>
     <span class='ocr_line' id='line_1_15' title="bbox 62 1861 1120 1941; baseline -0.003 -18"><span class='ocrx_word' id='word_1_125' title='bbox 62 1863 104 1923; x_wconf 87' lang='lat' dir='ltr'><strong>Et</strong></span> <span class='ocrx_word' id='word_1_126' title='bbox 117 1872 206 1941; x_wconf 89' lang='lat' dir='ltr'><strong>patet,</strong></span> <span class='ocrx_word' id='word_1_127' title='bbox 221 1861 303 1938; x_wconf 92' lang='lat' dir='ltr'><strong>quod</strong></span> <span class='ocrx_word' id='word_1_128' title='bbox 316 1863 391 1921; x_wconf 86' lang='lat' dir='ltr'><strong>sicut</strong></span> <span class='ocrx_word' id='word_1_129' title='bbox 404 1863 636 1938; x_wconf 84' lang='lat' dir='ltr'><strong>praedestinatus</strong></span> <span class='ocrx_word' id='word_1_130' title='bbox 657 1882 718 1923; x_wconf 91' lang='lat' dir='ltr'><strong>non</strong></span> <span class='ocrx_word' id='word_1_131' title='bbox 733 1873 830 1940; x_wconf 88' lang='lat' dir='ltr'><strong>potest</strong></span> <span class='ocrx_word' id='word_1_132' title='bbox 844 1883 862 1922; x_wconf 87' lang='lat' dir='ltr'><strong>a</strong></span> <span class='ocrx_word' id='word_1_133' title='bbox 876 1864 993 1922; x_wconf 88' lang='lat' dir='ltr'><strong>caritate</strong></span> <span class='ocrx_word' id='word_1_134' title='bbox 1013 1863 1061 1922; x_wconf 93' lang='lat' dir='ltr'><strong>tali</strong></span> <span class='ocrx_word' id='word_1_135' title='bbox 1075 1862 1120 1921; x_wconf 91' lang='lat' dir='ltr'><strong>vel</strong></span> 
     </span>
     <span class='ocr_line' id='line_1_16' title="bbox 61 1961 1121 2038; baseline -0.002 -18"><span class='ocrx_word' id='word_1_136' title='bbox 61 1963 157 2038; x_wconf 87' lang='lat' dir='ltr'><strong>gratia</strong></span> <span class='ocrx_word' id='word_1_137' title='bbox 170 1961 313 2032; x_wconf 82' lang='lat' dir='ltr'><strong>excidere,</strong></span> <span class='ocrx_word' id='word_1_138' title='bbox 325 1961 366 2020; x_wconf 92' lang='lat' dir='ltr'><strong>sic</strong></span> <span class='ocrx_word' id='word_1_139' title='bbox 377 1962 535 2038; x_wconf 85' lang='lat' dir='ltr'><strong>praescitus</strong></span> <span class='ocrx_word' id='word_1_140' title='bbox 550 1980 611 2020; x_wconf 91' lang='lat' dir='ltr'><strong>non</strong></span> <span class='ocrx_word' id='word_1_141' title='bbox 625 1973 721 2038; x_wconf 90' lang='lat' dir='ltr'><strong>potest</strong></span> <span class='ocrx_word' id='word_1_142' title='bbox 736 1964 765 2020; x_wconf 92' lang='lat' dir='ltr'><strong>in</strong></span> <span class='ocrx_word' id='word_1_143' title='bbox 779 1962 827 2021; x_wconf 88' lang='lat' dir='ltr'><strong>illa</strong></span> <span class='ocrx_word' id='word_1_144' title='bbox 841 1963 958 2021; x_wconf 88' lang='lat' dir='ltr'><strong>caritate</strong></span> <span class='ocrx_word' id='word_1_145' title='bbox 969 1961 1013 2020; x_wconf 90' lang='lat' dir='ltr'><strong>vel</strong></span> <span class='ocrx_word' id='word_1_146' title='bbox 1027 1962 1121 2038; x_wconf 84' lang='lat' dir='ltr'><strong>gratia</strong></span> 
     </span>
     <span class='ocr_line' id='line_1_17' title="bbox 61 2052 1119 2137; baseline 0 -20"><span class='ocrx_word' id='word_1_147' title='bbox 61 2071 206 2137; x_wconf 91' lang='lat' dir='ltr'><strong>perpetuo</strong></span> <span class='ocrx_word' id='word_1_148' title='bbox 227 2059 393 2135; x_wconf 84' lang='lat' dir='ltr'><strong>perdurare,</strong></span> <span class='ocrx_word' id='word_1_149' title='bbox 408 2061 477 2135; x_wconf 93' lang='lat' dir='ltr'><strong>quia</strong></span> <span class='ocrx_word' id='word_1_150' title='bbox 497 2061 521 2118; x_wconf 90' lang='lat' dir='ltr'><strong>si</strong></span> <span class='ocrx_word' id='word_1_151' title='bbox 535 2062 706 2136; x_wconf 90' lang='lat' dir='ltr'><strong>oppositum</strong></span> <span class='ocrx_word' id='word_1_152' title='bbox 724 2052 900 2136; x_wconf 74' lang='lat' dir='ltr'><strong>contig&#39;erit⁶‚</strong></span> <span class='ocrx_word' id='word_1_153' title='bbox 916 2078 978 2119; x_wconf 91' lang='lat' dir='ltr'><strong>non</strong></span> <span class='ocrx_word' id='word_1_154' title='bbox 1000 2071 1044 2119; x_wconf 89' lang='lat' dir='ltr'><strong>est</strong></span> <span class='ocrx_word' id='word_1_155' title='bbox 1064 2060 1119 2118; x_wconf 84' lang='lat' dir='ltr'><strong>illa</strong></span> 
     </span>
     <span class='ocr_line' id='line_1_18' title="bbox 61 2157 1276 2246; baseline -0.002 -28"><span class='ocrx_word' id='word_1_156' title='bbox 61 2158 102 2218; x_wconf 88' lang='lat' dir='ltr'><strong>Et</strong></span> <span class='ocrx_word' id='word_1_157' title='bbox 116 2167 196 2234; x_wconf 88' lang='lat' dir='ltr'><strong>patet</strong></span> <span class='ocrx_word' id='word_1_158' title='bbox 209 2157 335 2216; x_wconf 84' lang='lat' dir='ltr'><strong>vanitas⁷</strong></span> <span class='ocrx_word' id='word_1_159' title='bbox 348 2168 514 2216; x_wconf 85' lang='lat' dir='ltr'><strong>nostrorum</strong></span> <span class='ocrx_word' id='word_1_160' title='bbox 529 2158 718 2234; x_wconf 89' lang='lat' dir='ltr'><strong>loquentium,</strong></span> <span class='ocrx_word' id='word_1_161' title='bbox 730 2161 779 2235; x_wconf 93' lang='lat' dir='ltr'><strong>qui</strong></span> <span class='ocrx_word' id='word_1_162' title='bbox 793 2169 918 2235; x_wconf 88' lang='lat' dir='ltr'><strong>ponunt,</strong></span> <span class='ocrx_word' id='word_1_163' title='bbox 932 2159 1014 2235; x_wconf 92' lang='lat' dir='ltr'><strong>quod</strong></span> <span class='ocrx_word' id='word_1_164' title='bbox 1027 2159 1120 2235; x_wconf 80' lang='lat' dir='ltr'><strong>gratia</strong></span> <span class='ocrx_word' id='word_1_165' title='bbox 1155 2169 1276 2246; x_wconf 53' lang='lat' dir='ltr'><strong>noem.</strong></span> 
     </span>
     <span class='ocr_line' id='line_1_19' title="bbox 61 2255 1279 2336; baseline -0.002 -20"><span class='ocrx_word' id='word_1_166' title='bbox 61 2256 128 2316; x_wconf 88' lang='lat' dir='ltr'><strong>talis</strong></span> <span class='ocrx_word' id='word_1_167' title='bbox 138 2256 223 2315; x_wconf 92' lang='lat' dir='ltr'><strong>datur</strong></span> <span class='ocrx_word' id='word_1_168' title='bbox 236 2256 346 2314; x_wconf 91' lang='lat' dir='ltr'><strong>homini</strong></span> <span class='ocrx_word' id='word_1_169' title='bbox 362 2257 474 2315; x_wconf 91' lang='lat' dir='ltr'><strong>nonde</strong></span> <span class='ocrx_word' id='word_1_170' title='bbox 489 2258 660 2315; x_wconf 87' lang='lat' dir='ltr'><strong>necessitate</strong></span> <span class='ocrx_word' id='word_1_171' title='bbox 674 2257 816 2328; x_wconf 87' lang='lat' dir='ltr'><strong>absoluta,</strong></span> <span class='ocrx_word' id='word_1_172' title='bbox 829 2258 852 2316; x_wconf 89' lang='lat' dir='ltr'><strong>si</strong></span> <span class='ocrx_word' id='word_1_173' title='bbox 863 2256 941 2333; x_wconf 85' lang='lat' dir='ltr'><strong>ipse⁸</strong></span> <span class='ocrx_word' id='word_1_174' title='bbox 957 2255 1119 2321; x_wconf 87' lang='lat' dir='ltr'><strong>salvabitur,</strong></span> <span class='ocrx_word' id='word_1_175' title='bbox 1154 2262 1279 2336; x_wconf 52' lang='lat' dir='ltr'><strong>ffipffffi</strong></span> 
     </span>
     <span class='ocr_line' id='line_1_20' title="bbox 61 2352 1118 2430; baseline -0.001 -16"><span class='ocrx_word' id='word_1_176' title='bbox 61 2353 117 2414; x_wconf 85' lang='lat' dir='ltr'><strong>sed</strong></span> <span class='ocrx_word' id='word_1_177' title='bbox 145 2352 228 2412; x_wconf 89' lang='lat' dir='ltr'><strong>datur</strong></span> <span class='ocrx_word' id='word_1_178' title='bbox 255 2353 292 2412; x_wconf 91' lang='lat' dir='ltr'><strong>de</strong></span> <span class='ocrx_word' id='word_1_179' title='bbox 321 2371 462 2430; x_wconf 86' lang='lat' dir='ltr'><strong>congnm,</strong></span> <span class='ocrx_word' id='word_1_180' title='bbox 489 2364 522 2412; x_wconf 92' lang='lat' dir='ltr'><strong>ut</strong></span> <span class='ocrx_word' id='word_1_181' title='bbox 549 2354 665 2413; x_wconf 84' lang='lat' dir='ltr'><strong>facilitet</strong></span> <span class='ocrx_word' id='word_1_182' title='bbox 692 2354 844 2413; x_wconf 89' lang='lat' dir='ltr'><strong>hominem</strong></span> <span class='ocrx_word' id='word_1_183' title='bbox 872 2355 910 2413; x_wconf 91' lang='lat' dir='ltr'><strong>ad</strong></span> <span class='ocrx_word' id='word_1_184' title='bbox 938 2355 1118 2414; x_wconf 91' lang='lat' dir='ltr'><strong>merendum.</strong></span> 
     </span>
     <span class='ocr_line' id='line_1_21' title="bbox 62 2449 1119 2529; baseline -0.002 -18"><span class='ocrx_word' id='word_1_185' title='bbox 62 2450 177 2511; x_wconf 84' lang='lat' dir='ltr'><strong>Totum</strong></span> <span class='ocrx_word' id='word_1_186' title='bbox 198 2449 316 2527; x_wconf 92' lang='lat' dir='ltr'><strong>quidem</strong></span> <span class='ocrx_word' id='word_1_187' title='bbox 338 2449 395 2509; x_wconf 93' lang='lat' dir='ltr'><strong>hoc</strong></span> <span class='ocrx_word' id='word_1_188' title='bbox 416 2461 459 2510; x_wconf 91' lang='lat' dir='ltr'><strong>est</strong></span> <span class='ocrx_word' id='word_1_189' title='bbox 481 2450 587 2510; x_wconf 82' lang='lat' dir='ltr'><strong>salsum</strong></span> <span class='ocrx_word' id='word_1_190' title='bbox 608 2461 637 2511; x_wconf 91' lang='lat' dir='ltr'><strong>et</strong></span> <span class='ocrx_word' id='word_1_191' title='bbox 656 2452 769 2510; x_wconf 88' lang='lat' dir='ltr'><strong>stultius</strong></span> <span class='ocrx_word' id='word_1_192' title='bbox 790 2470 880 2527; x_wconf 87' lang='lat' dir='ltr'><strong>quam</strong></span> <span class='ocrx_word' id='word_1_193' title='bbox 901 2470 981 2510; x_wconf 91' lang='lat' dir='ltr'><strong>error</strong></span> <span class='ocrx_word' id='word_1_194' title='bbox 995 2451 1119 2529; x_wconf 68' lang='lat' dir='ltr'><strong>pelago:</strong></span> 
     </span>
     <span class='ocr_line' id='line_1_22' title="bbox 61 2547 1119 2626; baseline -0.002 -17"><span class='ocrx_word' id='word_1_195' title='bbox 61 2549 102 2609; x_wconf 88' lang='lat' dir='ltr'><strong>Et</strong></span> <span class='ocrx_word' id='word_1_196' title='bbox 117 2547 305 2608; x_wconf 84' lang='lat' dir='ltr'><strong>conformiter</strong></span> <span class='ocrx_word' id='word_1_197' title='bbox 324 2548 522 2625; x_wconf 89' lang='lat' dir='ltr'><strong>despiciuntur</strong></span> <span class='ocrx_word' id='word_1_198' title='bbox 542 2567 627 2608; x_wconf 89' lang='lat' dir='ltr'><strong>casus</strong></span> <span class='ocrx_word' id='word_1_199' title='bbox 647 2550 852 2626; x_wconf 88' lang='lat' dir='ltr'><strong>impossibiles,</strong></span> <span class='ocrx_word' id='word_1_200' title='bbox 867 2550 972 2625; x_wconf 89' lang='lat' dir='ltr'><strong>quibus</strong></span> <span class='ocrx_word' id='word_1_201' title='bbox 991 2550 1119 2625; x_wconf 88' lang='lat' dir='ltr'><strong>ponitur,</strong></span> 
     </span>
     <span class='ocr_line' id='line_1_23' title="bbox 61 2646 1120 2724; baseline 0 -18"><span class='ocrx_word' id='word_1_202' title='bbox 61 2647 147 2724; x_wconf 91' lang='lat' dir='ltr'><strong>quod</strong></span> <span class='ocrx_word' id='word_1_203' title='bbox 159 2647 251 2723; x_wconf 84' lang='lat' dir='ltr'><strong>gratia</strong></span> <span class='ocrx_word' id='word_1_204' title='bbox 269 2646 363 2705; x_wconf 89' lang='lat' dir='ltr'><strong>finalis</strong></span> <span class='ocrx_word' id='word_1_205' title='bbox 384 2648 614 2723; x_wconf 78' lang='lat' dir='ltr'><strong>perseverantiae</strong></span> <span class='ocrx_word' id='word_1_206' title='bbox 635 2659 762 2706; x_wconf 90' lang='lat' dir='ltr'><strong>servetur</strong></span> <span class='ocrx_word' id='word_1_207' title='bbox 780 2666 817 2706; x_wconf 85' lang='lat' dir='ltr'><strong>ex</strong></span> <span class='ocrx_word' id='word_1_208' title='bbox 832 2646 888 2705; x_wconf 93' lang='lat' dir='ltr'><strong>Dei</strong></span> <span class='ocrx_word' id='word_1_209' title='bbox 907 2648 1120 2723; x_wconf 89' lang='lat' dir='ltr'><strong>omnipotentia</strong></span> 
     </span>
     <span class='ocr_line' id='line_1_24' title="bbox 62 2743 1120 2822; baseline 0 -18"><span class='ocrx_word' id='word_1_210' title='bbox 62 2747 95 2807; x_wconf 90' lang='lat' dir='ltr'><strong>in</strong></span> <span class='ocrx_word' id='word_1_211' title='bbox 109 2745 254 2821; x_wconf 85' lang='lat' dir='ltr'><strong>praescito</strong></span> <span class='ocrx_word' id='word_1_212' title='bbox 268 2743 312 2802; x_wconf 92' lang='lat' dir='ltr'><strong>vel</strong></span> <span class='ocrx_word' id='word_1_213' title='bbox 332 2745 472 2803; x_wconf 89' lang='lat' dir='ltr'><strong>damnato</strong></span> <span class='ocrx_word' id='word_1_214' title='bbox 487 2747 575 2804; x_wconf 83' lang='lat' dir='ltr'><strong>etiarn</strong></span> <span class='ocrx_word' id='word_1_215' title='bbox 593 2763 686 2822; x_wconf 91' lang='lat' dir='ltr'><strong>usque</strong></span> <span class='ocrx_word' id='word_1_216' title='bbox 706 2746 744 2805; x_wconf 92' lang='lat' dir='ltr'><strong>ad</strong></span> <span class='ocrx_word' id='word_1_217' title='bbox 758 2746 836 2805; x_wconf 92' lang='lat' dir='ltr'><strong>diem</strong></span> <span class='ocrx_word' id='word_1_218' title='bbox 853 2745 963 2822; x_wconf 89' lang='lat' dir='ltr'><strong>judicii,</strong></span> <span class='ocrx_word' id='word_1_219' title='bbox 979 2746 1024 2803; x_wconf 94' lang='lat' dir='ltr'><strong>vel</strong></span> <span class='ocrx_word' id='word_1_220' title='bbox 1037 2746 1120 2822; x_wconf 92' lang='lat' dir='ltr'><strong>quod</strong></span> 
     </span>
     <span class='ocr_line' id='line_1_25' title="bbox 61 2842 1120 2920; baseline 0 -18"><span class='ocrx_word' id='word_1_221' title='bbox 61 2852 182 2902; x_wconf 89' lang='lat' dir='ltr'><strong>maneat</strong></span> <span class='ocrx_word' id='word_1_222' title='bbox 196 2842 246 2901; x_wconf 82' lang='lat' dir='ltr'><strong>ac’</strong></span> <span class='ocrx_word' id='word_1_223' title='bbox 260 2843 292 2900; x_wconf 92' lang='lat' dir='ltr'><strong>in</strong></span> <span class='ocrx_word' id='word_1_224' title='bbox 305 2842 401 2918; x_wconf 90' lang='lat' dir='ltr'><strong>lapide</strong></span> <span class='ocrx_word' id='word_1_225' title='bbox 416 2843 577 2901; x_wconf 86' lang='lat' dir='ltr'><strong>informans</strong></span> <span class='ocrx_word' id='word_1_226' title='bbox 590 2844 696 2918; x_wconf 87' lang='lat' dir='ltr'><strong>ipsum,</strong></span> <span class='ocrx_word' id='word_1_227' title='bbox 711 2843 755 2902; x_wconf 90' lang='lat' dir='ltr'><strong>vel</strong></span> <span class='ocrx_word' id='word_1_228' title='bbox 774 2843 855 2920; x_wconf 91' lang='lat' dir='ltr'><strong>quod</strong></span> <span class='ocrx_word' id='word_1_229' title='bbox 870 2844 933 2920; x_wconf 86' lang='lat' dir='ltr'><strong>ejus</strong></span> <span class='ocrx_word' id='word_1_230' title='bbox 950 2844 1120 2904; x_wconf 84' lang='lat' dir='ltr'><strong>informatio</strong></span> 
     </span>
     <span class='ocr_line' id='line_1_26' title="bbox 62 2940 1119 3017; baseline 0 -18"><span class='ocrx_word' id='word_1_231' title='bbox 62 2943 96 2999; x_wconf 91' lang='lat' dir='ltr'><strong>in</strong></span> <span class='ocrx_word' id='word_1_232' title='bbox 109 2940 229 2999; x_wconf 89' lang='lat' dir='ltr'><strong>homine</strong></span> <span class='ocrx_word' id='word_1_233' title='bbox 244 2941 385 3017; x_wconf 88' lang='lat' dir='ltr'><strong>disposito</strong></span> <span class='ocrx_word' id='word_1_234' title='bbox 396 2941 436 2999; x_wconf 93' lang='lat' dir='ltr'><strong>ad</strong></span> <span class='ocrx_word' id='word_1_235' title='bbox 448 2942 572 3016; x_wconf 80' lang='lat' dir='ltr'><strong>gratiam</strong></span> <span class='ocrx_word' id='word_1_236' title='bbox 591 2941 794 3017; x_wconf 89' lang='lat' dir='ltr'><strong>suspendatur.</strong></span> <span class='ocrx_word' id='word_1_237' title='bbox 839 2941 878 2999; x_wconf 88' lang='lat' dir='ltr'><strong>Et</strong></span> <span class='ocrx_word' id='word_1_238' title='bbox 892 2943 933 2999; x_wconf 92' lang='lat' dir='ltr'><strong>sic</strong></span> <span class='ocrx_word' id='word_1_239' title='bbox 949 2940 986 3000; x_wconf 89' lang='lat' dir='ltr'><strong>de</strong></span> <span class='ocrx_word' id='word_1_240' title='bbox 1000 2942 1119 3000; x_wconf 88' lang='lat' dir='ltr'><strong>infinitis</strong></span> 
     </span>
     <span class='ocr_line' id='line_1_27' title="bbox 62 3037 1119 3115; baseline 0 -17"><span class='ocrx_word' id='word_1_241' title='bbox 62 3039 127 3098; x_wconf 88' lang='lat' dir='ltr'><strong>aliis</strong></span> <span class='ocrx_word' id='word_1_242' title='bbox 141 3037 305 3097; x_wconf 89' lang='lat' dir='ltr'><strong>fictionibus</strong></span> <span class='ocrx_word' id='word_1_243' title='bbox 316 3037 432 3109; x_wconf 82' lang='lat' dir='ltr'><strong>frivolis,</strong></span> <span class='ocrx_word' id='word_1_244' title='bbox 443 3040 549 3114; x_wconf 92' lang='lat' dir='ltr'><strong>quibus</strong></span> <span class='ocrx_word' id='word_1_245' title='bbox 563 3056 643 3097; x_wconf 89' lang='lat' dir='ltr'><strong>error</strong></span> <span class='ocrx_word' id='word_1_246' title='bbox 658 3039 694 3098; x_wconf 93' lang='lat' dir='ltr'><strong>de</strong></span> <span class='ocrx_word' id='word_1_247' title='bbox 709 3039 913 3111; x_wconf 85' lang='lat' dir='ltr'><strong>eucharistia¹⁰,</strong></span> <span class='ocrx_word' id='word_1_248' title='bbox 925 3039 1119 3115; x_wconf 85' lang='lat' dir='ltr'><strong>profundatus</strong></span> 
     </span>
     <span class='ocr_line' id='line_1_28' title="bbox 62 3136 1119 3214; baseline 0.001 -18"><span class='ocrx_word' id='word_1_249' title='bbox 62 3138 95 3196; x_wconf 89' lang='lat' dir='ltr'><strong>in</strong></span> <span class='ocrx_word' id='word_1_250' title='bbox 110 3137 171 3195; x_wconf 87' lang='lat' dir='ltr'><strong>aliis</strong></span> <span class='ocrx_word' id='word_1_251' title='bbox 185 3137 320 3206; x_wconf 89' lang='lat' dir='ltr'><strong>materiis,</strong></span> <span class='ocrx_word' id='word_1_252' title='bbox 335 3147 423 3196; x_wconf 92' lang='lat' dir='ltr'><strong>nocet</strong></span> <span class='ocrx_word' id='word_1_253' title='bbox 437 3137 562 3196; x_wconf 84' lang='lat' dir='ltr'><strong>scholae.</strong></span> <span class='ocrx_word' id='word_1_254' title='bbox 604 3136 669 3197; x_wconf 91' lang='lat' dir='ltr'><strong>Nec</strong></span> <span class='ocrx_word' id='word_1_255' title='bbox 684 3140 803 3196; x_wconf 90' lang='lat' dir='ltr'><strong>memini</strong></span> <span class='ocrx_word' id='word_1_256' title='bbox 813 3139 934 3214; x_wconf 81' lang='lat' dir='ltr'><strong>aliquos</strong></span> <span class='ocrx_word' id='word_1_257' title='bbox 955 3139 991 3197; x_wconf 95' lang='lat' dir='ltr'><strong>de</strong></span> <span class='ocrx_word' id='word_1_258' title='bbox 1011 3141 1119 3198; x_wconf 87' lang='lat' dir='ltr'><strong>sanctis</strong></span> 
     </span>
     <span class='ocr_line' id='line_1_29' title="bbox 63 3235 1118 3311; baseline 0 -17"><span class='ocrx_word' id='word_1_259' title='bbox 63 3235 235 3294; x_wconf 89' lang='lat' dir='ltr'><strong>doctoribus</strong></span> <span class='ocrx_word' id='word_1_260' title='bbox 256 3235 323 3293; x_wconf 89' lang='lat' dir='ltr'><strong>ante</strong></span> <span class='ocrx_word' id='word_1_261' title='bbox 345 3246 469 3311; x_wconf 90' lang='lat' dir='ltr'><strong>tempus,</strong></span> <span class='ocrx_word' id='word_1_262' title='bbox 485 3253 545 3311; x_wconf 91' lang='lat' dir='ltr'><strong>quo</strong></span> <span class='ocrx_word' id='word_1_263' title='bbox 568 3236 700 3295; x_wconf 83' lang='lat' dir='ltr'><strong>diabolus</strong></span> <span class='ocrx_word' id='word_1_264' title='bbox 722 3247 765 3294; x_wconf 92' lang='lat' dir='ltr'><strong>est</strong></span> <span class='ocrx_word' id='word_1_265' title='bbox 786 3237 905 3306; x_wconf 90' lang='lat' dir='ltr'><strong>solutus,</strong></span> <span class='ocrx_word' id='word_1_266' title='bbox 920 3237 962 3294; x_wconf 93' lang='lat' dir='ltr'><strong>sic</strong></span> <span class='ocrx_word' id='word_1_267' title='bbox 980 3235 1060 3311; x_wconf 93' lang='lat' dir='ltr'><strong>loqui</strong></span> <span class='ocrx_word' id='word_1_268' title='bbox 1081 3235 1118 3294; x_wconf 92' lang='lat' dir='ltr'><strong>de</strong></span> 
     </span>
     <span class='ocr_line' id='line_1_30' title="bbox 62 3333 1118 3411; baseline 0 -20"><span class='ocrx_word' id='word_1_269' title='bbox 62 3334 157 3411; x_wconf 86' lang='lat' dir='ltr'><strong>gratia</strong></span> <span class='ocrx_word' id='word_1_270' title='bbox 165 3353 173 3406; x_wconf 91' lang='lat'>;</span> <span class='ocrx_word' id='word_1_271' title='bbox 195 3333 248 3392; x_wconf 87' lang='lat' dir='ltr'><strong>sed</strong></span> <span class='ocrx_word' id='word_1_272' title='bbox 262 3351 342 3392; x_wconf 88' lang='lat' dir='ltr'><strong>error</strong></span> <span class='ocrx_word' id='word_1_273' title='bbox 353 3333 389 3393; x_wconf 93' lang='lat' dir='ltr'><strong>de</strong></span> <span class='ocrx_word' id='word_1_274' title='bbox 404 3333 604 3393; x_wconf 87' lang='lat' dir='ltr'><strong>eucharistia¹²</strong></span> <span class='ocrx_word' id='word_1_275' title='bbox 615 3344 681 3409; x_wconf 89' lang='lat' dir='ltr'><strong>post</strong></span> <span class='ocrx_word' id='word_1_276' title='bbox 695 3335 870 3392; x_wconf 88' lang='lat' dir='ltr'><strong>solutionem</strong></span> <span class='ocrx_word' id='word_1_277' title='bbox 883 3333 1006 3392; x_wconf 88' lang='lat' dir='ltr'><strong>Satanae</strong></span> <span class='ocrx_word' id='word_1_278' title='bbox 1021 3334 1118 3409; x_wconf 90' lang='lat' dir='ltr'><strong>plures</strong></span> 
     </span>
     <span class='ocr_line' id='line_1_31' title="bbox 61 3427 1118 3508; baseline -0.002 -18"><span class='ocrx_word' id='word_1_279' title='bbox 61 3433 95 3490; x_wconf 90' lang='lat' dir='ltr'><strong>in</strong></span> <span class='ocrx_word' id='word_1_280' title='bbox 119 3427 254 3490; x_wconf 77' lang='lat' dir='ltr'><strong>haereses</strong></span> <span class='ocrx_word' id='word_1_281' title='bbox 275 3431 345 3490; x_wconf 90' lang='lat' dir='ltr'><strong>alias</strong></span> <span class='ocrx_word' id='word_1_282' title='bbox 367 3433 527 3508; x_wconf 87' lang='lat' dir='ltr'><strong>captivavit</strong></span> <span class='ocrx_word' id='word_1_283' title='bbox 579 3432 627 3489; x_wconf 85' lang='lat' dir='ltr'><strong>Ad</strong></span> <span class='ocrx_word' id='word_1_284' title='bbox 651 3443 765 3489; x_wconf 87' lang='lat' dir='ltr'><strong>tanturn</strong></span> <span class='ocrx_word' id='word_1_285' title='bbox 789 3432 868 3489; x_wconf 92' lang='lat' dir='ltr'><strong>enim</strong></span> <span class='ocrx_word' id='word_1_286' title='bbox 893 3431 1055 3489; x_wconf 88' lang='lat' dir='ltr'><strong>balbutiunt</strong></span> <span class='ocrx_word' id='word_1_287' title='bbox 1079 3431 1118 3489; x_wconf 93' lang='lat' dir='ltr'><strong>illi</strong></span> 
     </span>
     <span class='ocr_line' id='line_1_32' title="bbox 62 3530 1118 3609; baseline 0 -20"><span class='ocrx_word' id='word_1_288' title='bbox 62 3531 160 3609; x_wconf 82' lang='lat' dir='ltr'><strong>grossi</strong></span> <span class='ocrx_word' id='word_1_289' title='bbox 178 3530 344 3600; x_wconf 89' lang='lat' dir='ltr'><strong>Simoniaci‚</strong></span> <span class='ocrx_word' id='word_1_290' title='bbox 360 3531 441 3606; x_wconf 92' lang='lat' dir='ltr'><strong>quod</strong></span> <span class='ocrx_word' id='word_1_291' title='bbox 459 3540 562 3606; x_wconf 91' lang='lat' dir='ltr'><strong>putant</strong></span> <span class='ocrx_word' id='word_1_292' title='bbox 582 3531 639 3588; x_wconf 88' lang='lat' dir='ltr'><strong>emi</strong></span> <span class='ocrx_word' id='word_1_293' title='bbox 654 3530 699 3587; x_wconf 93' lang='lat' dir='ltr'><strong>vel</strong></span> <span class='ocrx_word' id='word_1_294' title='bbox 718 3530 804 3588; x_wconf 89' lang='lat' dir='ltr'><strong>vendi</strong></span> <span class='ocrx_word' id='word_1_295' title='bbox 823 3530 955 3605; x_wconf 85' lang='lat' dir='ltr'><strong>gratiam,</strong></span> <span class='ocrx_word' id='word_1_296' title='bbox 971 3531 1045 3588; x_wconf 89' lang='lat' dir='ltr'><strong>sicut</strong></span> <span class='ocrx_word' id='word_1_297' title='bbox 1063 3531 1118 3589; x_wconf 91' lang='lat' dir='ltr'><strong>bos</strong></span> 
     </span>
     <span class='ocr_line' id='line_1_33' title="bbox 62 3629 1118 3705; baseline -0.001 -17"><span class='ocrx_word' id='word_1_298' title='bbox 62 3629 111 3688; x_wconf 85' lang='lat' dir='ltr'><strong>vel</strong></span> <span class='ocrx_word' id='word_1_299' title='bbox 125 3629 223 3688; x_wconf 90' lang='lat' dir='ltr'><strong>asinus</strong></span> <span class='ocrx_word' id='word_1_300' title='bbox 238 3637 339 3704; x_wconf 88' lang='lat' dir='ltr'><strong>posset</strong></span> <span class='ocrx_word' id='word_1_301' title='bbox 352 3629 428 3700; x_wconf 89' lang='lat' dir='ltr'><strong>emi;</strong></span> <span class='ocrx_word' id='word_1_302' title='bbox 450 3640 479 3688; x_wconf 93' lang='lat' dir='ltr'><strong>et</strong></span> <span class='ocrx_word' id='word_1_303' title='bbox 494 3629 535 3688; x_wconf 92' lang='lat' dir='ltr'><strong>sic</strong></span> <span class='ocrx_word' id='word_1_304' title='bbox 550 3639 714 3687; x_wconf 85' lang='lat' dir='ltr'><strong>mercantur</strong></span> <span class='ocrx_word' id='word_1_305' title='bbox 727 3647 796 3687; x_wconf 91' lang='lat' dir='ltr'><strong>cum</strong></span> <span class='ocrx_word' id='word_1_306' title='bbox 811 3629 960 3705; x_wconf 90' lang='lat' dir='ltr'><strong>emptione</strong></span> <span class='ocrx_word' id='word_1_307' title='bbox 974 3631 1075 3688; x_wconf 89' lang='lat' dir='ltr'><strong>veniae</strong></span> <span class='ocrx_word' id='word_1_308' title='bbox 1089 3639 1118 3687; x_wconf 91' lang='lat' dir='ltr'><strong>et</strong></span> 
     </span>
    </p>
   </div>
   <div class='ocr_carea' id='block_1_3' title="bbox 61 3872 1117 4267">
    <p class='ocr_par' dir='ltr' id='par_1_3' title="bbox 61 3872 1117 4267">
     <span class='ocr_line' id='line_1_34' title="bbox 98 3872 1117 3951; baseline -0.002 -27"><span class='ocrx_word' id='word_1_309' title='bbox 98 3875 107 3905; x_wconf 90' lang='lat'><strong>¹</strong></span> <span class='ocrx_word' id='word_1_310' title='bbox 123 3875 218 3940; x_wconf 87' lang='lat' dir='ltr'><strong>manet]</strong></span> <span class='ocrx_word' id='word_1_311' title='bbox 230 3882 337 3951; x_wconf 71' lang='lat' dir='ltr'><strong>maneat,</strong></span> <span class='ocrx_word' id='word_1_312' title='bbox 348 3874 382 3923; x_wconf 91' lang='lat' dir='ltr'><strong>D.</strong></span> <span class='ocrx_word' id='word_1_313' title='bbox 530 3873 541 3902; x_wconf 78' lang='lat'>²</span> <span class='ocrx_word' id='word_1_314' title='bbox 557 3872 730 3939; x_wconf 84' lang='lat' dir='ltr'><strong>subjectivam]</strong></span> <span class='ocrx_word' id='word_1_315' title='bbox 742 3874 911 3938; x_wconf 84' lang='lat' dir='ltr'><strong>subjectatam,</strong></span> <span class='ocrx_word' id='word_1_316' title='bbox 924 3875 1016 3950; x_wconf 65' lang='grc' dir='ltr'><strong>ΑΜἱ</strong></span> <span class='ocrx_word' id='word_1_317' title='bbox 1029 3873 1067 3923; x_wconf 88' lang='lat' dir='ltr'><strong>ed.</strong></span> <span class='ocrx_word' id='word_1_318' title='bbox 1079 3890 1117 3939; x_wconf 90' lang='lat' dir='ltr'><strong>pr.</strong></span> 
     </span>
     <span class='ocr_line' id='line_1_35' title="bbox 62 3939 1116 4035; baseline -0.004 -45"><span class='ocrx_word' id='word_1_319' title='bbox 62 3940 180 4006; x_wconf 69' lang='lat' dir='ltr'><strong>&#39;ignarfl</strong></span> <span class='ocrx_word' id='word_1_320' title='bbox 193 3940 308 4035; x_wconf 58' lang='lat' dir='ltr'><strong>ignorari.</strong></span> <span class='ocrx_word' id='word_1_321' title='bbox 320 3940 358 3989; x_wconf 88' lang='grc' dir='ltr'><strong>αξ</strong></span> <span class='ocrx_word' id='word_1_322' title='bbox 371 3955 407 4016; x_wconf 75' lang='lat' dir='ltr'><strong>pr.</strong></span> <span class='ocrx_word' id='word_1_323' title='bbox 499 3939 514 4015; x_wconf 38' lang='lat'><strong>&#39;¹</strong></span> <span class='ocrx_word' id='word_1_324' title='bbox 531 3955 587 4016; x_wconf 73' lang='lat' dir='ltr'><strong>curn</strong></span> <span class='ocrx_word' id='word_1_325' title='bbox 599 3941 693 4004; x_wconf 84' lang='lat' dir='ltr'><strong>potest]</strong></span> <span class='ocrx_word' id='word_1_326' title='bbox 705 3948 800 4034; x_wconf 66' lang='lat' dir='ltr'><strong>potest.²</strong></span> <span class='ocrx_word' id='word_1_327' title='bbox 808 3941 902 4015; x_wconf 70' lang='lat' dir='ltr'><strong>A.B3C.</strong></span> <span class='ocrx_word' id='word_1_328' title='bbox 968 3939 1116 4014; x_wconf 74' lang='lat' dir='ltr'><strong>’dicantur]</strong></span> 
     </span>
     <span class='ocr_line' id='line_1_36' title="bbox 61 4004 1117 4136; baseline -0.004 -14"><span class='ocrx_word' id='word_1_329' title='bbox 61 4021 114 4122; x_wconf 49' lang='lat' dir='ltr'><strong>gf</strong></span> <span class='ocrx_word' id='word_1_330' title='bbox 126 4005 160 4121; x_wconf 69' lang='lat' dir='ltr'><strong>It).</strong></span> <span class='ocrx_word' id='word_1_331' title='bbox 221 4071 231 4100; x_wconf 82' lang='lat'>⁸</span> <span class='ocrx_word' id='word_1_332' title='bbox 247 4005 596 4136; x_wconf 44' lang='grc' dir='ltr'><strong>ἰμὲῗῖἳεξίηὲῗὲἲῃῃεωιῖ</strong></span> <span class='ocrx_word' id='word_1_333' title='bbox 606 4006 697 4134; x_wconf 47' lang='lat' dir='ltr'><strong>tcffac</strong></span> <span class='ocrx_word' id='word_1_334' title='bbox 709 4070 747 4118; x_wconf 81' lang='lat' dir='ltr'><strong>si?</strong></span> <span class='ocrx_word' id='word_1_335' title='bbox 763 4004 1117 4133; x_wconf 42' lang='lat' dir='ltr'><strong>conjffltrifflfflxdlftgi:</strong></span> 
     </span>
     <span class='ocr_line' id='line_1_37' title="bbox 62 4087 1117 4211; baseline -0.002 -25"><span class='ocrx_word' id='word_1_336' title='bbox 62 4138 83 4166; x_wconf 83' lang='lat'><strong>¹⁰</strong></span> <span class='ocrx_word' id='word_1_337' title='bbox 98 4087 257 4201; x_wconf 58' lang='lat' dir='ltr'><strong>einhartus]</strong></span> <span class='ocrx_word' id='word_1_338' title='bbox 280 4151 367 4211; x_wconf 64' lang='lat' dir='ltr'><strong>omnes</strong></span> <span class='ocrx_word' id='word_1_339' title='bbox 387 4106 486 4185; x_wconf 64' lang='lat' dir='ltr'><strong>codices</strong></span> <span class='ocrx_word' id='word_1_340' title='bbox 505 4136 664 4211; x_wconf 76' lang='lat' dir='ltr'><strong>manuscripti</strong></span> <span class='ocrx_word' id='word_1_341' title='bbox 682 4143 823 4186; x_wconf 84' lang='lat' dir='ltr'><strong>constanter</strong></span> <span class='ocrx_word' id='word_1_342' title='bbox 844 4135 950 4185; x_wconf 87' lang='lat' dir='ltr'><strong>babent:</strong></span> <span class='ocrx_word' id='word_1_343' title='bbox 976 4134 1117 4186; x_wconf 81' lang='lat' dir='ltr'><strong>eukaristia.</strong></span> 
     </span>
     <span class='ocr_line' id='line_1_38' title="bbox 61 4200 737 4267; baseline -0.007 -13"><span class='ocrx_word' id='word_1_344' title='bbox 61 4203 80 4235; x_wconf 86' lang='lat'><strong>¹¹</strong></span> <span class='ocrx_word' id='word_1_345' title='bbox 97 4217 166 4254; x_wconf 84' lang='lat' dir='ltr'><strong>error</strong></span> <span class='ocrx_word' id='word_1_346' title='bbox 176 4200 209 4251; x_wconf 87' lang='lat' dir='ltr'><strong>de</strong></span> <span class='ocrx_word' id='word_1_347' title='bbox 219 4200 378 4267; x_wconf 78' lang='lat' dir='ltr'><strong>eucharistia]</strong></span> <span class='ocrx_word' id='word_1_348' title='bbox 390 4215 458 4252; x_wconf 85' lang='lat' dir='ltr'><strong>error</strong></span> <span class='ocrx_word' id='word_1_349' title='bbox 469 4201 637 4259; x_wconf 75' lang='lat' dir='ltr'><strong>eucharistiae,</strong></span> <span class='ocrx_word' id='word_1_350' title='bbox 649 4201 687 4252; x_wconf 89' lang='lat' dir='ltr'><strong>ed.</strong></span> <span class='ocrx_word' id='word_1_351' title='bbox 700 4216 737 4265; x_wconf 88' lang='lat' dir='ltr'><strong>pr.</strong></span> 
     </span>
    </p>
   </div>
   <div class='ocr_carea' id='block_1_4' title="bbox 0 0 1437 4836">
    <p class='ocr_par' dir='ltr' id='par_1_4' title="bbox 0 0 1437 4836">
     <span class='ocr_line' id='line_1_39' title="bbox 0 0 1437 4836; baseline 0 0"><span class='ocrx_word' id='word_1_352' title='bbox 0 0 1437 4836; x_wconf 95' lang='lat' dir='ltr'><strong> </strong></span> 
     </span>
    </p>
   </div>
  </div>
 </body>
</html>
