2864 4836
136 466 220 508 cuae
256 442 747 505 SUPPLEMENTUM
775 446 1068 508 TRIALOGI.

137 602 292 664 christinas
317 605 397 682 leges
422 607 576 684 perplexas
600 618 629 666 et
652 608 847 668 insundabiles
875 590 1010 668 ratione¹.
1057 609 1103 668 Ex
1128 611 1191 669 istis

138 703 284 778 colligitur
308 705 372 764 talis
397 707 487 764 ratio:
520 707 757 782 quandocunque
782 718 850 767 sunt
874 708 949 766 duae
971 708 1033 767 viae
1057 709 1190 785 objectae

138 800 260 872 bomini,
283 813 312 861 et
332 822 391 861 una
412 815 456 863 est
478 806 531 864 sibi
553 807 698 882 ambigua,
721 808 745 864 si
767 808 803 865 sit
824 806 967 884 legitima²
981 807 1025 864 vel
1048 808 1191 864 contraria

138 899 282 958 voluntati
293 901 358 971 Dei,
373 914 401 960 et
416 903 472 960 alia
486 915 530 962 est
545 915 624 963 certa
637 923 703 963 esse
717 906 871 974 meritoria,
886 906 941 964 ista
955 905 1092 980 ambigua
1105 904 1191 963 debet

138 996 244 1056 dimitti
258 1008 288 1057 et
302 1000 358 1058 alia
373 1001 459 1059 debet
472 1004 554 1078 capi;
584 1002 634 1061 sed
653 1003 695 1060 sic
710 1013 755 1061 est
774 1002 810 1061 de
831 1004 912 1061 omni
931 1012 1030 1062 curato
1050 1003 1191 1078 disposito

139 1094 179 1154 ad
192 1099 448 1170 contendendum;
471 1102 556 1176 igitur
567 1102 643 1159 viam
659 1120 791 1160 securam
806 1091 893 1160 debet
907 1121 1011 1178 capere
1023 1119 1084 1160 non
1098 1101 1192 1161 taliter

1211 1958 1214 2015 l

139 1197 356 1255 contendendo.
399 1197 447 1256 Sic
462 1200 541 1258 enim
552 1200 658 1258 Paulus
673 1218 751 1258 nunc
766 1199 906 1258 laboravit
920 1201 1055 1258 manibus
1069 1211 1098 1258 et
1113 1219 1192 1258 nunc

140 1292 179 1352 ab
207 1292 302 1352 alieno
325 1295 437 1371 populo
462 1299 538 1372 cepit
566 1297 749 1367 elemosinas,
776 1298 894 1374 quando
919 1301 1010 1356 avaris
1035 1297 1193 1357 Corinthiis

140 1392 319 1450 ministravit.
361 1392 399 1450 Et
413 1394 465 1452 ex³
480 1395 585 1453 talibus
600 1396 750 1454 evidentiis
770 1396 875 1473 dejecit
895 1396 1029 1454 diabolus
1043 1395 1145 1454 fratres
1163 1397 1193 1453 in

140 1488 302 1548 haeresim:
324 1491 455 1550 videntes
470 1510 506 1550 ex
520 1511 581 1551 uno
596 1493 691 1562 latere,
706 1494 786 1569 quod
806 1493 901 1552 nullus
920 1504 1036 1552 curatus
1050 1493 1138 1552 debet
1153 1494 1194 1551 sic

142 1605 197 1665 pro
212 1589 421 1666 temporalibus
437 1591 583 1666 placitare,
599 1591 770 1650 dimiserunt
789 1591 950 1650 secundum
970 1602 1089 1667 pactum
1108 1609 1193 1649 mun-

142 1686 254 1744 danum
275 1688 445 1764 temporalia
467 1707 484 1746 a
505 1689 590 1764 plebe
612 1691 736 1765 exigere,
758 1700 787 1748 et
807 1690 881 1748 versi
906 1701 973 1748 sunt
994 1691 1025 1747 in
1046 1690 1194 1748 mendica·

142 1785 254 1842 tionem
270 1784 487 1857 infundabilem,
502 1806 657 1863 perquam
672 1786 863 1864 hypocritice⁴
878 1788 1020 1846 docentur
1039 1805 1057 1845 a
1076 1786 1194 1846 diabolo

143 1884 287 1960 populum
301 1885 444 1960 spoliare;
466 1887 549 1962 cujus
563 1904 651 1944 causa
665 1898 708 1946 est
723 1887 791 1961 quia
811 1887 944 1945 nesciunt
964 1885 1093 1944 medium
1114 1885 1194 1943 labo·

142 1981 226 2039 randi
240 1983 375 2041 manibus
394 1983 439 2041 vel
458 1982 630 2041 exhortandi
651 1985 793 2060 populum
808 1985 902 2042 verbis
922 1995 949 2041 et
969 1983 1050 2043 sactis
1069 1984 1214 2041 rationa-¹

143 2079 251 2138 bilibus
277 2079 323 2137 vel
350 2079 380 2137 in
414 2098 550 2138 mensura
580 2098 713 2158 congrua
739 2081 840 2157 quoad
868 2098 954 2139 suum
982 2097 1135 2139 numerum
1164 2098 1195 2138 se

143 2176 270 2236 tenendi.
313 2177 352 2236 Et
372 2180 396 2236 si
417 2179 551 2255 objicitur
571 2189 602 2238 ut
625 2197 721 2255 supra,
743 2178 824 2256 quod
844 2178 997 2238 deficiente
1018 2179 1067 2238 tali
1088 2178 1195 2254 placito

144 2292 200 2351 pro
227 2276 414 2351 proventibus
442 2288 615 2346 curatorum,
644 2276 726 2335 multi
755 2276 850 2336 lorent
878 2277 1043 2336 necessitati
1073 2276 1196 2335 deficere

143 2392 214 2451 prae
233 2374 345 2433 inedia⁶
366 2375 411 2433 vel
430 2376 628 2434 miserabiliter
648 2374 832 2447 mendicare;
864 2375 912 2434 hic
934 2375 1036 2434 dicitur
1056 2385 1087 2433 ut
1108 2392 1196 2450 saepe

143 2473 237 2543 alias‘,
263 2474 352 2549 quod,
377 2473 443 2531 licet
467 2473 633 2532 mendicare
659 2474 694 2533 sit
719 2473 848 2543 amalo,
873 2485 971 2531 tamen
1000 2474 1029 2530 in
1055 2490 1125 2530 casu
1153 2481 1197 2529 est

144 2571 264 2642 licitum,
278 2573 376 2647 posito
397 2571 478 2648 quod
499 2571 735 2630 habundantibus
756 2572 831 2630 desit
850 2571 1056 2640 misericordia,
1078 2580 1106 2627 et
1128 2570 1198 2644 ipsis

145 2670 380 2750 mendicantibus
391 2670 521 2746 potentia
536 2670 609 2729 desit
623 2669 775 2728 laborandi
786 2669 830 2727 vel
841 2668 1010 2727 sufficientia
1026 2686 1056 2726 se
1068 2666 1196 2744 juvandi.

146 2765 233 2825 Unde
249 2767 278 2825 in
292 2769 379 2826 talem
398 2768 643 2826 mendicationem
657 2769 832 2827 inciderent⁷
852 2767 1018 2826 sacerdotes
1040 2776 1197 2842 antequam

146 2883 201 2942 pro
215 2865 423 2943 temporalibus
441 2866 620 2942 placitarent.
663 2865 751 2925 Unde
765 2867 876 2925 videtur
896 2867 977 2942 quod
996 2867 1068 2924 moti
1088 2883 1124 2923 ex
1144 2866 1198 2922 ista

146 2963 291 3024 evidentia
304 2960 457 3041 placitare⁸
471 2964 536 3040 plus
550 2963 705 3040 desperant
721 2966 756 3023 de
768 2964 824 3022 Dei
839 2964 977 3039 suffragio
991 2981 1080 3038 quarn
1095 2964 1198 3038 inopes

145 3062 228 3132 laici;
260 3073 288 3121 et
313 3081 436 3140 peccare
460 3080 514 3138 pro
539 3062 588 3120 tali
616 3063 818 3138 desperatione
843 3062 879 3120 de
905 3060 960 3120 Dei
986 3061 1129 3137 adjutorio
1154 3070 1198 3118 est

147 3164 271 3222 omnino
286 3163 417 3221 conditio
431 3160 562 3219 infidelis.

188 3260 323 3320 Similiter
347 3259 499 3318 manifeste
523 3270 666 3335 repugnat
691 3259 749 3334 legi
774 3259 895 3327 divinae,
919 3256 999 3333 quod
1025 3257 1090 3332 quis
1114 3266 1217 3355 vexetp

147 3360 235 3419 aliurn
259 3358 379 3437 injuste⁰
403 3358 511 3434 placito
535 3357 682 3434 exigendo
707 3357 865 3433 quidquam
894 3356 932 3413 ab
961 3355 1010 3413 illo
1039 3353 1218 3485 secundumi

148 3461 298 3528 rationem,
313 3475 402 3534 quarn
424 3475 485 3516 non
505 3457 558 3515 scit
579 3457 703 3532 probare
725 3473 789 3514 esse
805 3472 919 3526 veram;
950 3454 1002 3512 sed
1022 3455 1105 3529 juxta
1123 3453 1200 3511 dicta

147 3557 206 3617 hoc
226 3558 368 3633 contingit
382 3556 418 3614 de
433 3573 610 3634 quocunque
630 3565 730 3613 curato
750 3572 817 3612 curn
838 3553 897 3611 suis
917 3552 1039 3610 subditis
1058 3569 1112 3627 pro
1132 3569 1199 3627 pro·

147 3657 281 3715 ventibus
303 3655 475 3732 placitante;
507 3671 579 3730 ergo
604 3652 673 3711 illud
697 3663 741 3711 est
763 3653 886 3710 omnino
911 3651 1048 3710 illicitum.
1101 3649 1200 3708 Minor

148 3764 227 3832 patet
250 3772 286 3813 ex
312 3754 405 3819 dictis,
428 3771 495 3810 cum
517 3763 633 3810 curatus
654 3752 817 3828 praetendit
839 3752 867 3809 in
889 3751 937 3809 tali
959 3751 1066 3826 placito
1087 3749 1199 3819 rationi,

182 3964 314 4030 ¹ratione]
328 3966 354 4014 in
365 3967 469 4022 ratione.
482 3968 512 4016 C.
644 3966 780 4030 ’legitima
805 3966 879 4021 licita,
891 3966 921 4014 C.
1052 3964 1199 4028 ’etex]et‚

149 4046 200 4080 om.
212 4031 250 4088 C..
259 4032 283 4079 b.
296 4032 390 4096 primae
401 4048 496 4080 manus.
601 4031 609 4059 ⁴
628 4033 782 4096 hypocritice
808 4031 942 4095 hypocrite,
955 4031 995 4080 ie.
1007 4031 1157 4107 hypocritae,
1170 4032 1199 4079 C.
1216 4030 1218 4035 '

149 4097 159 4125 ⁵
176 4112 235 4161 prae
246 4097 338 4161 inedia]
352 4113 395 4162 per
406 4097 522 4153 inediam.
535 4097 563 4146 C.
663 4098 672 4126 ⁸
689 4097 763 4161 alias]
776 4113 825 4146 orn.
838 4098 866 4146 C.
971 4096 980 4124 ⁷
998 4095 1145 4160 inciderent]
1157 4096 1199 4144 ie.
1216 4042 1219 4157 l

150 4161 268 4212 deberent
280 4162 400 4218 incidere;
419 4162 562 4217 inciderunt,
574 4163 654 4212 a.b.C.
758 4163 767 4190 ⁸
784 4163 825 4211 ie.
838 4162 878 4226 qui
893 4161 935 4210 tali
949 4162 1042 4212 ratione
1053 4162 1115 4212 moti
1127 4160 1201 4225 placi·
1216 4176 1220 4271 Ι

151 4235 213 4276 tant.
312 4228 440 4291 ⁹i11jusre]
454 4227 560 4290 injuste,
573 4229 601 4276 C.
1217 4284 1220 4312 ι

1405 4218 1409 4269 i
