2864 4836
141 431 239 472 cnm
503 414 842 479 TRJALOGUS.

136 571 223 650 quod
237 573 399 634 innaturale
412 585 465 648 est,
478 576 559 653 quod
573 595 658 637 mens
672 577 800 636 hominis
815 576 986 655 temporalia
1003 579 1045 638 sic
1068 577 1195 638 indebite

140 672 341 756 concupiscat.
384 671 422 732 Et
442 672 515 733 haec
536 676 609 733 ratio
634 675 752 752 ponitur
773 678 974 747 communiter,
996 694 1084 753 quare
1106 694 1196 754 appe-

140 769 214 829 titus
234 771 312 829 avari
333 782 377 831 est
391 771 559 831 insatiabilis
576 783 715 849 tanquam
738 772 913 850 hydropiei¹,
928 793 996 833 curn
1017 793 1079 832 non
1101 786 1197 852 potest

142 865 176 926 ln
190 868 377 944 possessione
388 886 530 928 vanomm
541 870 743 947 temporalium
755 873 858 942 satiari,
871 872 923 931 sed
939 884 1197 950 quantumcunque

143 963 183 1024 de
197 964 252 1024 illis
265 964 405 1037 habuerit,
417 969 527 1043 appetit
540 969 652 1026 bonum
667 968 810 1027 infinitum
825 967 982 1045 superius¹‚
994 970 1091 1029 Deum
1103 989 1196 1030 suum.

143 1062 220 1124 Ideo
234 1063 304 1123 dicit
317 1063 512 1141 Augustinus:
535 1066 655 1125 ‘creasti
669 1084 726 1135 me,
742 1065 879 1138 Domine,
894 1068 932 1127 ad
947 1078 983 1138 te,
998 1079 1027 1128 et
1037 1069 1198 1145 inquietum

143 1170 190 1222 est
216 1179 269 1222 cor
296 1180 395 1221 meum
423 1163 519 1223 donec
546 1149 708 1241 requiescat
736 1163 766 1221 in
795 1164 855 1223 te³.'
899 1164 964 1224 Nee
991 1176 1036 1224 est
1060 1167 1198 1242 possibile

143 1259 285 1321 antehoc
300 1262 428 1321 animam
446 1262 550 1333 satiari,
566 1263 633 1322 ideo
647 1264 678 1322 in
696 1265 811 1342 psalmo
831 1262 950 1322 dicitur:
974 1265 1117 1323 ‘satiabor
1131 1282 1198 1323 cum

143 1359 310 1436 apparuerit
324 1359 416 1434 gloria
429 1358 510 1419 tua⁴.’
553 1359 639 1432 Cum,
654 1363 786 1439 inquiunt
802 1363 946 1431 doctores,
961 1362 1060 1418 anima
1070 1360 1199 1420 humana

144 1456 183 1516 sit
204 1456 355 1516 sublimior
376 1468 404 1516 et
425 1459 525 1534 purior
545 1458 630 1519 coelo
651 1460 815 1537 empyreol,
830 1459 948 1518 exaltari
970 1458 1057 1517 debet
1073 1459 1199 1533 magisa

143 1553 325 1612 terrestribus
339 1554 370 1611 in
390 1553 552 1627 affectione,
567 1572 656 1632 quam
675 1555 851 1617 exaltantur⁰
866 1555 940 1615 coeli
955 1574 972 1615 a
987 1556 1105 1615 terrain
1119 1556 1198 1615 loca·

143 1651 235 1710 tione.
278 1649 350 1709 Non
364 1670 435 1729 ergo
450 1653 536 1712 saciat
549 1672 652 1713 avarus
671 1673 723 1731 per
738 1674 822 1715 suam
841 1653 1008 1730 cupidinem
1023 1653 1099 1712 istud
1113 1671 1198 1710 mon·

142 1760 246 1821 strum,
267 1760 299 1809 ut
320 1750 406 1810 saciat
426 1751 484 1811 hoc
505 1752 619 1812 coelum
641 1753 679 1812 ad
700 1753 918 1812 similitudinem
933 1751 990 1810 Dei
1007 1751 1116 1810 sactum
1137 1761 1198 1808 tam

141 1849 342 1910 innaturaliter
360 1853 541 1911 terrestribus
563 1854 735 1925 adhaerere3
766 1871 835 1911 nam
857 1861 999 1928 quantum
1021 1851 1050 1908 in
1065 1851 1130 1926 ipso
1145 1859 1197 1919 est,

112 2020 117 2027 ¹
142 1966 214 2009 cum
228 1946 309 2007 Deus
323 1948 466 2009 habitare¹
480 1950 585 2011 debeat
599 1952 629 2009 in
648 1951 759 2011 munda
780 1951 886 2022 anima,
901 1959 932 2006 ut
952 1947 1068 2025 speciali
1088 1947 1198 2006 habita-

143 2045 223 2117 culo,
237 2046 416 2123 culpabiliter
431 2048 553 2108 dislocat
565 2050 663 2108 Deum
675 2068 769 2121 suum,
779 2059 808 2110 et
822 2061 941 2107 naturae
952 2046 1067 2125 regulas
1078 2056 1199 2106 conatur

143 2143 318 2205 subvertere.
359 2144 448 2205 Unde
469 2146 537 2206 dicit
558 2145 757 2219 Bernhardus,
780 2166 848 2207 cum
873 2147 971 2206 anima
993 2146 1030 2205 sit
1053 2142 1199 2222 spirituale

143 2242 271 2314 coelum,
296 2255 431 2320 respectu
464 2246 546 2322 cujus
579 2247 694 2305 coelum
727 2245 874 2305 materiale
908 2245 1012 2303 dieitur
1043 2244 1198 2314 desem,

143 2340 246 2401 Lucae
257 2339 327 2414 xv.⁸,
339 2361 393 2419 pro
404 2361 465 2420 quo
475 2344 561 2402 coelo
572 2345 710 2421 spirituali
725 2343 896 2403 redimendo
907 2341 1054 2401 Dominus
1065 2342 1199 2418 dignatus

141 2449 191 2501 est
215 2441 299 2511 mori,
323 2452 433 2516 quanta
456 2460 527 2518 ergo
552 2445 723 2518 perversitas
748 2455 867 2502 naturae
892 2440 966 2499 soret
993 2440 1113 2516 implere
1140 2438 1198 2498 hoc

142 2538 262 2599 coelum
283 2550 375 2597 terrae
396 2539 607 2616 phantasmate,
622 2552 650 2601 et
672 2540 906 2617 supercumulare
927 2549 1041 2597 terrena
1061 2537 1198 2614 phantas-

142 2644 226 2694 mata
244 2628 389 2712 superflue
408 2655 494 2714 super
513 2639 619 2714 ipsum.
661 2639 710 2698 Ad
728 2637 814 2697 illud⁹
828 2631 924 2696 valent
939 2635 1030 2694 multa
1047 2654 1109 2706 vae,
1124 2653 1198 2712 quae

143 2734 287 2810 scriptura
307 2734 482 2811 imprecatur
496 2737 597 2807 avaris,
612 2748 641 2795 et
654 2736 745 2796 multa
765 2736 842 2794 mala
861 2753 936 2812 quae
956 2751 992 2792 ex
1007 2745 1128 2810 peccato
1142 2735 1198 2792 isto

143 2833 328 2910 proveniunt.
371 2832 492 2893 Certum
513 2834 633 2911 quidem
649 2847 700 2906 est,
716 2835 796 2912 quod
820 2833 952 2893 Scarioth
974 2842 1094 2909 propter
1108 2833 1198 2891 avari-

143 2930 218 2990 tiam
231 2931 360 2990 vendidit
376 2930 576 3004 Salvatorem;
606 2932 674 2991 sic¹⁰
692 2942 856 2992 mercantes
876 2932 1044 3001 simoniace,
1061 2942 1198 3007 raptores,

142 3127 225 3186 enirn
239 3127 311 3186 tales
325 3145 379 3203 pro
398 3127 553 3188 affectione
573 3129 701 3188 indebita
721 3129 924 3205 temporalium
945 3136 1012 3184 sunt
1031 3125 1150 3196 seducti,
1170 3137 1199 3185 et

143 3224 241 3300 major
251 3242 319 3301 pars
333 3223 471 3284 falsonrm
482 3227 621 3285 viantium
635 3246 672 3285 ex
688 3227 842 3285 affectione
853 3226 981 3284 indebita
995 3224 1199 3300 temporalium

142 3321 256 3382 trahit¹¹
271 3324 414 3399 originem
435 3323 500 3399 plus
514 3324 558 3383 vel
579 3326 685 3394 minus,
702 3336 732 3382 ut
753 3334 832 3401 patet
854 3325 891 3383 de
912 3323 982 3382 false
1004 3324 1199 3382 mercantibus

147 3421 180 3480 in
194 3420 259 3480 foro
274 3423 434 3492 communi,
449 3423 486 3481 de
501 3422 579 3482 salsis
598 3424 765 3482 simoniacis
779 3422 834 3480 et¹¹
848 3423 944 3480 multis
964 3423 1025 3481 aliis
1044 3422 1199 3498 generibus

143 3529 343 3596 peccatomm.
393 3519 481 3580 Unde
511 3521 584 3579 sicut
613 3520 716 3580 Simon
744 3519 882 3595 magus¹³,
909 3521 949 3579 sic
976 3520 1108 3580 Scarioth
1132 3532 1199 3579 sunt

142 3615 235 3676 duces
255 3616 406 3689 notabiles,
421 3618 561 3677 ducentes
582 3636 683 3677 secum
705 3635 846 3694 magnum
866 3619 1024 3677 exercitum
1046 3618 1198 3676 hominum

177 3821 185 3850 ¹
194 3818 347 3949 ]Ῑιγ(1τοῙ)ἰέι
356 3820 474 3887 ydropici,
486 3822 566 3872 Codd.
580 3822 652 3873 MSS.
815 3820 826 3850 ¹
842 3822 968 3888 superius]
981 3823 1100 3888 supernis,
1111 3821 1150 3872 ed.
1162 3838 1199 3887 pr.

142 3883 195 3935 'te
219 3886 289 3935 terris
377 3904 412 3944 r.;
430 3887 461 3936 cf.
480 3888 548 3937 Con
546 3903 634 3937 essron
647 3888 667 3937 I
680 3904 701 3937 c.
716 3901 737 3936 1.
912 3889 942 3938 cs.
956 3889 1063 3938 Psxvii.
1076 3888 1148 3951 (xvi.)
1164 3901 1201 3950 15.

142 3885 227 4014 ‘emp
228 3951 299 4016 yr]eo
287 3951 333 4016 ]C
367 3953 392 4001 d
406 3924 479 4014 blSS',
490 3953 582 4002 habent
593 3969 711 4017 empireo
867 3952 1043 4019 ‘exaltantud
1056 3953 1199 4006 exaltentur.

144 3965 256 4065 A.B.Cyr
387 4016 525 4068 'habitare
551 4018 694 4074 inhabitare,
708 4019 802 4071 A...BC
814 4018 852 4070 ed.
864 4035 902 4084 pr.
1049 4020 1059 4047 ¹
1077 4019 1135 4068 Luc.
1147 4018 1198 4082 xv.]

143 4080 241 4131 Luc
217 4080 268 4138 xri„
280 4081 342 4131 ΑΒ.
491 4082 591 4147 lud]
604 4084 637 4140 rd
649 4084 687 4133 ed
700 4100 737 4148 pr.
886 4084 905 4114 ¹⁰
921 4083 969 4148 src]
982 4085 1052 4140 sicut.
1066 4084 1099 4132 D.
1111 4083 1149 4133 ed.
1161 4099 1199 4148 pr.

143 4146 161 4177 ¹¹
179 4118 268 4210 trahit]⁹
280 4147 361 4203 traxit,
373 4148 436 4198 ΑΗΒ
585 4148 604 4180 ¹¹
620 4149 657 4214 et]
670 4150 753 4207 etiam,
766 4149 827 4199 ΑΒ.
967 4150 985 4180 ¹³
1001 4150 1088 4200 Simon
1100 4149 1199 4214 magus]

143 4211 302 4269 simoniacus
315 4213 377 4263 ΑΗΕ
390 4230 485 4279 prrmac
495 4229 591 4264 manus
