2864 4836
154 360 195 421 14
389 348 392 353 ’
495 338 951 402 PROLEGOMENA.

149 508 188 566 ab
210 505 307 565 inferis
331 503 509 564 solertissimi
533 503 684 582 cujusdam
708 505 881 582 typographi
905 505 1047 564 beneficio
1069 514 1097 563 et
1121 521 1213 580 opera
1237 521 1300 563 non

149 611 259 688 vulgari
273 630 311 670 ex
323 610 491 688 longinquis
504 610 641 681 adscitus,
656 612 686 668 in
700 610 796 670 lucem
810 611 982 670 reviviscens
996 611 1102 686 prodit,
1117 611 1167 686 qui
1182 614 1228 684 (ut
1242 620 1299 669 tes-

152 728 247 778 tantur
267 718 469 789 monumenta)
492 716 653 775 noverit-‘
663 715 733 792 quid
754 715 860 775 distent
881 734 948 775 aera
968 715 1091 792 lupinis!

191 826 308 887 Tamen
335 825 410 884 adeo
435 824 529 884 sterile
557 843 591 884 ac
618 824 715 883 infelix
742 834 811 895 erat,
836 842 897 900 quo
920 825 998 895 vixit,
1024 823 1179 895 saeculum,
1205 833 1299 883 uteo

150 953 210 1013 quo
233 935 318 995 decet
342 936 436 995 nitore
461 933 538 1012 (licet
562 932 623 1013 pie)
646 952 709 993 non
733 933 833 1011 potuit,
858 943 907 993 aut
931 935 955 994 si
979 935 1081 1010 potuit,
1106 935 1203 994 minus
1228 953 1298 995 suae

150 1046 237 1106 aetati
263 1044 349 1114 licuit,
374 1042 513 1102 caelestes
540 1042 595 1101 sibi
623 1041 705 1101 datas
732 1059 805 1118 opes
832 1043 961 1100 exactius
989 1042 1148 1117 posteritati
1176 1041 1298 1101 deman-

151 1151 229 1211 dare.
281 1149 341 1209 Hic
369 1147 516 1219 Wiclefus,
541 1149 690 1208 mitissime
718 1147 816 1218 lector,
841 1148 946 1223 partim
974 1149 1070 1224 operis
1099 1149 1230 1224 ingressu
1259 1150 1299 1206 ob

151 1256 259 1317 saeculi
279 1256 323 1315 sui
347 1255 522 1314 sterilitatem
543 1272 644 1330 aspere
668 1253 862 1330 perplexaque
883 1253 993 1313 videtur
1013 1253 1102 1330 loqui,
1124 1252 1219 1313 crudis
1242 1271 1298 1329 pro

151 1375 283 1442 tempore
310 1380 365 1421 suo
389 1361 615 1421 Dialecticorum
638 1360 787 1420 vocabulis
814 1361 871 1432 uti;
907 1378 944 1419 ne
968 1379 1030 1419 rem
1055 1361 1148 1437 ipsam
1177 1361 1218 1419 ob
1242 1361 1300 1420 stili

151 1471 335 1548 asperitatem
360 1487 394 1527 ac
417 1468 517 1528 lexeos
541 1466 705 1528 salebrosos
730 1477 882 1527 contextus
905 1466 1102 1538 exhorrescas,
1124 1463 1176 1526 sed
1201 1469 1300 1544 potius

152 1580 252 1637 animo
275 1576 420 1634 constanti
444 1574 635 1651 progredere3
665 1574 836 1650 dispeream,
861 1573 892 1632 ni
914 1573 1021 1634 sentias
1044 1573 1194 1632 hominem
1217 1574 1299 1650 pium

152 1700 188 1743 ac
206 1692 340 1743 sanctum
359 1679 496 1750 secundo,
510 1680 593 1739 tertio
612 1697 646 1739 ac
665 1689 769 1756 quarto
789 1681 876 1753 libris,
890 1681 932 1739 uti
951 1698 1006 1739 nec
1020 1681 1051 1738 in
1064 1682 1159 1757 primo
1173 1680 1299 1740 solidam

152 1786 331 1863 theologiam
363 1787 532 1862 neutiquam
567 1785 751 1845 dissimulans
779 1803 813 1845 ac
839 1786 988 1844 veritatem
1015 1785 1089 1845 inter
1117 1783 1300 1862 Cymmerias

154 1896 198 1974 (ut
225 1891 316 1971 aiunt)
344 1896 478 1953 tenebras
513 1911 611 1953 sacrae
645 1895 802 1970 scripturae
835 1894 943 1953 amussi
971 1893 1154 1952 conformem
1182 1893 1299 1964 docere,

145 2020 215 2061 non
235 2000 373 2061 eminenti
396 1999 514 2076 quidem
537 2017 690 2070 sermone;
720 1999 882 2058 nonenim
906 2000 962 2058 isto
985 1999 1090 2058 sedin
1110 1999 1213 2057 virtute
1234 2016 1300 2075 reg-

153 2126 225 2168 num
244 2104 300 2165 Dei
315 2107 454 2176 consistit,
469 2105 612 2182 siquidem
626 2105 753 2164 veritatis
768 2104 892 2182 simplex
906 2114 951 2164 est
965 2106 1066 2176 oratio,
1081 2113 1110 2164 et
1128 2115 1160 2164 ut
1178 2105 1299 2163 minime

154 2215 282 2273 mendax
309 2228 361 2287 est,
386 2218 428 2276 sic
452 2218 578 2276 auctoris
602 2217 693 2274 nostri
718 2215 831 2275 wiclefi
855 2215 1014 2275 candorem
1036 2225 1064 2273 et
1086 2215 1192 2274 mentis
1215 2214 1301 2272 inno·

154 2322 280 2380 centiam
299 2332 527 2400 repraesentans,
542 2323 694 2381 verborum
715 2323 865 2381 lenociniis
886 2340 921 2380 ac
942 2320 1010 2380 fuco
1030 2339 1091 2379 non
1111 2330 1185 2397 eget
1229 2319 1300 2378 Non

153 2431 233 2489 enim
249 2430 461 2507 Christologias
481 2431 505 2490 is
526 2441 625 2491 noster
639 2430 778 2490 Wiclefus
792 2430 844 2489 sed
861 2429 985 2488 veritatis
999 2427 1180 2487 Christianae
1202 2425 1302 2485 solidi·

155 2547 243 2595 tatem
278 2555 427 2615 spargens,
456 2554 515 2612 qua
542 2537 611 2595 nihil
644 2535 829 2595 commodius
861 2534 1058 2609 celebriusque
1086 2532 1301 2609 simplicissimo

153 2644 236 2720 juxta
257 2645 439 2720 apertissimo
460 2661 594 2702 sermone
616 2642 725 2719 profert
745 2642 839 2718 magis
860 2658 922 2699 rem
943 2641 1036 2716 ipsam
1060 2656 1149 2715 quam
1169 2638 1301 2697 Atticum

155 2751 300 2808 sermonis
320 2748 459 2825 leporem,
481 2767 586 2809 curans
607 2768 645 2809 ne
666 2749 739 2809 forte
763 2751 837 2808 ebur
857 2758 1019 2808 atramento
1040 2746 1230 2807 candefacere
1251 2758 1303 2806 aut

154 2855 253 2914 lumen
268 2855 321 2913 soli
341 2855 448 2914 addere
461 2855 612 2915 videretur.
654 2855 690 2915 id
710 2855 790 2932 quod
803 2856 928 2915 veritatis
942 2855 1050 2913 inimici
1069 2855 1165 2913 nativa
1177 2854 1301 2930 poniria‚

154 2979 305 3037 nunquam
330 2978 392 3020 non
417 2962 634 3021 euribatisantes
659 2962 729 3021 vitio
753 2970 906 3033 verterunt,
927 2960 957 3019 id
982 2960 1063 3037 quod
1084 2959 1301 3019 Constantiensi

155 3068 279 3128 concilio
304 3086 339 3126 ac
367 3067 428 3127 aliis
456 3068 580 3127 comitiis
594 3086 712 3128 cernere
740 3077 793 3139 est,
821 3067 871 3127 ubi
899 3077 1034 3144 coeptam
1062 3065 1301 3126 monomachiam

155 3174 200 3234 vel
223 3176 288 3250 ipso
311 3183 427 3232 mortuo
451 3174 608 3234 absolvere.
652 3173 767 3232 Ibidem
789 3174 867 3233 enim
889 3173 1045 3244 decretum,
1066 3173 1130 3231 libri
1151 3184 1302 3232 auctorem

154 3280 301 3360 Joannem
335 3280 487 3358 Wclesum,
515 3281 565 3357 qui
590 3281 653 3358 jam
679 3280 730 3339 diu
756 3281 830 3339 vitae
858 3297 927 3339 suae
955 3280 1147 3356 temporariae
1175 3296 1302 3354 pensum

155 3387 334 3459 absolvisset,
348 3405 383 3447 ac
398 3387 551 3464 sepultum,
567 3405 665 3446 rursus
685 3386 784 3457 effodi,
798 3404 834 3446 ac
854 3387 917 3464 ejus
931 3404 1000 3445 ossa
1020 3387 1141 3445 cremari
1163 3395 1303 3444 statutum

155 3503 207 3552 est.
250 3494 278 3554 Ο
307 3495 493 3553 caecitateml
536 3493 564 3553 Ο
588 3493 745 3552 vindictam
770 3491 930 3568 insigneml
963 3489 1022 3563 Qui
1050 3501 1081 3550 ut
1108 3492 1138 3549 in
1166 3490 1304 3552 humanis

155 3599 195 3658 ita
219 3600 249 3658 iu
272 3600 383 3658 umbris
407 3597 608 3675 placidissimis
632 3614 700 3655 cum
723 3595 840 3656 Christo
864 3596 1016 3672 quiescens
1040 3596 1169 3671 magistri
1193 3612 1302 3673 nempe

155 3703 261 3764 Christi
282 3703 394 3763 domini
415 3705 459 3763 sui
479 3704 560 3762 testis
580 3704 677 3763 evasit
719 3702 777 3762 His
797 3703 907 3781 paucis,
922 3702 1085 3761 Christiane
1106 3702 1205 3774 lector,
1229 3702 1304 3777 vale,

153 3821 183 3870 et
204 3809 397 3887 Typographi
417 3827 538 3887 operam
558 3810 629 3869 boni
650 3809 777 3869 consule.

195 4208 313 4289 Prologi
339 4231 453 4274 summa
474 4214 522 4285 ,his
547 4233 665 4293 quoque
689 4217 826 4289 versibus,
852 4218 915 4276 sine
937 4215 1027 4277 dubio
1051 4235 1069 4274 a
1093 4217 1208 4293 prologi
1233 4238 1305 4282 auc-
