2864 4836
137 447 233 485 carae
507 422 849 486 TRIALOGUS.

139 602 201 663 pro
229 584 338 645 eodem
365 585 485 647 instanti
512 586 577 663 ipsa
603 585 662 646 est¹
696 587 857 657 immunda,
887 604 955 646 cum
983 585 1069 646 tunc²
1094 596 1199 664 peccat
1306 631 1310 639 .

139 683 346 761 originalitert

182 780 223 841 Fr
236 781 285 841 hic
298 783 492 843 communiter
510 782 664 852 dubitatur,
678 785 709 842 in
728 800 788 860 quo
807 791 963 860 peccatum
984 782 1125 859 originale
1142 782 1197 841 ho-

138 878 231 939 minis
244 880 438 957 subjectetur3
460 890 490 940 et
503 890 622 958 propter
635 881 721 940 istam
740 881 883 941 rationem
898 899 915 939 a
929 880 1027 939 multis
1047 879 1140 939 stultis
1155 880 1196 938 di-

138 978 225 1048 citur,
246 976 329 1055 quod
353 978 530 1055 subjectatur
554 977 585 1036 in
609 978 732 1036 semine.
784 977 843 1037 Sed
867 976 937 1054 quid
962 977 1095 1038 stultius?
1128 995 1196 1037 cum

138 1084 259 1152 oportet
286 1092 376 1134 omne
404 1075 569 1152 subjectum
594 1075 707 1150 peccati
731 1093 854 1152 peccare
878 1075 1134 1151 proportionaliter
1157 1076 1196 1134 ad

139 1181 316 1250 peccatum
338 1172 391 1239 sed
404 1190 473 1234 cum
488 1190 590 1232 semen
605 1191 666 1232 non
681 1173 718 1233 sit
731 1173 823 1233 homo
837 1192 893 1243 nec
907 1173 1025 1232 natura⁴
1039 1173 1196 1250 peccabilis

137 1270 188 1333 vel
200 1270 349 1342 menhilis,
363 1271 434 1349 quid
449 1273 546 1348 ipsum
561 1269 704 1330 demeruit
717 1271 796 1348 apud
810 1271 930 1331 Deum?
970 1270 1010 1330 Et
1022 1281 1103 1347 patet
1117 1288 1197 1330 error

138 1370 326 1447 ponentium,
340 1369 420 1446 quod
434 1387 452 1428 a
466 1370 562 1447 primo
581 1378 701 1447 parente
715 1369 747 1427 in
761 1369 898 1429 omnibus
911 1369 1041 1445 patribus
1055 1386 1108 1444 per
1121 1385 1196 1446 quos

138 1464 276 1527 Christus
288 1466 487 1539 descenderat,
501 1467 556 1528 fuit
569 1467 953 1546 quaedammassaseminis
964 1476 1076 1525 servata
1085 1465 1197 1525 munda

138 1582 160 1624 a
173 1564 304 1636 crimine,
318 1575 351 1624 ut
364 1583 401 1624 ex
415 1565 463 1625 illa
476 1565 610 1627 Christus
623 1565 791 1625 humanitus
805 1575 973 1642 procreetur
980 1584 988 1636 ;
1011 1582 1080 1622 narn
1094 1582 1196 1624 semen

139 1678 199 1741 pro
217 1672 352 1740 tempore
371 1663 553 1738 intermedio,
576 1675 733 1741 antequam
754 1663 854 1722 anima
874 1663 1070 1739 conjungatur
1091 1661 1195 1732 eidem,

139 1761 248 1821 mereri
268 1778 330 1820 non
351 1763 446 1838 potuit
466 1772 515 1822 aut
528 1781 661 1839 peecare.
703 1761 787 1831 Ideo,
802 1761 876 1819 sicut
892 1761 969 1818 bene
983 1761 1089 1834 probat
1107 1757 1196 1817 Pela-

135 1859 218 1936 gr'ar,
231 1867 387 1935 peccatum
401 1860 542 1936 originale
556 1879 618 1919 non
632 1860 664 1917 in
677 1858 727 1917 illo
742 1858 854 1916 semine
869 1858 1052 1933 subjectetur,
1064 1856 1196 1933 quamvis

139 1956 215 2017 illud
227 1973 330 2016 semen
351 1957 387 2016 sit
407 1956 524 2034 signum
545 1957 590 2016 vel
611 1957 730 2016 occasio
751 1954 792 2015 sic
806 1953 967 2031 peccandi3
997 1964 1026 2012 et
1047 1971 1115 2012 cum
1136 1962 1196 2013 tota

140 2053 336 2131 personalitas
354 2053 483 2113 hominis
503 2065 630 2114 servatur
644 2055 674 2112 in
689 2055 738 2113 illo
758 2054 853 2129 primo
873 2063 971 2111 creato
991 2051 1100 2128 spiritu,
1116 2060 1196 2128 patet

140 2151 225 2228 quod
240 2169 295 2228 pro
309 2153 404 2227 primo
419 2152 536 2211 instanti
553 2171 617 2212 esse
631 2151 758 2211 hominis
773 2151 949 2228 originaliter
963 2149 1112 2226 peccantis
1126 2166 1195 2224 pec·

141 2258 243 2309 catum
261 2248 331 2309 illud
344 2251 374 2309 in
388 2251 507 2326 spiritu⁵
522 2251 707 2328 subjectatur.
747 2250 786 2308 Et
800 2251 842 2309 sic
856 2249 1008 2308 limitando
1023 2248 1195 2307 munditiam

139 2345 181 2407 ad
191 2347 333 2424 justitiam
346 2347 483 2419 hominis,
498 2367 588 2425 quam
601 2348 708 2407 habere
728 2347 833 2407 debeat
846 2365 907 2423 quo
924 2346 961 2404 ad
976 2347 1082 2416 Deum,
1098 2357 1127 2406 et
1141 2347 1196 2404 im-

140 2444 318 2504 munditiam
337 2446 375 2505 ad
396 2464 516 2505 sensum
537 2447 715 2523 oppositum,
734 2455 763 2503 et
781 2444 977 2520 supponendo
996 2443 1077 2519 quod
1096 2444 1195 2502 anima

141 2559 205 2602 uon
219 2541 307 2602 habet
318 2545 502 2603 existentiam
515 2554 673 2621 antequam
687 2542 978 2619 corpori‘copuletur,
992 2540 1104 2599 videtur
1119 2540 1192 2598 mihi

140 2640 303 2717 probabile,
317 2640 397 2717 quod
411 2640 493 2701 Deus
508 2660 562 2700 nec
577 2650 656 2701 creat
676 2659 743 2699 eam
761 2639 904 2699 mundam
923 2657 979 2697 nec
992 2638 1192 2711 immundam

140 2754 205 2797 non
223 2739 303 2797 euim
317 2749 397 2798 creat
416 2757 482 2799 eam
500 2740 651 2809 mundam,
667 2739 735 2814 quia
749 2747 819 2796 tunc
839 2736 914 2796 foret
927 2736 991 2795 talis
1006 2754 1061 2812 pro
1075 2737 1194 2796 instanti

140 2834 314 2908 creationis;
340 2854 396 2895 nec
409 2847 488 2895 creat
500 2854 566 2895 eam
585 2835 776 2906 immundam,
791 2853 858 2893 curn
873 2852 934 2893 non
948 2833 1017 2893 facit
1037 2852 1103 2893 eam
1123 2833 1194 2892 defi-

141 2950 210 2993 cere
224 2933 262 2991 ab
275 2932 409 3009 originali
420 2934 539 3010 justitia,
557 2944 585 2992 et
600 2950 689 2991 omne
709 2951 807 2991 creare
822 2943 865 2991 est
879 2932 983 2992 iacere.
1028 2931 1109 2991 Sicut
1122 2948 1194 3008 ergo

138 3029 225 3089 Deus
237 3048 299 3089 non
313 3030 428 3089 ordinat
442 3031 522 3108 quod
537 3032 653 3107 spiritus
667 3030 712 3089 ille
727 3032 769 3089 sic
784 3030 907 3099 deficiat,
919 3031 961 3089 sic
973 3048 1028 3088 nec
1042 3039 1129 3099 creat,
1143 3029 1194 3088 sed

140 3129 219 3188 bene
233 3139 311 3188 creat
325 3128 419 3205 ipsam
434 3130 571 3199 animam,
586 3147 661 3205 quae
675 3147 730 3204 pro
750 3128 866 3187 instanti
887 3145 956 3185 suae
977 3126 1132 3185 creationis
1151 3136 1195 3184 est

142 3226 307 3285 immunda.
347 3225 386 3286 Et
396 3227 419 3286 si
431 3243 561 3303 quaeras,
575 3226 653 3285 unde
664 3226 842 3285 contrahitur
856 3225 904 3283 illa
917 3224 1109 3292 immunditia,
1124 3223 1193 3281 dici-

139 3335 188 3384 tur
201 3324 282 3401 quod
296 3342 314 3382 a
327 3324 403 3383 linea
421 3325 565 3400 peccatia
583 3325 678 3400 primo
698 3323 818 3382 homine
836 3339 929 3397 usque
949 3321 987 3379 ad
1000 3321 1080 3379 illum
1098 3319 1194 3378 homi·

139 3440 211 3482 nem
231 3422 434 3482 descendente.
477 3422 725 3481 Verumtamensi
744 3421 860 3497 spiritus
874 3419 920 3477 ille
934 3426 1095 3477 remaneret
1113 3417 1194 3475 inco-

138 3520 258 3599 pulatus
278 3521 403 3596 corpori,
417 3531 579 3580 remaneret
599 3517 735 3588 mundus,
752 3527 782 3576 et
802 3517 959 3575 occasione
979 3515 1061 3575 istius
1074 3513 1194 3574 trahitur

140 3635 248 3688 sermo,
264 3618 345 3694 quod
360 3619 459 3676 anima
477 3617 645 3678 contrahat⁶
658 3631 743 3674 suam
762 3613 976 3674 immunditiam
990 3630 1009 3671 a
1023 3614 1133 3672 semine
1152 3613 1193 3672 sic

141 3715 262 3774 iniecto.
314 3715 525 3775 Verumtamen
550 3715 711 3792 placentius
734 3724 779 3774 est
802 3711 883 3783 mihi,
905 3712 986 3789 quod
1008 3711 1067 3771 hoc
1088 3728 1193 3789 pecca·

139 3823 204 3873 tum
224 3812 365 3890 originale
386 3813 566 3872 contrahitur
583 3832 602 3873 a
620 3813 716 3890 primo
737 3812 857 3872 homine
877 3824 906 3870 et
927 3810 1040 3870 alinea
1060 3809 1192 3868 omnium

139 3982 312 4114 ongfflom.
306 3983 411 4048 ..edpr
476 3984 573 4049 Παῦε]
586 3985 735 4041 autem,.;C
754 3984 818 4041 talis,
830 3983 868 4033 ed.
862 3999 950 4098 ,ἐγώ
962 3981 1009 4111 μ’
1026 3978 1167 4073 originalite

247 4049 305 4099 '·ter
326 4064 386 4114 ergo
397 4049 470 4099 srmul
477 4057 515 4100 est
526 4050 618 4099 munda
628 4056 652 4098 et
666 4049 869 4105 immundaAUB
1091 3979 1191 4109 nataturi

139 4122 260 4171 creatura,
272 4114 311 4164 ed
323 4130 360 4179 pr.
450 4115 595 4180 'spiritus
588 4131 643 4180 rpso
655 4115 749 4179 spiritu,
762 4114 794 4163 D.
876 4062 1046 4175 ‘contrahat]
1058 4110 1191 4167 contrahit

140 4180 179 4230 ed
192 4196 246 4244 pn:
264 4179 363 4229 cumB.
375 4179 576 4243 primaemanus.
1208 4206 1211 4265 g
