2864 4836
136 453 218 495 carm
492 430 832 494 TRIALOGUS.
973 373 979 387 .
1284 431 1325 517 89

138 593 243 652 mixtio
255 593 291 653 sit
300 593 484 653 mixtibilium
493 593 677 653 alteratorum
685 595 768 666 unio;
788 594 933 654 elementa
941 594 1020 653 enim
1029 593 1192 654 secundum
1225 609 1367 690 ww

138 700 238 768 partes
251 690 438 751 indivisibiles
452 691 497 751 vel
511 691 613 751 saltem
627 693 714 751 nobis
727 692 909 752 insensibiles
923 692 1097 752 adinvicem
1111 710 1193 751 com·
1223 689 1344 773 fflfss'g

138 788 324 859 miscentur¹,
335 800 364 849 et
378 789 489 849 formae
503 789 705 866 superadditae
719 791 857 849 resultant
862 790 880 861 ²,
892 791 991 850 habita
1004 790 1193 866 proportione

139 888 291 948 mixtionis
308 887 459 948 sufficienti
477 889 515 947 ad
533 887 612 946 illam
633 887 758 948 sormam
780 889 996 966 superadditam
1017 889 1193 965 principian-

139 985 221 1045 dum.
263 985 302 1044 Et
320 987 362 1045 sic
380 986 448 1045 licet
467 986 497 1044 in
517 986 667 1045 elementis
685 985 723 1044 ad
742 1004 862 1045 omnem
880 996 1021 1063 punctum
1036 986 1072 1044 sit
1086 984 1194 1044 forma³

139 1083 333 1154 elementaris,
347 1094 376 1142 et
394 1085 436 1143 sic
453 1101 519 1144 vere
533 1084 704 1154 extenditur,
719 1084 749 1142 in
768 1084 866 1144 mixtis
884 1085 998 1143 tamen⁴
1017 1083 1055 1142 ad
1074 1101 1194 1143 omnem

140 1192 284 1260 punctum
305 1183 362 1241 sint
380 1182 492 1241 formae
512 1181 717 1241 elementares⁸
731 1193 759 1240 et
778 1181 873 1240 forma
892 1181 1084 1259 superaddita,
1101 1180 1195 1240 sonna

139 1291 241 1340 tamen
259 1280 444 1357 superaddita
462 1279 630 1339 nonhabet
649 1280 680 1338 in
699 1280 826 1356 qualibet
845 1291 926 1357 parte
945 1279 1110 1339 indivisibili
1125 1297 1194 1338 suae

140 1379 279 1438 materiae
295 1379 498 1456 appropriatae
508 1388 620 1456 partem
632 1378 835 1437 indivisibilem
850 1396 919 1438 suae
934 1377 1054 1449 formae,
1069 1378 1122 1437 sed
1136 1378 1195 1454 sig·

140 1489 213 1536 nato
221 1477 344 1536 minimo
354 1476 476 1536 naturali
486 1476 517 1534 in
528 1477 576 1535 tali
587 1476 689 1547 mixto,
699 1476 794 1535 forma
804 1472 1195 1552 superaddita⁶indivisibilis

141 1593 203 1653 quo
217 1575 256 1634 ad
270 1573 379 1634 molem
393 1573 597 1652 multiplicatur
611 1593 664 1651 per
682 1585 776 1634 totum
795 1574 864 1634 illud
883 1575 1037 1633 minimum
1056 1575 1195 1644 naturale,

139 1686 172 1733 et
193 1675 235 1732 sic
256 1673 294 1733 de
314 1673 371 1732 alio
392 1673 515 1731 minimo
536 1672 657 1731 naturali
677 1673 760 1750 juxta
779 1674 886 1750 posito,
901 1673 942 1730 ita
963 1672 1043 1748 quod
1064 1671 1196 1748 oportet⁷

141 1770 305 1831 secundum
334 1771 485 1847 qualitates
512 1769 682 1839 secundas⁸,
707 1780 800 1829 totam
823 1769 948 1828 formam
976 1769 1195 1829 substantialem

141 1870 226 1928 mixti
247 1880 276 1928 et
296 1869 448 1946 qualitates
469 1878 625 1946 sequentes
645 1868 844 1945 propriissime
864 1879 892 1926 et
911 1868 1039 1926 maxime
1059 1867 1195 1925 continue

140 1966 271 2037 extendi,
283 1967 357 2026 sicut
371 1965 506 2044 apparet·
516 1984 623 2025 sonum
638 1965 765 2024 chordae
780 1966 930 2025 trementis
940 1982 1005 2025 esse
1016 1967 1195 2035 continuum,

141 2083 212 2125 curn
236 2076 335 2124 tamen
360 2066 396 2123 sit
420 2064 594 2123 insensibilis
619 2064 765 2123 intercisio
790 2065 859 2123 satis
884 2065 1008 2141 spissim.
1060 2063 1098 2121 Et
1123 2064 1196 2122 sicut

142 2162 257 2222 tonnae
276 2161 479 2239 superadditae
498 2173 566 2222 sunt
583 2162 753 2222 elevatiores
773 2181 791 2222 a
809 2162 977 2222 conditione
992 2163 1137 2232 materiae,
1153 2162 1195 2220 sic

142 2272 212 2321 sunt
225 2262 317 2320 rarius
323 2260 345 2293 ¹⁰
355 2261 517 2333 immersae,
527 2273 556 2321 et
567 2262 608 2321 sic
623 2262 767 2321 elementa
780 2272 847 2321 sunt
861 2261 973 2320 realiter
987 2261 1017 2318 in
1031 2261 1128 2319 mixtis
1143 2278 1196 2336 per

141 2358 268 2419 sormam
282 2359 499 2418 substantialem
513 2360 595 2418 mixti
610 2360 825 2435 superadditam
840 2369 979 2430 catenata,
991 2369 1020 2418 et
1034 2358 1195 2418 secundum

142 2457 321 2517 diversitates
339 2476 481 2534 genenrm
501 2459 723 2535 proportionum
744 2469 812 2517 sunt
834 2456 1011 2517 diversitates
1032 2457 1195 2534 specierum

143 2558 310 2627 mixtarum,
325 2567 356 2615 ut
370 2566 449 2633 patet
464 2556 652 2616 ascendendo
666 2575 684 2615 a
699 2556 800 2615 formis
814 2556 1037 2615 elementaribus
1051 2573 1144 2631 usque
1158 2554 1195 2614 ad

143 2655 273 2714 animam
291 2655 502 2713 intellectivam.
544 2654 684 2713 Primae¹¹
699 2655 777 2713 enim
797 2665 865 2713 sunt
879 2655 995 2713 infimae
1010 2653 1197 2713 formarum¹²

143 2752 343 2823 materialium,
359 2762 387 2811 et
407 2753 504 2811 anima
523 2751 696 2811 intellectiva
711 2763 754 2811 est
768 2771 905 2830 suprema
918 2754 992 2812 inter
1006 2752 1115 2812 formas
1129 2753 1197 2812 sub-

143 2851 269 2921 lunares,
294 2852 325 2908 in
350 2850 479 2909 confinio
502 2851 576 2909 inter
599 2850 708 2910 formas
730 2851 893 2910 materiales
915 2862 945 2910 et
967 2852 1198 2928 intelligentias¹⁸

143 2951 312 3008 abstractas.
355 2947 530 3025 Simpliciter
544 2960 642 3008 autem
657 2948 769 3008 formae
788 2949 950 3008 materiales
970 2951 1128 3009 sortiuntur
1142 2968 1197 3009 no-

143 3047 225 3105 mina
243 3065 261 3105 a
280 3048 433 3124 speciebus
450 3047 684 3124 subjectorum¹⁴,
704 3058 735 3106 ut
751 3048 874 3124 igneitas
889 3058 934 3106 est
947 3046 1042 3106 forma
1062 3049 1198 3107 substan-

142 3145 225 3216 tialis,
242 3163 299 3222 qua
318 3145 394 3221 ignis
408 3155 452 3203 est
475 3145 504 3203 in
519 3145 567 3203 tali
583 3146 688 3221 specie,
704 3156 733 3205 et
747 3147 789 3204 sic
803 3145 857 3204 ista
863 3146 884 3178 ¹⁶
898 3146 1021 3220 igneitas
1035 3156 1078 3205 est
1093 3146 1194 3205 indivi-

142 3244 235 3303 duum
249 3244 372 3320 speciei;
395 3244 530 3302 asineitas
542 3255 585 3303 est
597 3243 699 3314 sonna,
711 3244 873 3303 secundum
884 3263 973 3320 quarn
983 3245 1060 3304 istud
1072 3245 1196 3302 mixtum

141 3353 186 3402 est
201 3343 308 3412 asinus,
322 3354 351 3401 et
366 3342 405 3399 ita
420 3342 456 3401 de
471 3341 571 3401 formis
587 3343 820 3401 substantialibus
840 3342 960 3400 artificio
975 3343 1198 3414 causatorum¹⁰,

144 3453 177 3499 ut
191 3441 324 3517 paneitas
334 3451 363 3498 et
373 3441 493 3499 vineitas
504 3440 597 3499 sunt¹⁷
608 3440 718 3500 formae
730 3439 938 3510 substantiales,
950 3440 1112 3499 secundum
1124 3458 1197 3517 quas

180 3628 407 3694 ¹commiscentur]
453 3629 666 3679 rseinsensibiles
678 3629 709 3678 ad
722 3629 825 3678 invicem
836 3629 977 3685 miscentur,
985 3629 1023 3680 ed.
1031 3647 1068 3696 pr.
1135 3631 1197 3682 're-

144 3693 251 3808 tharrrt]
264 3693 388 3808 resulgergtt,
407 3761 412 3771 Ι
433 3711 487 3758 .pr.
529 3760 540 3808 f
560 3696 570 3724 ⁸
586 3694 678 3810 lorneila]
690 3694 930 3824 {garinassddfr'drdffr'
998 3695 1128 3810 “stamen]
1141 3713 1198 3800 cum

144 3775 243 3888 addita]
256 3823 350 3874 soranae
361 3776 528 3890 sudlecrdddieto,
538 3776 627 3890 ἓῖῃζξ.
658 3777 697 3810 em
726 3777 1197 3891 ⁷oporljetlapparetmdssdacdlrlnpetl.

145 3890 347 3964 primaemanns.
385 3954 417 3965 ..
463 3891 620 3955 ‘secundas]
633 3891 701 3945 duas.
715 3892 747 3939 D.
865 3891 1196 3957 ”apparet]oportet,A.B.

146 3955 165 3983 ¹⁰
181 3953 271 4018 mnus]
284 3969 360 4047 rann}
372 3957 426 4011 srbr.
439 3956 468 4004 C.
481 3956 519 4004 ed.
531 3972 568 4020 pr.
640 3957 659 4031 ,¹¹
676 3957 782 4020 primae]
795 3972 883 4021 perse,
896 3958 934 4007 ed.
947 3974 983 4021 pr.
995 3973 1051 4032 cum
1063 3958 1092 4007 C.
1105 3958 1198 4033 primae

145 4035 241 4068 manus.
375 4019 521 4085 formarum]
535 4022 628 4070 lormae
639 4029 702 4071 mter
713 4022 812 4076 formas.
824 4023 861 4070 ed.
873 4038 910 4086 pr.
977 4023 995 4051 ¹⁸
1011 4020 1197 4087 intelligendas]

144 4084 315 4139 intellectivas,
327 4083 387 4134 ΒΕ.
399 4086 437 4134 ed.
450 4102 486 4150 pr.
571 4086 588 4115 ¹⁴
605 4087 733 4150 speciebus
744 4086 922 4151 subjectorum]
935 4088 1016 4152 specie
1027 4087 1198 4149 subjectamm,

143 4149 278 4263 «1..an
321 4194 327 4205 ,
357 4149 374 4179 ¹⁸
390 4151 447 4215 ista]
460 4168 509 4201 om.
522 4152 559 4201 ed.
572 4169 608 4217 pr.
623 4217 640 4246 Π
677 4152 695 4180 ¹⁶
711 4151 1197 4228 causaturum]causatonrm‚C.ed.pr.;

144 4222 192 4264 artr
210 4215 302 4265 cialiter
314 4221 476 4271 causatorum,
490 4217 522 4266 D.
657 4216 725 4281 sunt]
738 4225 807 4273 sicut,
820 4216 858 4266 etl.
871 4233 907 4281 pr.
1213 4240 1216 4279 ῃ
