2864 4836
101 325 265 336 ...a--m

173 435 213 497 62

267 314 749 333 ..Μ

573 433 833 510 ]οΑΝΝιε
860 432 1073 494 viem
1280 453 1354 490 nir.

302 596 394 654 solute
419 604 463 653 est
487 595 691 667 necessarium,
717 596 809 654 sicet
835 594 1004 655 secundum.
1055 592 1120 652 Nec
1144 590 1228 651 Deus
1252 601 1354 668 posset

301 691 461 769 quidquam
482 692 651 768 producere,
673 693 728 751 nisi
749 694 844 768 ipsum
868 693 1047 768 intelligeret,
1069 709 1136 750 cum
1161 688 1232 748 nihil
1253 698 1354 765 posset

302 790 452 848 casualiter
476 791 638 867 producere
662 792 706 849 vel
728 791 905 868 insipienter,
930 801 962 849 ut
989 788 1177 866 nugatam,
1200 790 1239 861 83
1263 804 1352 863 quae-

302 889 422 957 stiones,
449 889 580 963 quaestio
606 903 653 963 47,
683 907 769 965 saepe
793 889 895 965 arguit,
925 899 954 947 et
978 888 1041 946 talis
1068 885 1282 962 intelligibilitas
1310 894 1353 943 est

303 985 432 1062 aequalis
459 985 677 1045 intellectivitati
703 987 749 1045 vel
777 985 965 1046 intellectioni
993 985 1058 1056 Dei,
1085 983 1165 1062 quod
1192 982 1272 1042 idem
1301 989 1352 1041 est.

303 1082 368 1142 Nec
383 1094 483 1159 posset
493 1084 575 1143 Deus
590 1085 750 1161 quidquam
765 1085 803 1144 ad
817 1094 899 1143 extra
912 1085 1084 1160 producere,
1095 1083 1151 1141 nisi
1165 1079 1353 1158 praecederet

304 1182 367 1257 ejus
381 1181 606 1241 intellectivitas¹
621 1182 658 1240 ad
673 1193 761 1253 extra,
777 1192 809 1241 ut
823 1183 980 1259 exemplar,
996 1182 1064 1257 quia
1077 1180 1158 1240 aliter
1173 1190 1272 1256 posset
1290 1196 1353 1236 rem

304 1279 342 1338 ad
362 1289 443 1338 extra
461 1279 622 1355 producere
641 1290 671 1339 et
684 1299 747 1339 non
766 1282 861 1358 ipsam
875 1280 1044 1356 intelligere,
1058 1289 1088 1338 et
1101 1297 1154 1355 per
1168 1294 1353 1354 consequens

305 1395 367 1436 non
377 1379 522 1454 sapienter
533 1378 694 1454 producere
706 1381 809 1455 ipsam,
821 1379 902 1455 quod
913 1390 957 1437 est
968 1395 1083 1437 summe
1092 1376 1281 1458 impossibile.
1315 1375 1355 1435 Et

305 1476 378 1534 haec
397 1477 478 1546 ratio,
498 1494 586 1553 quare
606 1494 710 1535 omnes
728 1477 829 1553 ydeae,
850 1495 925 1553 quae
944 1487 1013 1536 sunt
1031 1475 1143 1535 formae
1161 1474 1355 1551 exemplares,

307 1572 469 1632 secundum
487 1575 694 1652 proprietatem
709 1575 835 1651 aliquam
857 1576 968 1634 suntin
982 1574 1080 1644 verbo,
1094 1571 1177 1650 quod
1195 1584 1240 1631 est
1258 1571 1354 1632 forma

306 1690 341 1730 ac
352 1672 493 1747 sapientia
503 1672 559 1730 Dei
570 1673 666 1748 patris.
701 1673 740 1731 Et
751 1683 782 1731 ut
793 1673 973 1750 Augustinus
983 1690 1051 1731 vere
1062 1670 1161 1731 asserit
1166 1670 1186 1741 ²,
1197 1671 1260 1729 sine
1271 1669 1353 1746 ydeis

305 1787 368 1828 non
382 1779 426 1828 est
439 1770 577 1846 possibile
591 1789 759 1848 quenquam
774 1771 935 1847 sapientem
949 1770 1018 1829 fieri.
1060 1767 1224 1841 Quomodo
1243 1784 1354 1844 quaeso

306 1878 405 1944 posset
418 1868 510 1927 homo
524 1886 588 1927 esse
603 1870 728 1945 sapiens,
743 1867 953 1945 cognoscendo
968 1878 1130 1927 creaturam
1147 1867 1285 1944 aliquam,
1300 1866 1354 1924 nisi

307 1965 401 2042 prius³
414 1968 584 2042 cognoverit
599 1967 661 2042 ejus
675 1967 947 2044 producibilitatem,
962 1965 1020 2025 hoc
1034 1977 1078 2025 est
1092 1966 1235 2024 rationem
1249 1981 1354 2024 secun·

308 2062 379 2122 dum
397 2081 486 2139 quam
505 2065 693 2141 producibilis
712 2076 756 2124 est
775 2084 793 2124 a
811 2064 887 2134 Deo,
902 2073 932 2122 et
945 2082 997 2141 per
1011 2081 1197 2140 consequens
1212 2062 1354 2122 rationem

308 2159 468 2219 secundum
483 2179 572 2237 quarn
586 2163 769 2239 intelligibilis
784 2172 828 2221 est
842 2180 860 2220 a
872 2162 960 2222 Deo?
1001 2160 1072 2220 Hoc
1086 2170 1184 2220 autem
1201 2159 1357 2237 cognoscit

308 2257 399 2317 homo
413 2259 593 2329 abscondite,
608 2261 674 2319 licet
693 2260 844 2319 verbaliter
863 2259 947 2318 illud⁴
966 2270 1063 2334 negat,
1082 2259 1158 2335 quia,
1173 2259 1247 2318 sicut
1266 2275 1355 2318 nemo

309 2356 446 2430 intelligit,
468 2358 523 2416 nisi
544 2376 596 2416 ens
617 2359 648 2418 in
669 2359 818 2418 communi
839 2358 987 2434 intelligat,
1008 2357 1049 2417 sic
1072 2374 1134 2416 non
1154 2356 1287 2432 intelligit
1304 2355 1356 2415 ali·

309 2453 414 2530 quam⁶
440 2465 600 2514 creaturam
627 2457 683 2516 nisi
707 2458 770 2533 ejus
797 2456 1054 2533 intelligibilitatem
1078 2466 1107 2513 et
1129 2453 1357 2514 intellectionem

309 2553 453 2629 passivam
474 2553 644 2629 intelligat⁶;
676 2566 705 2613 et
725 2555 772 2612 illa
792 2554 887 2612 estin
909 2553 1054 2612 intellectu
1075 2552 1119 2611 vel
1142 2554 1231 2611 verbo
1257 2552 1357 2612 divino

309 2652 412 2709 veritas
433 2652 571 2711 absolute.
613 2651 651 2711 Et
673 2653 739 2711 ideo
760 2652 870 2721 dicitur,
893 2651 974 2728 quod
998 2651 1074 2709 beati
1095 2649 1194 2710 vident
1215 2651 1246 2709 in
1267 2652 1357 2710 verbo

309 2749 476 2825 hujusmodi
498 2752 638 2821 veritates,
664 2760 863 2808 verumtamen
887 2751 918 2808 in
943 2758 1006 2808 tota
1028 2749 1154 2809 trinitate
1178 2750 1265 2808 beata
1290 2759 1358 2808 sunt

309 2846 477 2923 hujusmodi
497 2849 637 2918 veritates,
660 2848 822 2906 secundum
842 2847 990 2924 quandam
1015 2847 1129 2906 tamen⁷
1149 2847 1358 2924 specialitatem

136 2970 205 3036 ἔξω
222 2961 279 3035 enge
311 2946 341 3003 in
360 2947 458 3004 verbo.
500 2945 642 3018 Quamvis
663 2956 760 3005 autem
779 2963 883 3004 omnes
903 2945 997 3004 dictae
1015 2945 1107 3022 ydeae
1127 2945 1359 3023 distinguuntur⁸

311 3043 384 3102 inter
398 3061 429 3101 se
444 3043 601 3126 formaliter
614 3056 642 3103 et
657 3063 675 3102 a
688 3044 763 3114 Deo,
780 3055 847 3102 sunt
860 3053 959 3101 tamen
973 3061 1077 3102 omnes
1091 3043 1281 3103 essentialiter
1294 3046 1359 3122 ipse

312 3140 402 3199 Deus.
449 3140 536 3199 Unde
558 3141 721 3200 Aristoteles
745 3141 846 3200 Vll¹¹¹⁰
870 3139 1081 3217 Metaphisicae
1105 3159 1230 3217 arguens
1255 3152 1360 3203 contra

312 3239 400 3314 ydeas
422 3237 552 3296 Platom's
572 3241 770 3316 aequivocavit
790 3242 821 3298 in
845 3240 940 3316 logica
964 3239 1048 3297 stulte
1073 3239 1253 3315 concipiens,
1277 3241 1360 3318 quod

310 3339 385 3414 ydea
399 3339 435 3397 sit
448 3339 574 3397 essentia
588 3339 727 3408 absoluta,
745 3337 878 3397 distincta
891 3338 928 3395 ab
946 3337 1072 3394 essentia
1085 3336 1181 3395 divina
1188 3356 1197 3410 ;
1220 3338 1274 3396 sed
1292 3341 1361 3416 quis

310 3437 427 3513 sapiens
454 3437 493 3494 ita
519 3435 667 3512 intelligit?
710 3435 768 3495 Sed
796 3436 883 3495 sicut⁹
906 3435 1067 3493 Araitotcles
1092 3435 1197 3494 bene¹⁰
1220 3438 1361 3515 concipit,

311 3534 433 3592 omnis¹¹
448 3534 511 3592 talis
524 3533 599 3610 ydea
613 3533 687 3592 foret
706 3533 857 3610 superflua
902 3532 960 3591 Sed
979 3533 1265 3610 intelligibilitatem¹¹
1279 3554 1361 3596 crea·

311 3641 438 3689 turamm
463 3641 577 3707 oportet
601 3649 720 3690 omnem
744 3631 859 3691 fidelem
883 3649 1005 3711 ponere,
1030 3649 1091 3692 non
1114 3632 1274 3692 formaliter
1297 3652 1362 3694 rem

313 3730 476 3788 absolutam
497 3748 550 3807 per
571 3748 602 3788 se
624 3731 805 3803 existentem,
827 3733 895 3808 quia
919 3744 988 3792 tune
1013 3733 1089 3793 foret
1113 3731 1273 3791 formaliter
1295 3732 1362 3810 ipse

346 3900 560 3978 ¹intellectivitas]
573 3901 864 3996 intelligibilitasaed3pr.
878 3903 910 3951 D.
1020 3904 1102 3954 ’νοτε
1112 3901 1309 3997 αςςοῐὶξᾙώἰειι
1358 3942 1365 3959 .

312 3975 422 4081 iiiiii
433 3967 473 4096 1⁴23?
485 3977 579 4061 ”mi
592 3968 711 4097 iiiiii]
723 3967 924 4097 atsaiwi?
926 4006 931 4017 '
944 3970 1002 4019 ΒΩ
1014 3970 1178 4099 fillinga]
1190 3966 1318 4100 suffla.
1324 3987 1364 4084 ⁰131

311 4095 321 4124 ¹
338 4097 432 4161 tamen]
445 4112 494 4146 orn.
507 4099 544 4147 ed.
556 4114 593 4162 pr.
669 4099 677 4126 ¹
693 4099 895 4164 distinguuntun]
908 4099 1095 4165 distinguantur,
1107 4099 1140 4147 D.
1157 4165 1163 4175 1
1217 4099 1228 4128 ’
1246 4099 1323 4166 sicut]
1336 4102 1365 4157 si,

313 4161 351 4209 ed.
362 4177 399 4226 pr.
527 4164 545 4193 ¹⁰
555 4163 628 4227 bene]
641 4179 690 4212 om.
703 4165 762 4214 B.C.
893 4165 910 4194 ¹¹
923 4166 1014 4230 omnis]
1026 4173 1085 4215 tunc
1096 4180 1184 4218 omnis.
1196 4165 1262 4215 A.C.
1274 4165 1315 4217 cd.
1327 4182 1366 4235 pr.

314 4226 332 4255 ¹²
348 4227 818 4293 intelligibilitatem]intellectivitatem,
831 4231 873 4286 B.;
891 4229 1177 4283 intellectualitatemed.
1185 4246 1222 4295 pr.
