2864 4836
20 323 339 336 --—-—-·.--—.-
347 323 447 333 ——-„-
455 325 937 334 --sp-d--e———u--d,

82 434 141 493 116

490 431 746 509 Jonrurvrs
787 430 997 492 rrrcrrr
1194 451 1277 486 ue...

223 594 311 653 linem
327 595 463 653 victoriae
482 605 511 652 et
526 612 630 670 pacem
650 606 831 670 sequentem,
845 593 951 670 qrulrus
970 602 1048 659 caret
1062 609 1118 668 pro
1137 608 1275 650 mensura

222 692 327 768 aliqua,
343 702 371 750 et
386 692 427 750 sic
442 691 588 768 perficitur
602 710 637 750 ac
651 692 839 768 imperficitur
853 691 1038 750 successive?

263 789 426 848 Phronesri.
470 789 643 858 Considero,
654 789 736 865 quod
750 789 891 848 eructatio
906 797 990 847 sonat
1004 788 1034 845 iu
1049 785 1251 846 excellentiam
1257 785 1276 854 ¹,

223 888 314 964 quael
327 899 423 964 potest
445 897 614 964 competere
634 897 791 957 creaturae,
806 905 875 945 cum
896 885 1057 946 substantia
1078 885 1178 944 divina
1199 885 1275 944 dicat

223 989 260 1047 de
273 996 355 1062 patre
375 996 404 1045 et
422 987 497 1045 filio:
523 987 677 1044 ‘eructavit
696 1003 866 1045 cormeum
885 986 1006 1044 verbum
1024 981 1174 1042 bonun¹.'
1218 982 1276 1042 Sed

223 1087 261 1146 ad
269 1088 395 1163 prrinum
415 1085 527 1142 dubriam
548 1095 630 1142 tuum
644 1084 757 1142 videtur
776 1083 856 1154 mihi,
871 1083 953 1159 quod
974 1081 1045 1141 nihil
1066 1099 1104 1140 ex
1125 1081 1229 1158 spiritu
1249 1090 1277 1139 et

32 1246 43 1270 t
66 1166 118 1271 ⁰⁰·
221 1202 345 1262 corpore
366 1184 482 1259 proprie
504 1183 714 1258 componitur⁴‚
736 1182 789 1240 sed
810 1191 1002 1258 aggregatum
1022 1198 1060 1239 ex
1082 1179 1137 1238 illis
1158 1189 1278 1239 vocatur

222 1301 300 1342 nunc
325 1281 441 1352 animal,
464 1291 493 1339 et
518 1300 596 1339 nunc
620 1282 699 1357 capit
724 1281 996 1340 denominationem
1019 1279 1105 1337 unius
1129 1278 1225 1354 partis
1248 1287 1277 1337 et

222 1400 300 1440 nunc
315 1381 430 1439 alterius
444 1379 625 1438 differentiae
644 1380 856 1451 communiter3
884 1388 917 1436 ut
935 1377 1057 1453 angelus
1076 1394 1157 1435 nunc
1174 1377 1279 1436 dicitur

221 1481 331 1556 replere
358 1478 465 1548 locum,
494 1488 523 1536 et
551 1496 630 1536 nunc
658 1477 769 1537 moveri
797 1477 927 1536 localiter
955 1492 1105 1552 corporee.
1143 1474 1278 1551 ¹Proprie

221 1588 319 1636 autem
333 1577 437 1635 dicitur
447 1576 606 1652 intelligere
620 1576 664 1634 et⁵
674 1577 704 1634 in
715 1574 784 1634 Deo
796 1576 956 1652 quiescere.
999 1573 1163 1645 Quomodo
1178 1565 1277 1631 autern

221 1686 318 1734 movet
332 1693 439 1751 corpus
454 1675 580 1750 concipit
595 1675 765 1744 intellectus,
778 1674 831 1733 sed
842 1685 924 1733 actus
935 1671 1139 1749 imaginativae
1154 1688 1278 1748 suspen·

221 1763 304 1844 ditur,
326 1775 399 1832 sicut
420 1774 457 1832 de
479 1775 627 1832 creatione
648 1773 751 1831 mundi
772 1783 801 1832 et
822 1773 926 1832 ceteris
946 1791 1018 1849 pure
1039 1771 1278 1848 intelligibilibus.

221 1870 280 1930 Sed
301 1871 436 1931 vocando
460 1881 652 1948 aggregatum
675 1890 711 1930 err
735 1871 842 1946 angelo
863 1880 892 1929 et
915 1887 1041 1947 corpore
1063 1869 1182 1940 animal,
1205 1870 1278 1928 sicut

220 1981 304 2028 vocat
322 1969 485 2045 Gregorius,
501 1969 612 2028 videtur
626 1970 708 2046 quod
722 1969 791 2028 illud
810 1979 1003 2045 aggregatum
1023 1969 1060 2026 sit
1080 1968 1189 2044 angelo
1203 1975 1278 2045 puro

221 2067 385 2144 perfectius,
400 2086 468 2126 cum
488 2086 595 2144 corpus
615 2077 796 2144 assumptum
816 2085 878 2125 non
892 2066 1045 2143 imperficit
1062 2065 1210 2142 angelum,
1225 2065 1278 2125 sed

222 2165 390 2240 superaddit
408 2175 500 2223 totam
520 2165 731 2242 perlectionem
751 2166 826 2224 illius
841 2166 973 2242 corporis
992 2175 1161 2241 aggregato.
1244 2173 1249 2182 “

262 2263 333 2335 Quo
354 2263 392 2321 ad
412 2264 557 2320 secundam
578 2263 771 2340 dffmltatem,
792 2273 908 2340 oportet
929 2263 1012 2321 inniti
1031 2262 1108 2322 fidei.
1151 2261 1277 2321 Etcum

221 2362 358 2419 Aoerrori
379 2361 464 2432 dicat,
480 2363 561 2438 quod
580 2365 683 2421 veritas
702 2372 823 2420 testatur
844 2363 899 2419 sibi
919 2361 990 2437 ipsi⁸
1012 2359 1151 2419 omnibus
1170 2360 1276 2428 modis,

222 2460 381 2519 concordat
392 2462 570 2536 experientia
584 2476 674 2536 quam
690 2460 832 2518 habemus
847 2460 884 2518 de
898 2460 982 2517 malis
997 2458 1154 2534 spiritibus.
1198 2457 1276 2515 Dici·

221 2569 267 2616 tur
278 2558 356 2617 enim
368 2560 562 2616 communiter
573 2578 610 2617 ex
620 2557 676 2615 fide
688 2557 792 2616 Esaiae
804 2558 869 2627 xiv,
880 2556 960 2633 quod
971 2557 1081 2632 primus
1093 2555 1216 2632 angelus
1227 2573 1276 2612 vo·

222 2656 319 2715 catus⁷
331 2662 337 2687 ‘
347 2655 475 2714 Lucifer'
487 2656 574 2733 paulo
589 2666 656 2732 post
670 2656 797 2731 primum
808 2657 919 2712 instans
931 2654 1034 2712 mundi
1051 2653 1102 2712 luit
1117 2665 1278 2729 prostratus

222 2755 252 2811 in
267 2756 411 2829 superbia,
432 2764 459 2811 et
480 2756 576 2811 statim
596 2764 664 2829 post
681 2753 760 2830 justo
780 2753 836 2811 Dei
854 2752 963 2829 judicio
983 2752 1113 2827 dejectus
1133 2752 1227 2811 fuerat
1248 2753 1277 2809 in

221 2851 376 2910 infernum.
433 2851 575 2922 Quamvis
599 2853 678 2909 enim
704 2852 801 2910 omnis
830 2851 912 2908 locus
937 2848 1063 2907 videtur⁸
1087 2850 1278 2924 impertinens

223 2950 341 3025 spiritui,
366 2960 398 3007 ut
423 2950 614 3009 delectatione
642 2967 783 3024 corporea
812 2949 881 3006 inibi
910 2947 1075 3017 delectetur,
1102 2965 1171 3005 cum
1195 2947 1278 3005 Deus

222 3061 314 3121 aeque
336 3047 492 3106 delectatur
513 3048 619 3123 ubique,
640 3059 669 3105 et
690 3065 788 3123 poena
808 3064 950 3122 corporea
972 3063 1033 3103 nou
1054 3054 1155 3120 posset
1181 3047 1277 3104 inesse

223 3143 277 3202 illi⁹
291 3147 410 3222 spiritui,
425 3156 469 3205 est
484 3158 582 3205 tamen
601 3146 720 3222 grandis
735 3162 832 3220 poena
847 3154 944 3202 creato
960 3145 1078 3220 spiritui,
1093 3143 1176 3220 quod
1189 3144 1276 3201 invite

223 3244 372 3320 dejiciatur
395 3255 423 3302 et
448 3245 604 3302 retineatur
628 3245 657 3301 in
682 3242 748 3301 loco
774 3243 874 3300 humili
899 3253 928 3300 et
952 3242 1082 3318 indigno,
1108 3260 1126 3300 a
1155 3242 1274 3300 coelesti

222 3342 370 3400 influentia
391 3343 518 3400 maxime
540 3343 686 3418 elongato,
709 3341 872 3417 cujusmodi
894 3350 937 3398 est
959 3340 1040 3398 locus
1060 3339 1175 3399 inlerni.
1218 3339 1276 3398 Sed

222 3441 258 3498 de
272 3442 408 3517 superbia
422 3441 542 3499 istorum
557 3439 700 3498 malorum
720 3439 891 3513 augelorum
910 3448 953 3497 est
974 3438 1094 3496 dubium
1110 3439 1189 3512 apud
1203 3438 1275 3495 mul·

222 3548 284 3609 tos;
316 3556 384 3596 cum
406 3540 483 3596 enim
504 3538 619 3596 luerunt
633 3539 721 3596 creati
736 3538 766 3594 in
788 3537 865 3595 clara
886 3537 997 3608 notitia,
1020 3536 1134 3594 difficile
1156 3537 1276 3605 videtur,

222 3638 302 3713 quod
328 3639 368 3695 sic
393 3638 553 3696 inciderent
579 3639 608 3695 in
634 3655 771 3706 errorem,
797 3637 975 3712 potissime¹⁰
998 3654 1066 3694 curn
1094 3635 1186 3695 homo
1215 3655 1275 3694 non

222 3747 317 3812 potest
336 3735 373 3793 ad
393 3746 505 3794 tantum
524 3754 619 3794 errare
639 3735 719 3811 quod
738 3735 835 3794 credat
855 3753 886 3793 se
905 3753 994 3811 posse
1013 3733 1080 3793 Deo
1098 3735 1128 3792 in
1144 3737 1276 3811 potentia

256 3969 262 3996 ¹
282 3968 307 4016 in
319 3964 500 4030 excellentiam]
513 3965 678 4021 excellentius,
692 3966 723 4014 D.
737 3966 775 4015 ed.
788 3982 825 4030 pr.
935 3965 944 3995 ²
960 3981 1023 4030 quae
1047 3981 1130 4030 quarn,
1144 3967 1177 4016 D.
1189 3967 1227 4016 ed.
1258 3984 1276 4016 r.

222 4032 231 4060 ³
249 4033 279 4082 cf.
292 4034 332 4081 Ps.
344 4033 392 4081 xlv.
407 4046 428 4087 a.
441 4032 492 4081 sive
503 4031 560 4079 xliv.
575 4045 597 4086 2,
610 4031 684 4095 Vulg.
849 4031 858 4058 ⁴
875 4032 1032 4095 componitur
1057 4040 1230 4097 componatur,
1239 3982 1276 4081 ἵ).

222 4098 231 4125 ⁵
248 4098 385 4161 intelligere
397 4097 434 4161 et]
447 4096 639 4160 intelligibiliter,
652 4097 690 4146 ed.
701 4112 738 4162 pr.
837 4097 848 4127 ⁸
864 4097 923 4161 ipsi]
935 4112 985 4147 om.
999 4097 1031 4145 A.
1055 4133 1062 4146 .
1134 4097 1144 4126 ¹
1160 4096 1275 4162 vocatus]

223 4172 332 4217 vocatur,
341 4163 380 4212 ed.
393 4178 429 4227 pr.
596 4164 605 4189 ³
621 4161 728 4226 videtur]
741 4161 836 4212 videtur
846 4178 906 4216 esse.
918 4162 963 4217 C.;
983 4162 1106 4212 videretur
1116 4177 1177 4219 esse.
1189 4163 1227 4213 ed.
1239 4179 1276 4229 pr.

222 4228 231 4256 ⁰
249 4227 297 4291 illi]
310 4229 397 4282 eidem.
411 4227 471 4276 ΑΒ.
572 4229 590 4255 ¹⁰
606 4227 745 4291 potissime]
758 4229 889 4292 potentiae,
901 4228 939 4276 ed.
951 4243 988 4292 pr.
