2864 4836
138 460 223 498 caea
264 436 751 498 SUPPLEMENTUM
780 436 1076 498 TRIALOGI.
1272 459 1336 526 409

1396 379 1399 409 i

1396 421 1399 480 l

138 599 225 660 attre¹
256 600 386 660 clamans
418 600 567 671 ecclesiae,
597 599 715 660 ‘Hodie
747 598 876 658 inlusum
907 608 951 657 est
982 615 1129 661 venenum
1160 599 1192 658 in
1395 486 1399 636 1

139 697 267 757 ecclesia
280 707 381 758 sancta
393 697 480 758 Deil'
515 698 553 757 Et
571 709 704 775 tempore
723 695 957 767 Innocenoi'lll,
977 698 1032 756 sub
1052 714 1112 774 quo
1131 695 1191 756 duo
1395 645 1399 788 Ι

138 795 261 855 ordines
284 795 405 855 fratrum
428 798 605 874 inceperant,
627 805 822 872 appamerunt
843 794 917 853 duae
941 794 1044 866 lunae;
1073 805 1192 854 etcum

138 892 313 971 prudentius
330 893 405 953 foret
425 896 606 971 approbante
621 893 737 953 Christo
757 892 924 969 hujusmodi
943 893 1095 965 novitates,
1110 893 1192 969 quod

138 991 318 1068 incepissent
328 991 446 1052 Christo
457 1003 648 1052 conversante
662 993 793 1062 interris,
805 991 916 1050 videtur
930 990 1011 1067 quod
1023 1009 1060 1050 ex
1074 1000 1192 1050 aetema

139 1088 283 1173 sapientia
307 1099 377 1148 tunc
402 1090 562 1167 inciperent
586 1090 728 1160 floruisse,
753 1099 823 1147 tunc
847 1090 926 1147 enim
951 1089 1191 1148 ‘circumdarent’

139 1183 291 1246 Christum
304 1186 500 1263 corporaliter,
515 1188 695 1263 accepissent
709 1188 910 1245 auctoritatem
925 1188 1020 1257 abeo,
1033 1197 1063 1246 et
1076 1185 1193 1246 fuisset²

138 1283 237 1359 magis
256 1284 468 1344 necessarium³
487 1285 566 1344 illam
586 1285 809 1354 multitudinem,
830 1285 854 1343 si
875 1282 949 1342 soret
970 1285 1134 1343 necessaria
1154 1285 1192 1343 ad

137 1379 290 1441 utilitatem
304 1381 453 1453 ecclesiae,
464 1392 534 1441 tunc
547 1383 687 1458 temporis
700 1381 842 1441 floruisse.
883 1380 973 1453 Quod
987 1382 1056 1457 quia
1070 1384 1191 1441 omnino

138 1477 241 1549 defuit,
255 1480 394 1538 creditur⁴
408 1480 602 1555 probabiliter,
616 1479 697 1556 quod
711 1481 867 1539 occasione
881 1479 993 1555 peccati
1007 1490 1037 1538 et
1053 1479 1191 1539 instinctu

140 1576 251 1636 diaboli
269 1577 448 1654 inceperunt,
463 1588 492 1637 et
512 1577 593 1655 quod
612 1576 744 1636 Christus
763 1595 831 1636 cum
850 1577 911 1635 suis
929 1576 1079 1653 apostolis,
1099 1577 1190 1637 Paulo

138 1682 171 1733 et
188 1672 334 1752 Johanne,
355 1685 440 1735 vocat
460 1675 524 1734 illos
548 1675 821 1752 pseudoprophetas
846 1673 1012 1751 hypocritas
1039 1685 1068 1733 et
1095 1677 1191 1752 capita

138 1771 235 1830 malae
249 1773 368 1843 bestiae,
382 1791 450 1832 cum
465 1773 527 1832 aliis
541 1774 682 1850 perversis
696 1773 872 1832 nominibus.

185 1867 281 1928 Tertio
301 1873 439 1946 responsio
459 1871 536 1938 dicit,
557 1872 638 1948 quod
659 1871 781 1931 ecclesia
802 1869 948 1947 peccavit⁶
969 1871 999 1928 in
1021 1870 1189 1946 recipiendo

139 1967 322 2027 domdcnem
343 1969 437 2040 ismm,
451 1970 504 2028 sed
524 1970 677 2040 oenrhlr'rtr,
693 1987 761 2029 cum
782 1968 986 2027 deteriorando
1002 1968 1143 2045 procedit,
1156 1978 1189 2027 ut
1256 2008 1266 2032 e

139 2074 221 2142 patet
239 2083 276 2124 ex
294 2065 358 2142 ejus
376 2065 523 2127 fructibus
564 2067 603 2126 Et
616 2069 659 2126 sic
674 2065 808 2126 Sr'loestcr
826 2085 863 2125 ex
883 2067 1047 2142 ignorantia
1060 2067 1190 2142 peccavit

139 2162 248 2234 leviter,
262 2181 354 2240 aquo
368 2174 491 2241 peccato
505 2164 558 2224 fuit
572 2174 640 2223 ante
660 2163 801 2223 mortem⁰
815 2165 986 2223 omnimode
1005 2173 1189 2240 expurgatus,

140 2262 226 2320 etsie
244 2260 281 2321 de
299 2263 407 2321 sanctis
427 2262 538 2333 ceteris,
552 2263 601 2340 qui
621 2262 802 2321 dotationem
822 2262 906 2321 istam
926 2261 1064 2322 ecclesiae
1083 2280 1190 2339 appro-

140 2359 255 2419 barunt.

182 2455 294 2516 Contra
307 2457 391 2516 istam
405 2460 626 2534 responsionem
641 2459 750 2517 instant
763 2458 871 2529 fideles,
886 2460 967 2535 quod
981 2456 1116 2517 Sr'loester
1130 2475 1190 2516 non

140 2555 247 2630 poterit
267 2554 361 2613 taliter
374 2556 515 2625 excusari,
531 2574 600 2614 cum
621 2555 688 2615 iecit
709 2555 876 2632 simpliciter
898 2565 1000 2614 contra
1020 2555 1190 2615 mandatum

140 2649 207 2722 Dei,
217 2660 249 2710 ut
262 2662 342 2728 patet
356 2670 393 2710 ex
407 2654 510 2712 decem
521 2653 633 2729 legibus
647 2654 818 2729 supradictis
829 2653 1018 2726 contractis⁷3
1041 2663 1191 2713 etcertum

140 2760 241 2808 tamen
254 2750 367 2809 videtur
380 2750 476 2827 ipsum
490 2761 518 2809 et
533 2751 640 2810 multos
654 2763 810 2828 sequentes
824 2771 916 2829 papas
935 2753 1012 2812 istud
1030 2752 1190 2829 periculum

141 2849 325 2924 cognovisse,
339 2849 451 2907 videtur
465 2849 545 2926 quod
560 2850 723 2909 debuerunt
737 2852 974 2911 emendationem
991 2851 1077 2929 hujus
1096 2851 1191 2911 delicti

141 2945 266 3022 posteris
279 2945 437 3021 reliquisse.
481 2945 539 3004 Sed
553 2964 621 3004 cum
635 2946 765 3006 iecerunt
779 2951 901 3007 omnino
916 2951 1094 3026 oppositum,
1109 2948 1190 3007 dota·

140 3044 252 3102 tionem
273 3045 367 3114 istam,
387 3061 477 3120 quam
496 3045 664 3120 potuerant⁸
685 3047 865 3122 reprobare⁹,
885 3047 1060 3118 roborando,
1080 3048 1191 3107 videtur

141 3141 224 3218 quod
245 3141 417 3218 generaliter
430 3143 627 3202 moriebantur
641 3144 671 3202 in
686 3144 741 3202 ista
760 3144 878 3202 strrltitia
892 3144 1009 3203 infideli.
1024 3169 1027 3174 ·
1053 3144 1112 3204 Sed
1126 3146 1191 3221 quis

115 3288 116 3291 ,
141 3239 261 3298 auderet
275 3239 380 3310 dicere,
395 3240 475 3316 quod
490 3240 671 3310 Ambrosius,
686 3240 875 3316 Augustinus,
890 3240 1050 3316 Gregorius
1064 3259 1132 3299 cum
1149 3242 1191 3300 eis

141 3335 283 3395 similibus
297 3336 389 3395 taliter
403 3337 556 3395 obierunt?

185 3431 297 3505 Quarto
325 3436 462 3510 responsio
485 3433 562 3504 dicit,
586 3435 666 3511 quod
690 3435 770 3510 leges
794 3434 957 3511 praedictae
982 3435 1113 3510 obligant
1136 3453 1190 3511 pro
1225 3445 1370 3519 ⁰⁰l¹tt¹¹¹i²'·..

142 3530 242 3591 Veteri
256 3531 458 3601 Testamenta
474 3532 527 3591 sed
541 3550 602 3590 non
613 3542 746 3608 tempore
760 3532 832 3608 legis
846 3533 965 3608 gotiae,
976 3533 1043 3592 licet
1058 3532 1190 3592 Christus
1225 3485 1373 3607 3220&ss

141 3646 211 3689 cum
235 3631 294 3690 suis
318 3629 460 3706 apostolis
481 3629 587 3688 illam¹⁰
608 3631 782 3689 sententiam
801 3631 1000 3690 observarunt.
1050 3631 1109 3691 Sed
1130 3650 1190 3690 non
1225 3608 1381 3690 iiiiii&

141 3728 306 3803 oportet,si
327 3737 459 3805 tempore
480 3727 553 3804 legis
570 3729 673 3788 veteris
691 3728 870 3805 patriarchae
891 3730 976 3788 istam
995 3730 1191 3789 ceremoniam

175 3922 437 3988 ¹aire]aiira,ab.C.
532 3923 654 3988 'fuissem
666 3923 775 3981 fuissent.
787 3926 817 3974 C.
900 3925 1191 3990 ’nmesmnum]conj.;

142 3988 240 4038 codices
252 4004 354 4038 omnes:
371 3988 541 4039 necessariam.
627 3991 636 4017 ¹
653 3989 771 4053 creditur]
784 3990 933 4047 conceditur,
944 3992 1023 4039 a.b.C.
1111 3991 1193 4056 ‘pec-

142 4053 221 4118 cavit]
233 4061 327 4118 peccat.
339 4056 370 4104 C.
517 4055 527 4084 ⁶
543 4061 600 4104 ante
611 4054 729 4118 mortem]
742 4070 792 4102 om.
805 4057 836 4103 Α.
983 4056 992 4084 ²
1008 4055 1039 4104 cf.
1051 4072 1075 4120 p.
1090 4058 1144 4120 298,
1157 4073 1193 4122 sq.

143 4118 470 4252 :opplppnegspgepgtiverapp
483 4119 554 4235 {iliam
599 4119 616 4233 ἑ
624 4119 771 4236 gemebam]
784 4120 945 4185 reprobando,
957 4121 981 4169 b.
994 4121 1087 4185 primae
1098 4138 1193 4173 manus.

360 4201 438 4251 rogan
464 4201 476 4234 r
558 4201 622 4244 ,a..
648 4221 654 4233 .
