2864 4836
486 400 741 485 Joarvrvrs
782 402 1024 466 vrczrrv
1210 424 1274 462 mr.

223 587 285 629 non
304 568 467 646 specificat¹
486 567 684 626 infirmitatem
699 563 828 633 finalem,
843 563 902 623 sed
923 565 1179 625 consolationem
1195 562 1273 621 ladm-

223 667 292 725 dam
312 685 331 724 a
350 667 531 742 presbytero,
552 663 623 722 dum
643 663 748 738 aliquis
767 660 940 720 infirmatur
947 681 959 734 3
996 673 1031 723 et
1052 663 1129 739 qnia
1152 678 1203 740 per
1220 659 1273 717 r'mr

224 775 342 823 naturae
366 763 464 822 oleum
488 761 662 821 habundans
685 760 716 819 iu
740 759 795 818 illis
821 759 967 836 partibus
994 759 1078 820 valet
1108 760 1150 820 ad
1174 756 1274 835 corpu&

224 863 387 920 sanitatem.
428 861 502 919 Ideo
529 859 618 918 talem
645 857 777 916 meminit
804 856 1001 928 unctionem,
1028 875 1098 918 non
1126 856 1205 934 quod
1225 852 1274 913 ild

224 959 322 1017 oleum
336 968 404 1034 agat
415 959 446 1016 in
459 958 597 1027 animam,
608 955 661 1015 sed
675 955 744 1030 quia
756 954 849 1012 oratio
862 953 966 1014 effusa
981 973 1004 1014 a
1018 957 1182 1016 sacerdote
1193 954 1274 1013 dem

225 1055 349 1115 mediat'
366 1055 553 1133 quandoque,
573 1063 605 1112 ut
618 1053 700 1113 Deus
718 1050 870 1111 infirmati³
889 1052 1019 1112 animae
1040 1054 1224 1132 suffragetur.
1253 1048 1275 1109 S

224 1154 304 1212 enim
317 1156 371 1213 ista
385 1153 545 1230 corporalis
559 1152 659 1211 unctio
673 1151 747 1210 soret
760 1159 997 1220 sacramentum,
1010 1162 1048 1211 ut
1062 1152 1161 1212 modo
1174 1150 1276 1227 uum,

225 1250 332 1310 Christi
354 1261 383 1309 et
403 1251 482 1327 ejus⁴
502 1249 626 1327 apostoli
650 1248 714 1326 ejus
736 1246 1014 1323 promulgationem
1039 1259 1073 1308 et
1093 1248 1277 1309 execution

225 1349 352 1407 debitam
366 1366 428 1407 non
438 1357 574 1408 tacerent
610 1345 752 1407 Concedo
765 1355 866 1403 tamen
879 1343 943 1415 tibi,
955 1344 1049 1420 quod
1065 1346 1126 1406 ista
1139 1342 1278 1422 corpora&

225 1447 324 1505 unctio
337 1456 382 1505 est
401 1445 545 1522 aliquibus
563 1445 685 1504 caeteris
703 1443 822 1520 paribus
840 1452 1084 1515 sacramentum,
1099 1442 1172 1504 sed'
1183 1450 1278 1519 opum

224 1558 301 1616 tunc,
316 1545 399 1622 quod
415 1546 576 1623 presbyteri
593 1538 774 1604 mereantur⁸
787 1541 848 1601 suis
866 1540 983 1600 devotis
1003 1543 1200 1602 orationibus
1216 1536 1278 1599 inir-

225 1646 320 1703 matis.
356 1643 435 1703 Cave
446 1656 545 1704 tamen
556 1662 594 1702 ne
608 1643 695 1702 nimis
708 1639 821 1701 leviter¹
830 1641 919 1699 verba
931 1641 1071 1716 apostoli
1088 1660 1134 1701 nc
1144 1640 1281 1717 intelligat

227 1741 315 1801 Potes
337 1741 432 1801 enim⁸
457 1741 496 1800 ad
520 1752 634 1801 tantum
658 1757 751 1799 errare
775 1748 808 1796 ut
831 1737 944 1807 credas,
970 1737 1060 1815 quod
1085 1756 1126 1799 eo
1148 1741 1215 1818 ipso
1233 1752 1281 1815 qno

226 1839 365 1898 sacerdos
389 1841 511 1898 oraverit
535 1857 589 1915 pro
614 1839 739 1908 infirmo,
766 1836 789 1895 si
815 1834 934 1912 aliquod
959 1846 1130 1911 peccatum
1155 1836 1283 1905 babuerit,

226 1938 392 2007 remittetur,
404 1954 472 1995 cum
486 1947 584 1995 tamen
598 1936 680 1994 multi
693 1933 874 1993 infirmantur
888 1932 1006 2008 saepius
1020 1942 1056 1992 et
1069 1952 1165 2012 saepe
1179 1950 1284 2010 rmgm·

226 2046 279 2103 tur,
301 2034 350 2109 qui
375 2035 414 2093 ad
436 2034 656 2092 damnationem
677 2041 848 2108 perpetuam
872 2038 939 2089 sunt
962 2032 1118 2105 praesciti.
1162 2030 1228 2091 Nee
1246 2040 1285 2089 est

227 2129 406 2189 credendum
430 2130 510 2206 quod
533 2132 564 2188 in
588 2138 731 2207 quantum
755 2129 904 2204 presbyter
926 2126 969 2185 sic
991 2127 1074 2199 iacit,
1102 2131 1201 2189 oratio
1223 2143 1285 2188 stne

228 2226 295 2285 fidei
320 2226 440 2285 salvabit
464 2227 620 2297 infirmum,
645 2244 712 2286 cum
736 2236 806 2284 tunc
830 2224 905 2283 ioret
929 2223 1006 2282 fides
1030 2225 1189 2298 ecclesiae,
1211 2222 1284 2302 quod

227 2324 394 2399 quicunque
418 2325 449 2381 in
473 2325 610 2382 extremis
635 2323 712 2382 istud
736 2320 893 2399 receperit⁹
917 2332 1150 2393 sacramentum,
1173 2340 1211 2382 ex
1234 2320 1286 2381 fide

229 2421 336 2480 Christi
350 2421 512 2492 salvabitur,
524 2432 552 2481 et
566 2434 635 2481 tunc
649 2421 722 2480 ioret
733 2438 846 2479 summe
861 2418 1090 2478 necessarium¹⁰
1099 2421 1179 2479 inter
1192 2419 1286 2480 omnia

230 2529 420 2588 sacramenta,
433 2536 500 2576 cum
516 2520 659 2594 recipiens
670 2518 726 2577 alia
740 2528 836 2595 potest
851 2515 1019 2575 decedere¹¹
1035 2515 1165 2577 finaliter
1179 2519 1285 2594 impoe·

230 2615 325 2671 nitens
340 2625 368 2670 et
383 2614 576 2685 damnandus,
592 2625 620 2674 et
635 2616 676 2674 sic
690 2625 785 2691 potest
799 2615 917 2672 indubie
936 2611 1013 2670 istud
1032 2613 1182 2689 recipiens
1196 2631 1285 2672 saera·

231 2721 370 2769 mentum.
413 2711 485 2769 Ideo
501 2712 588 2771 debet
603 2713 785 2789 subintelligi,
801 2712 881 2787 quod
896 2711 919 2769 si
938 2710 1085 2781 sacerdos,
1100 2729 1194 2787 quern
1209 2711 1285 2769 Deus

231 2810 268 2866 ad
288 2808 475 2867 salvationem
496 2810 602 2868 infirmi
621 2811 662 2869 sic
681 2811 832 2880 ordinavit,
847 2809 1033 2867 conformiter
1048 2809 1088 2868 ad
1107 2810 1196 2869 istam
1213 2810 1284 2868 ordi·

232 2907 381 2964 nationem
402 2906 458 2963 Dei
478 2909 608 2978 oraverit,
629 2920 697 2966 tunc
717 2908 870 2967 salvabitur
888 2906 980 2964 taliter
998 2905 1176 2966 infirmatus.
1219 2907 1284 2965 Non

232 3003 310 3057 enim
325 3012 368 3060 est
389 3002 469 3072 fides,
485 3004 536 3061 sed
558 3005 587 3061 in
609 3022 679 3062 casu
699 3021 774 3078 spes,
790 3001 868 3079 quod
890 3003 943 3060 iste
957 3001 1096 3060 sacerdos
1113 3003 1282 3065 salvabitur

232 3099 383 3173 quomodo
403 3117 473 3175 ergo
493 3100 568 3158 foret
587 3100 658 3159 fides
678 3103 854 3176 presbytero,
869 3099 949 3175 quod
968 3099 1022 3156 iste
1039 3099 1176 3158 infirmus
1197 3100 1282 3158 salva·

232 3196 315 3264 bitur,
331 3206 359 3253 et
374 3197 535 3271 specialiter
549 3215 617 3256 cum
632 3199 797 3257 sacerdotes
811 3198 977 3274 regulariter
994 3206 1094 3255 carent
1109 3198 1282 3256 revelatione

232 3292 268 3349 de
296 3293 453 3353 salvatione
482 3295 595 3354 infirmi.
637 3295 674 3353 Et
703 3297 743 3355 sic
770 3297 800 3353 in
826 3305 1008 3354 sacramento
1035 3294 1233 3369 baptismatis,
1256 3296 1283 3351 in

232 3402 413 3449 sacramento
434 3392 662 3452 confirmationis
683 3404 711 3452 et
730 3395 841 3451 cunctis
861 3391 924 3450 aliis
945 3389 1130 3450 antichristus
1151 3394 1224 3452 ritus
1244 3394 1283 3450 in·

231 3487 394 3546 fundabiles
419 3490 573 3559 adinvenit,
600 3502 627 3548 et
653 3490 787 3549 udonus
810 3489 949 3548 ecclesiae
974 3500 1057 3546 extra
1081 3488 1172 3547 fidem
1198 3491 1284 3565 scrip

231 3596 311 3642 turae
334 3602 420 3660 supra
442 3585 541 3644 fideles
562 3587 694 3645 subditos
716 3586 879 3657 cumulavit,
902 3595 1086 3644 sacramenta
1111 3596 1211 3644 autem
1232 3586 1283 3645 alia

264 3763 271 3791 ¹
290 3760 426 3825 specificat]
439 3763 587 3825 speeiv,ocat
598 3764 637 3812 ed
649 3779 686 3827 pr
853 3763 982 3826 ’median
994 3763 1110 3820 medient,
1123 3764 1187 3814 ΑΗΕ
1198 3764 1236 3813 ed.
1248 3779 1282 3827 pr.

230 3825 383 3889 ’iufinnati]
396 3826 541 3883 infirmitati,
554 3828 582 3876 Β.
595 3829 688 3892 primae
700 3844 795 3885 manus,
807 3827 846 3876 ed.
859 3844 896 3892 pr.
1028 3827 1117 3892 ‘ejus]
1130 3829 1213 3881 ceteri,
1225 3828 1282 3876 Β..ιῖ

232 3892 269 3939 ed.
282 3908 319 3955 pr
450 3890 531 3956 ¹sed]
544 3901 576 3948 et,
589 3893 682 3942 A...BC
822 3891 1000 3956 ‘mereantur]
1012 3903 1172 3947 mererentur,
1184 3893 1221 3942 ed.
1234 3909 1283 3957 pr.;

231 3963 362 4011 merentur,
374 3957 406 4003 Α.
408 3955 467 4005 ΒΟ
566 3957 575 3985 ⁷
592 3957 688 4021 leviter]
701 3957 863 4013 levisleviter,
874 3959 955 4006 ed.r
1079 3959 1184 4022 1ειιίιιι]
1197 3968 1283 4011 tamen

231 4021 269 4068 ed.
282 4037 318 4084 pr.
428 4021 438 4048 ⁰
456 4022 585 4085 receperit]
599 4023 697 4087 recepit,
711 4022 753 4078 B.;
772 4023 898 4087 reciperet,
907 3973 994 4070 fied.
1007 4039 1045 4086 pr
1158 4024 1283 4071 ¹¹summe

231 4084 405 4148 necessarium]
424 4087 655 4143 necessaris-simum,
667 4087 729 4136 ΑΒ.
744 4088 838 4152 primae
854 4103 949 4143 manus,
961 4086 1011 4145 D.;
1034 4088 1281 4138 necessitatissimum.

213 4149 269 4227 'ed
281 4165 318 4211 pr.
401 4150 418 4180 ¹¹
436 4150 565 4215 decedere]
578 4153 697 4208 decidere,
710 4152 803 4201 ΑΒΕ
815 4153 854 4202 ed.
867 4168 904 4216 pr
