2864 4836
486 428 746 507 JOANNIS
779 427 994 491 WICLIF
1180 448 1270 486 usur.

218 589 424 667 propheticum
448 590 550 650 dicitur
574 591 655 668 quod
674 591 783 668 justitia
807 590 864 652 Dei
887 591 985 668 exigit,
1006 590 1090 668 quod
1113 589 1191 650 tilius
1213 604 1270 648 uon

218 687 367 764 puniatur¹
382 705 437 765 pro
452 699 533 765 patre
548 689 586 748 ad
600 693 646 748 sui
660 689 801 749 murnum
815 707 852 748 ex
866 686 1009 761 traduce¹,
1024 689 1083 748 nisi
1102 688 1192 766 culpa
1207 681 1272 747 nbi⁸

219 787 338 861 propria
363 786 531 845 maculetur.
573 785 662 846 Unde
685 787 807 864 quilibet
830 805 867 846 ex
892 786 1026 846 traduce⁴
1049 785 1236 846 descendens
1256 800 1273 842 ι

219 883 315 959 primo
335 882 464 954 homine,
478 884 508 942 in
522 884 665 961 principio
685 884 770 944 suae¹
782 884 903 961 originis
924 883 1012 944 habet
1033 885 1189 961 proprium
1208 899 1273 960 pec·

219 990 317 1039 catum
335 981 484 1057 originale,
499 991 529 1040 et
542 999 631 1058 saepe
650 1000 686 1040 ex
706 982 862 1042 infectione
882 981 1001 1042 seminis
1019 991 1050 1040 et
1069 981 1216 1042 demerito
1232 980 1273 1040 sui

219 1078 346 1154 parentis
359 1087 513 1154 peccatum
533 1081 682 1156 proprium
702 1079 830 1153 actuale;
858 1096 949 1157 quare
968 1096 1040 1155 ergo
1059 1095 1123 1137 nou
1138 1095 1195 1155 pro
1208 1093 1274 1155 pec·

220 1185 286 1234 cato
313 1176 431 1251 proprio
458 1177 641 1253 puniretur¹l
685 1175 723 1236 Et
751 1176 809 1236 sic¹
837 1195 855 1236 a
881 1185 1141 1254 quantumcunque
1169 1174 1274 1235 iniecto

219 1282 339 1349 parente
364 1272 456 1332 homo
481 1273 672 1345 descenderit,
695 1275 750 1333 nisi
775 1275 927 1352 proprium
952 1283 1108 1351 peccatum
1134 1271 1274 1343 habueri,

218 1381 373 1447 peccatum
387 1371 503 1430 alterius
517 1390 579 1431 non
592 1372 728 1447 portabit.
770 1371 809 1431 Et
822 1374 861 1431 ita
875 1372 899 1431 si
912 1388 966 1448 per
979 1388 1081 1429 vemm
1100 1380 1154 1429 aut
1172 1369 1275 1430 mann

219 1468 352 1527 Christus
365 1469 555 1528 descenderet
568 1488 586 1528 a
599 1470 682 1529 valde
696 1469 811 1529 infectis
824 1469 1001 1547 parentibus,
1016 1468 1086 1544 quia
1098 1477 1202 1528 tamen
1215 1483 1275 1526 nou

219 1567 312 1641 potuit
327 1566 451 1626 deficere
465 1568 502 1626 ab
516 1567 649 1644 originali
661 1568 771 1644 justitia
784 1585 874 1644 quarn
893 1566 1058 1626 necessario
1071 1583 1110 1624 ex
1124 1583 1158 1625 se
1177 1564 1277 1624 babuit

220 1681 308 1740 supra
321 1664 449 1741 primum
463 1663 623 1736 hominem,
637 1675 760 1742 peccato
774 1663 908 1741 originali
921 1680 984 1722 non
1001 1663 1096 1740 potuit
1115 1662 1275 1734 maculam

220 1760 273 1819 fuit
299 1771 398 1820 tamen
426 1762 587 1839 baptisatus
614 1781 633 1822 a
659 1761 796 1840 Johanne
824 1762 898 1821 sicut
925 1759 979 1819 suit
1006 1760 1198 1819 circumcisus
1228 1758 1274 1818 die

220 1867 333 1929 octavo,
353 1859 392 1917 ad
412 1859 594 1935 implendum
614 1870 768 1937 utramque
788 1859 884 1936 legem
903 1868 933 1918 et
953 1857 1084 1916 dandum
1105 1857 1274 1935 exemplum

220 1957 280 2015 suis
296 1956 429 2016 fratribus
450 1957 542 2016 taliter
562 1956 713 2017 faciendi⁸.
755 1955 861 2032 Angeli
883 1965 981 2015 autem
999 1954 1077 2026 mali,
1092 1971 1163 2013 cum
1184 1971 1279 2020 nona¹

221 2055 281 2112 suis
294 2056 463 2130 parentibus
477 2053 615 2114 linealiter
625 2063 822 2132 procreantur,
835 2071 896 2112 non
906 2061 1032 2129 possunt
1045 2051 1088 2111 sic
1098 2052 1277 2128 originaliter

221 2169 351 2227 peceare.
386 2151 425 2211 Et
439 2154 566 2229 supponi
578 2153 665 2211 debet
679 2152 716 2211 de
728 2152 846 2212 Christo
856 2161 999 2228 quantum
1010 2148 1048 2208 ad
1058 2149 1104 2208 sui
1114 2151 1275 2222 materiam,

223 2266 292 2307 cum
313 2249 488 2308 miraculose
507 2248 576 2308 fuit¹
598 2261 683 2326 capta
705 2250 741 2308 de
763 2250 883 2325 virgine,
904 2257 934 2306 et
954 2265 1017 2306 non
1036 2246 1206 2306 immediate
1226 2247 1276 2307 de·

223 2346 336 2404 scendit
354 2347 447 2405 aviro
468 2348 499 2405 in
518 2347 658 2407 feminam
679 2349 749 2424 ipsis
770 2347 958 2424 peccantibus
980 2346 1175 2423 procreando,
1194 2345 1276 2424 quod

224 2443 317 2502 caruit
339 2444 463 2503 omnino
484 2445 707 2522 indispositione
728 2445 766 2504 ad
791 2443 1013 2522 subjectandam
1037 2443 1178 2516 animam,
1203 2445 1277 2504 sicut

223 2543 253 2598 in
275 2551 351 2601 statu
366 2543 550 2602 innocentiae
565 2545 710 2602 caruisset.
752 2542 840 2601 Unde
860 2542 929 2600 sic¹⁰
948 2541 1091 2617 procreati
1108 2541 1276 2600 immediate

225 2658 261 2697 ex
284 2641 452 2715 parentibus
474 2641 636 2699 secundum
657 2640 744 2698 talem
762 2638 1042 2715 indispositionem¹¹
1064 2638 1201 2698 dicumur
1219 2640 1275 2699 sin·

222 2736 358 2811 gulariter
378 2755 414 2796 ex
436 2738 554 2796 traduce
575 2739 729 2813 procreari,
747 2738 869 2813 qualiter
889 2736 1023 2795 Christus
1043 2739 1191 2812 procreari
1213 2755 1275 2795 non

223 2833 325 2908 potuit.
378 2833 437 2893 Sed
459 2835 579 2893 dubium
608 2845 653 2893 est
676 2836 763 2892 Petri
788 2833 984 2904 Lambardr'¹',
1014 2834 1169 2910 quomodo
1194 2834 1276 2893 Deus

223 2931 328 2988 creavit
352 2933 480 2990 animam
501 2932 642 2991 mundam
668 2934 697 2989 in
719 2933 861 3008 principio
882 2932 927 2991 sui
947 2949 1021 3001 esse,
1047 2940 1076 2989 et
1100 2942 1201 2991 tamen
1221 2951 1275 3009 pro

222 3028 328 3087 eodem
349 3029 465 3088 instanti
490 3030 593 3088 eadem
619 3031 717 3088 anima
741 3029 773 3088 fit
797 3030 958 3088 immunda.
1000 3028 1083 3087 Deus
1108 3030 1189 3088 enim
1214 3047 1275 3090 non

222 3136 299 3184 creat
323 3127 504 3202 aliqualem¹¹
528 3128 729 3197 substantiam,
758 3128 813 3185 nisi
841 3128 905 3203 ipsa
931 3144 987 3203 pro
1015 3125 1113 3202 aliquo
1141 3139 1276 3203 tempore

222 3224 304 3283 fuerit
318 3224 391 3294 talis,
412 3225 465 3283 sed
479 3226 576 3283 anima
590 3224 708 3283 infantis
723 3225 828 3283 mortui
846 3235 1003 3300 antequam
1020 3223 1180 3299 baptisetur
1200 3242 1275 3283 nun·

220 3340 309 3397 quam
334 3333 378 3381 est
401 3323 520 3393 munda,
546 3340 617 3398 ergo
642 3321 724 3380 Deus
749 3340 900 3399 nunquam
925 3331 1004 3381 creat
1027 3338 1094 3379 eam
1122 3321 1275 3381 mundana

221 3419 251 3478 Si
273 3421 352 3478 enirn
376 3438 430 3497 pro
451 3421 569 3479 instanti
593 3438 653 3496 quo
674 3420 756 3478 Deus
780 3419 897 3496 copulat
920 3420 1015 3495 ipsam
1038 3419 1165 3494 corpori,
1188 3418 1271 3479 Deus

219 3528 297 3576 creat
322 3519 416 3593 ipsam
441 3519 592 3589 mundam,
612 3530 683 3576 tunc
707 3535 763 3594 pro
787 3518 837 3576 illo
861 3517 981 3576 instanti
1004 3516 1076 3588 est¹⁴
1099 3517 1222 3588 munda,
1245 3527 1275 3576 et

253 3677 259 3704 ¹
278 3675 404 3739 puniatur]
417 3677 523 3740 punitur
537 3676 642 3732 A...;BC
660 3677 782 3740 punietur,
794 3675 833 3724 ed
845 3692 882 3740 pr.
947 3674 1003 3725 'ex
1015 3675 1277 3768 traduce]extraduoe

219 3741 377 3796 descendens,
390 3742 428 3790 ed.
441 3758 493 3804 pr.;
510 3741 543 3788 ad
555 3757 592 3790 sur
586 3741 720 3789 damnum
734 3756 763 3790 ex
776 3742 883 3797 traduce,
895 3757 945 3791 om
958 3740 992 3790 D
1123 3740 1276 3817 ’sibi]sua.

219 3806 257 3853 ed.
270 3821 307 3869 pr.
472 3805 650 3869 ‘extraduce]
663 3821 713 3854 om.
726 3805 754 3854 B.
767 3806 805 3855 ed
805 3822 855 3932 ].pr
1018 3804 1116 3869 ¹suae]
1128 3806 1175 3861 sui,
1186 3806 1225 3855 sd
1256 3824 1276 3856 r.

219 3869 384 3935 puniretur]
396 3871 517 3934 punietur
529 3871 568 3919 ed.
581 3887 617 3934 pr.
743 3870 816 3932 ⁷sic]
829 3886 879 3919 orn.
891 3870 930 3920 ed.
942 3886 978 3933 pr.
1131 3823 1276 3936 'melmin

219 3935 366 3990 laciendum,
379 3936 471 3984 ΑΒΕ.
484 3935 523 3985 cd.
535 3951 572 3999 pr.
714 3936 806 4048 'iniq
811 3935 868 3991 sint,
880 3937 919 3985 ed
931 3951 968 4000 pr.
1108 3936 1127 3966 ¹⁰
1143 3935 1191 4000 sic]
1204 3871 1277 3993 sicut}

220 4001 312 4051 A...BC
325 4002 363 4050 ed
375 4017 411 4064 pr.
511 4002 527 4030 ¹¹
520 4000 771 4076 ¹indispositionern]
801 4001 979 4064 isposirionem,
990 4001 1029 4050 ed.
1041 4016 1079 4076 pr
1161 4000 1182 4030 ¹¹
1199 4001 1276 4050 lom-

219 4066 301 4129 bardi]
323 4066 465 4121 Lumbardi
487 4066 542 4114 libri
563 4081 637 4114 manu
657 4065 755 4160 script¹i;
780 4065 818 4114 «1.
840 4081 877 4131 pr.
895 4066 993 4114 addit‘
1002 4066 1027 4114 in
1046 4065 1079 4114 iii.
1103 4064 1215 4115 distinct.
1240 4067 1274 4128 3!

219 4130 236 4160 ¹¹
252 4130 394 4244 aliquaeldern]
406 4130 521 4194 aliquam.
534 4131 597 4180 A.C
729 4130 831 4195 ¹⁴'est]
824 4147 878 4195 rpsa
890 4138 935 4186 est.
948 4131 976 4180 Β
988 4130 1089 4195 primae.
1102 4130 1132 4180 C
1144 4131 1272 4182 secundae

220 4210 313 4251 manus,
377 4211 414 4258 pr.
