2864 4836
62 450 148 490 caet.
422 432 763 497 TRIALOGUS.
1214 435 1253 517 87

106 590 273 652 Phrrnerrs.
316 592 362 653 De
376 596 498 654 materia
512 597 605 672 prima
620 597 689 655 satis
708 598 833 655 obscure
853 596 1011 673 loquuntur
1025 597 1120 674 philo·
1154 619 1298 662 namnam

62 688 162 766 sophi,
184 709 253 750 cum
276 691 363 750 Plato
385 692 462 752 dicat
486 693 580 769 ipsam
601 712 666 753 esse
687 693 819 752 fraudem
842 694 939 753 fictam
960 696 991 752 in
1012 697 1117 756 crassis
1152 661 1237 703 qum

61 788 192 848 tenebris
210 789 369 848 involutam
378 810 387 863 ;
416 791 580 850 Arritoleler
598 792 711 850 autem¹
730 792 799 851 dicit
820 793 946 869 septimo
970 792 1119 870 Metaphi·

62 887 152 957 sicae,
168 888 249 964 quod
263 905 318 947 nec
333 899 377 948 est
395 889 467 965 quid
481 907 535 948 nec
554 889 640 965 quale
659 907 714 948 nec
729 889 836 965 aliquid
856 890 979 950 aliorum
999 893 1117 952 entium.

62 983 245 1061 Augustinus
265 1004 334 1045 vero
358 986 435 1057 dicit,
458 987 539 1063 qnod
562 997 607 1047 est
628 983 760 1064 proprie²
782 987 860 1046 nihil.
902 987 982 1047 Urso
1005 989 1119 1047 autem⁸

62 1082 176 1152 asserit,
191 1083 272 1160 quod
293 1095 338 1143 est
358 1084 488 1143 medium
510 1085 583 1143 inter
603 1103 657 1144 ens
677 1095 707 1143 et
727 1101 790 1143 non
811 1103 881 1156 ens;
909 1095 939 1144 et
952 1086 1023 1144 tales
1036 1087 1118 1145 locu-

61 1179 161 1239 tiones
174 1181 418 1259 philosophorum
438 1183 594 1259 concipere
609 1183 720 1242 videtur
737 1184 813 1242 vires
832 1193 946 1242 nostras
966 1183 1117 1243 excedere.

61 1276 131 1355 Ego
146 1288 244 1338 tamen
259 1282 403 1357 concipio,
416 1280 496 1357 quod
511 1282 632 1339 materia
646 1282 740 1357 prima
754 1292 797 1340 est
811 1282 966 1341 materialis
981 1284 1117 1353 essentia,

61 1393 140 1452 quae
153 1393 215 1436 non
228 1388 273 1436 est
286 1379 317 1437 in
330 1389 427 1455 partes
441 1379 635 1456 qualitativas⁴
650 1379 826 1438 diversarum
840 1389 1006 1437 naturarum
1021 1378 1121 1439 divisi.

60 1474 136 1544 bilis,
151 1474 204 1534 sed
222 1476 282 1535 est⁶
303 1477 512 1554 qualiscunque
532 1476 644 1536 formae
666 1476 861 1536 substantialis
881 1476 1044 1535 secundum
1066 1477 1116 1535 ali-

61 1572 145 1648 quod
166 1573 229 1649 ejus
250 1575 432 1651 suppositum
455 1577 635 1651 susceptiva;
663 1585 692 1634 et
711 1574 752 1634 sic
771 1592 824 1651 per
844 1575 1115 1633 transmutationem

62 1670 239 1730 substantiae
262 1681 306 1731 est
327 1673 383 1731 ista
406 1673 541 1733 materia⁶
562 1691 580 1732 a
599 1673 757 1732 viatoribus
779 1658 995 1748 cognoscenda.
1048 1671 1115 1732 Nec

61 1767 180 1844 recipit'
200 1767 358 1828 formaliter
380 1771 619 1846 praedicationes,
643 1766 732 1846 quas⁸
752 1770 893 1845 recipiunt
916 1769 1056 1844 corpora⁹
1077 1788 1115 1828 ex

61 1866 126 1942 ipsa
135 1876 165 1925 et
174 1867 314 1926 materiali
326 1867 421 1926 forma
432 1870 606 1946 composita.
649 1867 720 1926 Non
731 1877 828 1925 autem
843 1866 971 1942 intelligo
986 1865 1112 1926 formam

61 1964 280 2023 substantialem
299 1967 438 2025 materiae
452 1967 563 2043 primae
582 1983 647 2025 esse
667 1964 784 2041 aliquid,
799 1964 880 2041 quod
899 1973 996 2040 potest
1014 1982 1114 2040 perse

61 2062 193 2134 existere,
208 2063 261 2122 sed
281 2063 359 2123 illam
378 2064 558 2123 materialem
576 2064 732 2123 essentiam
752 2062 909 2122 formaliter
927 2079 990 2121 esse
1009 2061 1113 2135 talem;

60 2161 146 2219 etsie
167 2171 227 2220 tam
246 2162 367 2221 materia
379 2162 500 2239 prima¹⁰
513 2180 602 2238 quam
617 2180 670 2220 sua
688 2160 783 2220 forma
801 2178 890 2237 quam
904 2160 992 2218 etiarn
1008 2178 1045 2218 ex
1060 2160 1114 2220 illis

59 2260 267 2335 compositum,
282 2260 349 2319 licet
362 2260 476 2320 realiter
494 2260 714 2338 distinguantur,
729 2269 796 2318 sunt
815 2268 913 2317 tamen
932 2257 1036 2317 eadem
1050 2276 1113 2317 ma-

59 2357 167 2416 terialis
192 2358 317 2417 essentia
324 2377 332 2430 ;
366 2368 394 2417 et
419 2358 520 2416 omnia
544 2358 612 2417 talia
636 2357 764 2416 indicant
789 2357 952 2416 trinitatem.
1006 2355 1114 2437 Eorma

30 2494 36 2504 -
60 2465 159 2514 autem
170 2473 238 2514 curn
250 2457 285 2516 sit
294 2456 446 2533 dispositio
459 2455 614 2514 materialis
627 2455 767 2514 essentiae
779 2472 840 2512 non
855 2455 1048 2527 accidentalis,
1061 2455 1113 2516 sed

59 2554 257 2630 quidditativa,
277 2553 487 2631 correspondet
506 2552 726 2630 quodammodo
748 2551 833 2610 Verbo
847 2551 926 2619 θεῖ]
951 2556 1113 2613 essentialis

60 2653 183 2711 materia
203 2671 239 2711 ex
260 2651 344 2728 qua¹¹
364 2652 395 2710 fit
413 2652 617 2726 compositum,
635 2650 723 2709 habet
743 2650 1032 2726 correspondentiam
1052 2651 1113 2710 Deo

54 2751 163 2826 patrr‘,·
192 2759 221 2809 et
246 2750 421 2826 compositio
446 2750 569 2808 istorum
592 2747 631 2807 ad
654 2748 778 2807 invicem
800 2748 869 2807 dicit
894 2752 1112 2809 connexionem

59 2847 189 2925 Spiritus
199 2849 326 2907 increati.
369 2848 422 2907 llla
436 2857 534 2905 autem
549 2846 669 2904 materia
682 2846 783 2922 prima,
799 2864 866 2904 cum
886 2865 947 2905 non
962 2849 998 2906 sit
1012 2862 1066 2924 per
1080 2866 1112 2906 se

58 2947 220 3007 formaliter
229 2946 338 3024 aliquid
349 2946 394 3004 vel
404 2945 533 3021 aliqualis
538 2943 568 3015 3²,
580 2954 610 3001 ut
621 2943 689 3002 dicit
700 2943 869 3014 Arrltotcles,
881 2955 1000 3004 vocatur
1010 2965 1027 3003 a
1037 2945 1112 3003 Pla-

56 3051 116 3103 lone
130 3045 268 3121 loquente
280 3044 458 3114 abscondite,
471 3046 478 3072 ‘
490 3041 568 3101 fraus
583 3041 650 3100 ficta
665 3042 768 3100 crassis
781 3042 907 3100 tenebris
922 3040 1066 3113 involuta,’
1082 3053 1111 3101 et

58 3145 100 3203 sic
119 3152 164 3202 est
182 3142 325 3220 proprie¹⁸
339 3141 436 3200 nihil¹⁴
450 3140 578 3200 existens
593 3139 623 3197 in
642 3149 717 3209 actu,
732 3148 761 3197 et
775 3138 844 3197 nihil
858 3141 986 3199 existens
1001 3141 1109 3199 forma·

56 3241 129 3311 liter,
138 3251 170 3300 ut
179 3240 508 3317 loquiturAugustr'nus‚·
523 3239 583 3296 imo
593 3248 637 3296 est
646 3237 776 3296 medium
784 3238 857 3296 inter
867 3238 975 3314 aliquid
984 3240 1111 3297 existens

56 3336 88 3394 in
99 3333 193 3394 actu¹⁵
203 3346 231 3393 et
242 3333 313 3392 nihil
323 3335 451 3393 existens
462 3333 492 3390 in
503 3340 570 3390 actu
579 3329 735 3389 formaliter
744 3330 931 3406 intelligendo
936 3331 966 3401 ¹⁶,
976 3342 1007 3389 ut
1017 3331 1110 3406 loqui-

93 3488 213 3554 ¹aulem]
226 3495 316 3543 nmen,
329 3486 474 3538 A.B.C.cd.
487 3502 524 3551 pr.
598 3483 734 3549 'proprie]
765 3499 832 3547 rope,
844 3483 882 3531 ed.
894 3499 930 3547 pr.
1020 3482 1111 3532 ³Urso

57 3553 155 3618 autem]
167 3561 192 3604 et
203 3554 277 3610 Urso,
288 3552 361 3611 C.D.‚
374 3554 402 3601 B.
414 3553 508 3617 primae
518 3566 614 3606 manus,
626 3551 664 3600 ed.
681 3564 732 3613 pr.;
773 3549 833 3598 risso
844 3555 934 3603 autem,
947 3547 978 3596 Α.
991 3547 1111 3597 secundae

58 3621 249 3670 manus-Urso
271 3618 433 3668 scholasticus
458 3617 575 3682 physicae
600 3622 625 3665 et
651 3613 824 3727 philosophiae
849 3613 971 3689 naturalis·
989 3613 1111 3688 ⁴magister

57 3684 134 3734 seculi
156 3685 206 3738 xiii.
225 3682 294 3733 cu'us
311 3683 456 3748 Aphorismi
475 3689 500 3731 et
519 3681 568 3730 alia
585 3679 677 3744 scn'pta
688 3679 713 3728 in
725 3679 751 3727 bi
769 3678 882 3727 liothecrs
897 3678 1016 3741 Anghcrs‚
1025 3694 1062 3726 ex.
1074 3694 1110 3741 gr.

59 3749 202 3805 Bodleiana.
214 3750 253 3799 Co
263 3748 321 3812 legii
333 3749 399 3797 Novi
412 3747 566 3802 Oxoniensis
578 3746 633 3794 aliis
644 3745 810 3794 adservantur.
842 3743 881 3792 Cf.
894 3747 963 3801 Goxe,
975 3743 1111 3806 Catalogus

56 3813 454 3878 codicumMSS.,quiincollegiis
461 3811 571 3876 atriisque
578 3810 759 3861 oxoniensibus
766 3810 932 3859 adservantur.
951 3809 1110 3868 Oxon.185a.

57 3897 83 3946 p.
101 3879 143 3936 67,
155 3880 220 3931 Coll.
232 3880 308 3929 Novi.
446 3878 455 3906 ¹
472 3876 647 3942 qualitativas]
660 3876 841 3939 quantitativas,
855 3874 886 3922 Α.
1033 3873 1042 3901 ⁵
1059 3872 1108 3936 est]

55 3946 140 4001 etiam.
152 3946 245 3997 A.B.C.
256 3945 295 3994 ed.
307 3960 344 4009 pr.
516 3943 526 3971 ⁶
542 3940 655 4005 materia]
668 3949 764 3996 natura,
776 3940 870 3989 A.B.C.
882 3939 1003 3988 secundae
1014 3953 1109 3986 manus.

55 4011 64 4039 '
82 4009 182 4086 recipit]
194 4026 244 4060 om.
256 4011 294 4060 ed.
306 4025 343 4074 pr.
467 4009 477 4036 ⁸
493 4008 565 4072 quas]
578 4007 662 4072 quales
673 4021 740 4070 quas,
752 4007 790 4056 ed.
802 4021 839 4069 pr.
965 4004 975 4031 ⁹
992 4001 1109 4067 corpora]

55 4092 87 4127 co
135 4076 225 4132 ralrter,
237 4076 275 4124 ed.
287 4090 323 4139 pr.
466 4074 485 4103 ¹⁰
501 4073 592 4138 prima]
604 4088 654 4122 orn.
666 4073 698 4120 A.
847 4069 864 4098 ¹¹
882 4068 941 4133 qua]
953 4083 1011 4132 quo.
1023 4069 1061 4143 ed.
1073 4083 1110 4143 pr.

54 4142 74 4172 ¹¹
117 4140 203 4205 'qualis
227 4141 316 4205 aliqua,
328 4140 367 4190 ed.
379 4155 416 4204 pr.
481 4169 483 4173 -
545 4139 562 4169 ¹³
580 4136 690 4202 proprie]
702 4151 788 4201 prope,
800 4135 837 4184 ed.
869 4151 886 4209 r.
944 4198 949 4209 Ι
1002 4133 1019 4162 “
1036 4131 1109 4196 nrhrl]

54 4205 198 4263 nihilnhil,
234 4207 271 4256 .C.
337 4205 355 4235 ¹³
372 4204 478 4268 inacta]
491 4221 541 4254 orn.
554 4205 585 4252 Α.
652 4203 671 4233 ¹⁶
688 4151 1043 4264 intelligendoimtellrgostd.
1056 4214 1092 4262 pr.
