2864 4836
137 471 220 515 cera
261 448 755 512 SUPPLEMENTUM
783 452 1082 512 TRJALoGl.

139 608 215 670 tides
228 609 351 670 Domini
365 624 568 689 augmentata3
590 625 619 673 et
633 616 729 673 statim
744 625 812 691 post
826 615 1007 674 dotationem
1016 613 1191 674 Caesaream

138 709 246 768 cecidit
260 721 338 768 secta
353 711 534 782 Saracenica
549 724 578 771 et
596 722 665 789 post
683 712 773 772 divisa
792 722 836 771 est
854 711 976 772 ecclesia
991 711 1106 771 Graeca
1124 729 1193 771 cum

139 805 204 866 aliis
223 809 352 868 ecclesiis
370 809 598 886 particularibus,
616 811 720 887 quibus
739 821 783 869 est
799 810 888 886 longe
906 809 1084 870 tolerabilius
1103 828 1193 887 quam

139 914 186 964 est
199 907 293 966 nobis.

182 1002 255 1063 Ideo
272 1007 414 1080 pre'ncipes
438 1017 467 1065 et
491 1006 663 1084 potestates¹
688 1007 796 1066 debent
819 1016 954 1083 potenter
977 1008 1086 1084 juvare,
1112 1005 1192 1083 quod

139 1118 209 1161 cum
234 1120 296 1161 non
320 1104 357 1162 sit
380 1104 444 1164 talis
469 1123 547 1182 papa
570 1106 758 1176 necessarius,
779 1116 808 1165 et
831 1106 928 1163 clerici
948 1122 1000 1181 per
1023 1104 1194 1164 scrutinium
1251 1111 1298 1176 Ἲς
1360 1111 1383 1168 ‚¹⁸

138 1198 208 1259 fidei
223 1201 389 1277 scripturae,
405 1219 439 1262 ac
456 1204 528 1261 lae'ci
541 1204 685 1263 humiliter
704 1202 909 1282 promerendo.
950 1202 1039 1261 Unde
1052 1204 1194 1278 pre‘etcipes

137 1297 229 1357 seculi
253 1298 362 1358 debent
385 1318 476 1376 regna
500 1320 552 1361 sua
576 1321 594 1362 a
619 1303 792 1378 spoliatione
818 1303 903 1379 hujus
928 1301 1035 1361 diaboli
1060 1311 1194 1377 potenter

139 1393 307 1468 defendere,
321 1408 351 1456 et
364 1399 485 1458 clericos
500 1400 581 1459 titulo
595 1400 681 1477 hujus
695 1400 854 1460 antichristi
869 1410 1022 1478 promotos
1038 1399 1194 1476 prudenter

140 1495 295 1570 expellere,
316 1507 345 1555 et
367 1497 447 1555 nullo
469 1498 559 1556 modo
581 1501 718 1575 expensis
739 1499 887 1558 laboribus
908 1499 953 1556 vel
974 1497 1071 1556 favore
1097 1495 1194 1555 lovere

140 1592 230 1652 talem
244 1593 393 1653 diabolum
404 1595 447 1653 vel
461 1597 568 1672 iuvare.
607 1595 715 1656 Clerici
723 1608 820 1656 autem
831 1598 940 1656 debent
950 1597 981 1654 in
995 1596 1060 1671 lege
1071 1593 1193 1653 Domini

141 1691 258 1750 studere
279 1692 322 1750 et²
342 1711 379 1751 ex
402 1693 460 1753 fide
482 1695 622 1771 evangelii
649 1695 724 1755 clare
749 1695 901 1767 deducere,
924 1695 1005 1772 quod
1029 1694 1093 1752 talis
1116 1711 1195 1770 papa

141 1788 266 1850 subdole
287 1791 323 1849 sit
345 1792 533 1852 introductus.
581 1792 657 1865 Quis
678 1795 757 1852 enim
782 1794 902 1865 dubitat,
926 1795 997 1870 quin
1021 1793 1059 1852 sit
1084 1791 1196 1850 fallacia

143 1888 313 1947 ‘meridiani
332 1888 479 1949 daemonii
489 1891 508 1950 :'
534 1892 559 1950 si
576 1891 679 1951 Petms
694 1892 745 1950 suit
760 1891 923 1952 secundum
938 1902 995 1950 tres
1009 1889 1195 1949 conditiones

142 1986 305 2064 praedictas
332 1988 440 2048 electus
469 2007 487 2048 a
510 1988 651 2062 Domino,
680 2008 752 2066 ergo
780 2000 897 2066 oportet
924 1989 1004 2066 quod
1032 1988 1136 2046 babeat
1164 1987 1194 2045 in

142 2085 265 2145 ecelesia
281 2089 497 2146 successorem⁸
516 2089 692 2148 conditionis
711 2101 741 2148 et
758 2091 831 2148 vitae
849 2089 1011 2164 oppositae,
1026 2105 1044 2145 a
1061 2081 1195 2144 diabolo⁴

143 2192 173 2242 et
193 2200 255 2242 non
276 2183 389 2243 aDeo⁶
410 2187 452 2245 sic
474 2187 618 2245 electum?
653 2187 691 2245 Et
712 2199 854 2264 quantum
874 2185 912 2245 ad
934 2185 1195 2253 conversationem,

142 2291 223 2359 patet
247 2283 327 2359 quod
352 2284 416 2344 talis
438 2286 622 2344 antichristus
644 2286 768 2346 electus⁶
790 2285 870 2361 degit
892 2286 923 2343 in
947 2285 1048 2344 castris
1071 2282 1196 2360 propriis

143 2390 246 2440 contra
261 2379 416 2454 Christum,
431 2384 540 2460 colligit
555 2384 591 2443 de
605 2386 703 2460 regnis
717 2385 856 2460 pecunias
871 2382 1035 2442 decidendo
1050 2398 1153 2440 causas
1167 2390 1197 2439 et

143 2477 279 2538 faciendo
297 2480 406 2556 judicia
427 2493 529 2540 contra
550 2481 706 2553 Christum,
726 2493 755 2540 et
775 2481 944 2557 multiplicat
965 2480 1020 2538 sibi
1041 2480 1129 2555 leges,
1144 2495 1197 2554 per

143 2596 219 2656 quas
241 2578 384 2655 deprimat
404 2581 501 2657 legem
517 2580 633 2641 Christi.
675 2580 756 2652 Quid
777 2581 855 2638 enim
878 2579 955 2638 aliud
976 2589 1061 2637 sonat
1081 2576 1129 2635 illa
1149 2575 1196 2633 lex

145 2677 199 2737 ‘de
214 2679 376 2755 majoritate
391 2688 420 2738 et
438 2677 613 2739 obedientia'
629 2679 756 2757 capitulo
771 2677 913 2748 ‘Solite⁷,’
928 2677 983 2735 nisi
1003 2675 1196 2752 majoritatem

143 2775 208 2835 talis
236 2787 386 2854 apostatae
414 2778 513 2854 quoad
540 2779 703 2837 mundum?
745 2779 806 2836 Aut
832 2775 903 2851 quid
931 2775 1009 2835 aliud
1037 2784 1122 2834 sonat
1149 2773 1196 2831 lex

143 2873 311 2951 hujusmodi
326 2874 484 2935 antichristi
503 2876 533 2934 in
553 2876 758 2936 constituendo
773 2876 827 2934 sibi
847 2875 984 2951 indignos
1003 2872 1197 2950 praepositos,

144 2989 221 3048 quae
239 2974 441 3050 incorporatur
455 2975 485 3031 in
500 2972 597 3046 Sexto,
611 2976 642 3032 de
655 2976 804 3050 rescriptis,
818 2973 945 3049 capitulo
961 2971 1012 3034 ‘Si
1031 2967 1160 3029 duobus⁸
1170 2967 1196 3025 ?'

144 3068 201 3128 Vel
220 3070 289 3147 quid
308 3081 394 3130 sonat
412 3068 517 3147 quarn⁰
531 3072 728 3131 obedientiam
748 3071 912 3130 faciendam
929 3070 996 3128 huic
1017 3067 1135 3127 diabolo
1150 3067 1196 3125 lex

144 3168 193 3227 illa
206 3169 237 3226 in
251 3170 344 3244 que'rrlo
357 3169 531 3226 decretdrhm
547 3170 601 3228 ‘de
615 3170 794 3245 poenitentia
813 3179 843 3226 et
860 3167 1050 3237 remissione,'
1069 3164 1196 3242 capitulo

146 3265 269 3327 ‘Omnis
289 3268 437 3344 utriusque
457 3266 602 3326 sexus¹⁰?’
632 3277 661 3325 et
681 3269 722 3326 sic
741 3266 778 3326 de
797 3267 894 3325 multis
915 3265 977 3323 aliis
995 3264 1107 3340 legibus
1126 3263 1197 3320 luci-

146 3362 244 3424 lerinis
258 3365 300 3423 eis
314 3365 464 3426 similibus.
499 3364 612 3424 Notum
623 3375 666 3425 est
681 3377 788 3435 tamen,
800 3363 882 3439 quod
896 3363 1029 3421 diabolus
1044 3380 1096 3438 per
1111 3361 1198 3419 talem

145 3463 208 3540 ejus
229 3464 366 3522 vicariurn
387 3463 543 3540 aliquando
565 3464 736 3523 commiscet
756 3462 837 3538 leges
859 3463 951 3538 justas
971 3471 1000 3518 et
1021 3459 1148 3529 floridas,
1169 3469 1198 3517 et

144 3580 197 3639 per
221 3579 289 3620 eum
315 3562 382 3621 iacit
407 3563 497 3621 multa
520 3564 600 3621 bona
623 3562 654 3619 de
675 3581 781 3638 genere,
807 3561 875 3637 quia
899 3559 980 3618 aliter
1004 3577 1093 3617 nemo
1118 3559 1198 3617 daret

144 3648 251 3720 denno
266 3678 320 3720 suo
335 3661 440 3734 fidem;
462 3661 513 3720 sed
528 3660 651 3719 infidelis
666 3659 797 3736 operatio
813 3669 901 3735 atque
921 3659 1034 3717 intentio
1048 3656 1199 3716 infideliter

144 3760 235 3821 inficit
249 3770 343 3821 totum
357 3771 471 3820 statum.

179 3916 188 3946 ¹
204 3914 351 3980 potestates]
364 3921 511 3980 potentates,
523 3915 603 3965 auc.
680 3913 690 3942 ²
706 3914 803 3963 studere
814 3912 851 3977 et]
864 3912 997 3968 studenter,
1009 3912 1038 3961 C.
1120 3908 1129 3938 ¹
1147 3924 1200 3958 suc-

147 3980 283 4045 cessorem]
296 3996 456 4036 sucoessores.
468 3981 498 4030 C.
645 3979 655 4007 ⁴
670 3979 785 4044 diabolo]
797 3977 911 4033 diabolis,
923 3979 955 4026 A.
1103 3974 1113 4004 ⁸
1129 3972 1198 4038 Deo]

147 4045 311 4101 Dominari.
393 4044 523 4109 ‘electus]
537 4044 605 4100 tales.
618 4045 647 4094 C.
729 4039 1199 4093 'VerbarelerunturadDecretalium

146 4111 260 4175 Gregorii
272 4112 327 4168 IX..
339 4111 382 4160 lib.
394 4112 414 4160 1.
427 4111 465 4160 tit.
476 4110 557 4160 xxxiii.
570 4125 624 4175 oep.
637 4109 661 4165 6,
671 4108 740 4172 cujus
749 4109 845 4158 initium
854 4114 905 4157 est:
923 4108 1032 4158 ‘Solitae
1041 4105 1200 4182 benignitatis

145 4176 252 4226 aflectu!
479 4176 489 4204 ⁸
505 4175 531 4226 Si
542 4174 652 4290 duobusd
665 4175 737 4224 Decr.
752 4174 827 4238 Greg.
840 4172 995 4229 lx..1ib.11.
1008 4173 1045 4222 tit.
1058 4171 1129 4220 xxvii.
1142 4186 1163 4221 c.
1177 4181 1198 4234 7.

145 4242 155 4271 ⁹
173 4241 261 4307 quam]
274 4247 368 4299 contra,
380 4257 402 4290 a.
502 4243 520 4272 ¹⁰
538 4241 627 4291 Decret
655 4278 668 4298 .,
681 4239 724 4289 lib.
737 4241 768 4288 V.
781 4239 817 4289 tit.
830 4238 925 4288 xxxiiii.
938 4255 959 4289 c.
975 4252 1012 4288 ra.
