2864 4836
140 340 181 403 28
479 345 932 408 PROLEGOMENA.

137 504 331 565 emerserunt
354 505 392 565 ad
413 504 515 584 jesum
539 506 705 584 publicani!
747 507 836 585 Atqui
865 509 956 567 nostri
985 507 1103 568 codices
1130 508 1171 567 ad
1192 525 1284 566 unum

135 628 241 672 omnes
266 612 330 672 sola
351 613 459 673 habent
483 615 585 674 verba:
618 615 736 676 ‘Posuit
758 615 937 693 Gregorius!
981 615 1142 692 Sequentia
1167 626 1284 675 autem:

136 717 276 779 ‘Omiliaz
306 721 501 780 Accesserant
528 720 567 781 ad
590 721 692 800 Jesum
716 723 881 800 publicani,'
907 741 1003 801 neque
1028 723 1059 781 in
1080 732 1164 782 textu
1186 739 1284 799 neque

135 824 175 884 ad
192 826 355 901 marginem
373 827 457 886 ullius
475 845 577 886 eorum
592 827 856 909 deprehenduntur.
899 827 987 888 Unde
1007 829 1106 905 liquet,
1121 830 1284 890 editoribus

136 932 225 992 elium
252 934 400 1010 quendam
428 935 561 994 codicem
585 937 623 995 ad
648 955 768 996 manum
791 938 890 999 fuisse.
931 939 970 998 Et
991 937 1074 998 facile
1095 939 1159 998 fieri
1180 941 1283 1016 potuit,

137 1050 169 1099 ut
185 1039 250 1098 libri
264 1040 383 1116 quidam
396 1041 501 1102 Wiclifi
514 1042 686 1120 Trialogum
705 1044 875 1104 exhibentes
890 1063 951 1104 non
965 1044 1145 1105 Bohemicae
1163 1047 1284 1123 originis

137 1145 190 1204 red
213 1164 251 1204 er
276 1146 382 1222 Anglia
405 1149 470 1224 ipsa
493 1148 568 1207 allati
596 1149 633 1208 ad
657 1150 801 1209 editonrm
829 1168 915 1210 usum
943 1150 1205 1228 suppeditarentur.
1247 1151 1285 1210 Et

137 1249 195 1310 lnrc
218 1250 340 1311 fortasse
367 1253 489 1312 tendunt
515 1254 562 1312 illa
589 1256 677 1314 verba
703 1257 826 1333 prologi,
848 1259 954 1333 quibus
982 1259 1211 1319 humanissimus
1239 1259 1285 1318 ille

137 1355 291 1416 voluminis
313 1368 454 1434 patronus
475 1359 512 1418 de
532 1359 647 1419 Wiclifo
668 1361 724 1420 ait:
754 1365 945 1442 ‘typographi
970 1366 1115 1426 beneficio
1138 1377 1169 1426 et
1193 1384 1285 1443 opera

137 1479 200 1521 non
220 1463 328 1541 vulgari
346 1484 386 1524 ex
406 1466 565 1545 longr'nquri
585 1469 862 1549 adsertae—prodit!

676 1808 743 1882 IV.

416 2009 476 2081 De
501 2009 645 2082 ratz'one
669 2009 840 2082 edilrbms
864 2008 989 2105 hujus.

179 2208 414 2269 Deliberantibus
439 2210 533 2282 nobis,
556 2229 615 2288 qua
638 2213 684 2271 via
705 2230 740 2271 ac
764 2213 878 2272 ratione
902 2212 1042 2270 librorum
1066 2229 1158 2271 manu
1183 2231 1285 2272 exara·

137 2327 234 2377 torum
255 2333 312 2393 ope
333 2316 421 2376 editio
442 2316 515 2376 haec
536 2318 664 2394 paranda
685 2328 769 2390 esset,
785 2319 881 2396 primo
901 2319 932 2376 in
953 2329 1082 2377 mentem
1103 2320 1183 2378 venit
1204 2321 1285 2397 quod

137 2421 168 2481 hi
190 2432 219 2481 et
242 2423 281 2482 illi
302 2432 519 2500 praeceperunt.
561 2422 622 2483 Ubi
646 2425 812 2501 complures
834 2443 868 2484 ac
890 2425 994 2484 diversi
1017 2424 1136 2484 codices
1158 2426 1284 2485 conferri

138 2540 270 2606 possunt,
303 2548 379 2589 unus
410 2531 492 2608 isque
525 2531 658 2589 omniurn
692 2531 819 2607 optimus
848 2530 970 2606 eligitur,
1003 2531 1086 2607 cujus
1117 2541 1215 2589 textus
1248 2531 1285 2590 ad

138 2637 258 2694 verbum
286 2638 471 2714 exprimatur,
500 2638 676 2715 reliquorum
703 2637 842 2696 libromm
870 2637 1011 2696 lectiones
1038 2637 1134 2694 variae
1163 2637 1283 2695 nonnisi

138 2743 169 2800 in
193 2744 382 2802 annotatione
407 2744 612 2820 significantur.
653 2743 745 2816 Quod
772 2743 851 2804 haud
880 2745 919 2802 ita
947 2744 1070 2802 arduum
1094 2762 1159 2802 esse
1184 2744 1283 2821 liquet

137 2847 249 2908 Verum
269 2849 454 2928 simulatque
471 2851 588 2910 codices
607 2852 689 2928 ipsos
707 2851 880 2928 inspiciendi
899 2851 986 2927 copia
1001 2850 1078 2909 sacta
1096 2860 1182 2921 esset,
1197 2851 1284 2909 nobis

138 2958 343 3035 persuasimus,
367 2958 443 3018 hanc
467 2960 543 3018 viam
570 2961 600 3019 in
625 2959 766 3035 Trialogo
791 2959 928 3018 codicum
956 2976 1014 3035 ope
1041 2958 1158 3017 edendo
1187 2957 1284 3034 ingre·

137 3064 277 3125 diendsm
297 3083 359 3124 non
380 3084 453 3125 esse.
495 3064 632 3144 Namque
653 3067 707 3125 etsi
728 3066 823 3124 codex
844 3064 882 3123 D.
904 3063 994 3123 multa
1016 3065 1134 3141 propria
1153 3072 1184 3121 et
1203 3065 1286 3122 bona

137 3182 166 3232 et
190 3174 317 3250 genuina
337 3172 451 3245 habeat,
474 3184 571 3232 tamen
593 3192 639 3233 res
662 3191 723 3232 non
746 3174 786 3231 ita
807 3191 839 3232 se
862 3172 958 3243 habet,
979 3181 1011 3230 ut
1035 3188 1112 3230 unus
1134 3171 1190 3230 iste
1213 3170 1286 3231 liber

136 3281 253 3357 reliquis
274 3281 349 3339 adeo
370 3289 504 3357 praestet,
525 3290 558 3339 ut
578 3281 605 3338 ei
626 3279 781 3338 auctoritas
804 3279 961 3355 praecipua
985 3287 1014 3336 et
1038 3277 1121 3337 locus
1145 3278 1285 3355 princeps

136 3388 288 3448 tribuenda
303 3389 368 3447 sint.

177 3495 280 3572 Itaque
303 3496 357 3554 alin
379 3505 407 3554 et
430 3495 580 3555 difficiliori
601 3496 646 3554 via
667 3492 863 3553 incedendum
884 3494 971 3552 nobis
992 3503 1061 3551 erat
1103 3490 1184 3550 Nihil
1204 3493 1285 3550 enim

137 3598 280 3675 reliquum
300 3598 361 3669 fuit,
380 3599 435 3657 nisi
456 3607 496 3669 ut,
515 3600 745 3674 quotiescunque
766 3597 829 3655 libri
849 3597 923 3654 inter
945 3614 976 3654 se
997 3598 1077 3671 ipsos
1099 3594 1287 3653 dissentirent

138 3715 188 3765 aut
209 3704 247 3763 ab
269 3703 396 3763 editione
418 3705 548 3781 principe
573 3704 751 3775 secederent,
774 3721 987 3779 quaereremus,
1009 3702 1075 3778 quis
1097 3700 1286 3776 potissimum

138 3812 209 3872 liber
234 3812 292 3870 sive
317 3811 366 3888 qui
390 3810 453 3869 libri
477 3821 586 3869 rectam
611 3819 640 3868 et
663 3810 822 3886 genuinam
846 3818 1018 3868 testarentur
1042 3806 1198 3866 verborum
1227 3805 1286 3865 lor·

137 3938 225 3980 mam.
279 3917 348 3977 Hae
375 3918 405 3977 in
433 3936 464 3977 re
491 3917 579 3976 editio
604 3917 739 3993 princeps
768 3917 873 3974 nullius
900 3915 1023 3974 omnino
1051 3913 1192 3990 ponderis
1219 3931 1287 3972 esse

137 4037 259 4104 poterat,
273 4027 336 4086 libri
355 4027 409 4086 soli
428 4045 517 4085 manu
536 4026 645 4086 exarati
666 4025 836 4084 auctoritate
857 4023 954 4101 aliqua
973 4021 1083 4099 pollere
1103 4020 1286 4081 videbantur.

136 4131 241 4210 Neque
265 4149 342 4202 vero,
365 4131 414 4190 ubi
437 4131 535 4209 plures
559 4130 622 4190 libri
645 4129 777 4200 alteram,
799 4146 875 4188 unus
899 4128 1019 4187 alteram
1041 4126 1200 4185 lectionem
1222 4136 1287 4186 tue·

135 4240 248 4310 bantur,
270 4237 324 4298 illis
346 4256 465 4314 prorsus
490 4237 706 4298 assentiendum
729 4245 805 4309 erat;
836 4235 888 4294 sed
911 4233 1081 4311 saepissime
1101 4248 1195 4291 unum
1216 4250 1287 4309 pro·
