<?xml version="1.0" encoding="UTF-8"?>
<!DOCTYPE html PUBLIC "-//W3C//DTD XHTML 1.0 Transitional//EN"
    "http://www.w3.org/TR/xhtml1/DTD/xhtml1-transitional.dtd">
<html xmlns="http://www.w3.org/1999/xhtml" xml:lang="en" lang="en">
 <head>
  <title>
</title>
<meta http-equiv="Content-Type" content="text/html;charset=utf-8" />
  <meta name='ocr-system' content='tesseract 3.04.00' />
  <meta name='ocr-capabilities' content='ocr_page ocr_carea ocr_par ocr_line ocrx_word'/>
</head>
<body>
  <div class='ocr_page' id='page_1' title='image "./trialoguscumsup00lechgoog_0369.png"; bbox 0 0 2864 4836; ppageno 0'>
   <div class='ocr_carea' id='block_1_1' title="bbox 71 314 645 326">
    <p class='ocr_par' dir='ltr' id='par_1_1' title="bbox 71 314 645 326">
     <span class='ocr_line' id='line_1_1' title="bbox 71 314 645 326; baseline -0.003 -2"><span class='ocrx_word' id='word_1_1' title='bbox 71 314 214 326; x_wconf 63' lang='lat'>———-</span> <span class='ocrx_word' id='word_1_2' title='bbox 225 314 493 323; x_wconf 71' lang='lat'>---———-—-—---</span> <span class='ocrx_word' id='word_1_3' title='bbox 505 315 597 322; x_wconf 81' lang='lat'><strong>-——-</strong></span> <span class='ocrx_word' id='word_1_4' title='bbox 607 316 645 322; x_wconf 82' lang='lat'>—-</span> 
     </span>
    </p>
   </div>
   <div class='ocr_carea' id='block_1_2' title="bbox 133 420 1328 504">
    <p class='ocr_par' dir='ltr' id='par_1_2' title="bbox 133 420 1328 504">
     <span class='ocr_line' id='line_1_2' title="bbox 133 420 1328 504; baseline -0.002 -25"><span class='ocrx_word' id='word_1_5' title='bbox 133 421 195 504; x_wconf 78' lang='lat'>35⁶</span> <span class='ocrx_word' id='word_1_6' title='bbox 543 420 799 499; x_wconf 63' lang='lat' dir='ltr'>Joarvnrs</span> <span class='ocrx_word' id='word_1_7' title='bbox 842 422 1085 486; x_wconf 75' lang='lat' dir='ltr'>Wrcm</span> <span class='ocrx_word' id='word_1_8' title='bbox 1265 442 1328 481; x_wconf 64' lang='lat' dir='ltr'>nr.</span> 
     </span>
    </p>
   </div>
   <div class='ocr_carea' id='block_1_3' title="bbox 254 572 1336 4108">
    <p class='ocr_par' dir='ltr' id='par_1_3' title="bbox 248 572 1330 981">
     <span class='ocr_line' id='line_1_3' title="bbox 256 572 1328 721; baseline 0.003 -79"><span class='ocrx_word' id='word_1_9' title='bbox 256 572 320 721; x_wconf 45' lang='lat' dir='ltr'>*vel</span> <span class='ocrx_word' id='word_1_10' title='bbox 333 583 446 660; x_wconf 88' lang='lat' dir='ltr'>majori,</span> <span class='ocrx_word' id='word_1_11' title='bbox 461 582 556 641; x_wconf 88' lang='lat' dir='ltr'>solum</span> <span class='ocrx_word' id='word_1_12' title='bbox 570 580 652 641; x_wconf 91' lang='lat' dir='ltr'>Deus</span> <span class='ocrx_word' id='word_1_13' title='bbox 666 592 764 660; x_wconf 87' lang='lat' dir='ltr'>potest</span> <span class='ocrx_word' id='word_1_14' title='bbox 777 582 879 659; x_wconf 89' lang='lat' dir='ltr'>partiri</span> <span class='ocrx_word' id='word_1_15' title='bbox 895 584 1059 644; x_wconf 89' lang='lat' dir='ltr'>rationem</span> <span class='ocrx_word' id='word_1_16' title='bbox 1076 586 1188 656; x_wconf 89' lang='lat' dir='ltr'>meriti,</span> <span class='ocrx_word' id='word_1_17' title='bbox 1204 580 1328 644; x_wconf 77' lang='lat' dir='ltr'>seamdn</span> 
     </span>
     <span class='ocr_line' id='line_1_4' title="bbox 257 678 1329 761; baseline -0.001 -20"><span class='ocrx_word' id='word_1_18' title='bbox 257 682 356 759; x_wconf 77' lang='lat' dir='ltr'>¹quod</span> <span class='ocrx_word' id='word_1_19' title='bbox 380 698 551 758; x_wconf 89' lang='lat' dir='ltr'>promerens</span> <span class='ocrx_word' id='word_1_20' title='bbox 573 678 641 739; x_wconf 91' lang='lat' dir='ltr'>facit</span> <span class='ocrx_word' id='word_1_21' title='bbox 663 697 696 738; x_wconf 89' lang='lat' dir='ltr'>se</span> <span class='ocrx_word' id='word_1_22' title='bbox 719 679 856 755; x_wconf 83' lang='lat' dir='ltr'>dignum¹</span> <span class='ocrx_word' id='word_1_23' title='bbox 882 681 915 738; x_wconf 90' lang='lat' dir='ltr'>in</span> <span class='ocrx_word' id='word_1_24' title='bbox 939 682 1008 741; x_wconf 86' lang='lat' dir='ltr'>vita</span> <span class='ocrx_word' id='word_1_25' title='bbox 1029 685 1173 761; x_wconf 87' lang='lat' dir='ltr'>propria.</span> <span class='ocrx_word' id='word_1_26' title='bbox 1220 682 1266 740; x_wconf 85' lang='lat' dir='ltr'>Est</span> <span class='ocrx_word' id='word_1_27' title='bbox 1282 692 1329 753; x_wconf 67' lang='lat' dir='ltr'>ent</span> 
     </span>
     <span class='ocr_line' id='line_1_5' title="bbox 257 762 1330 861; baseline 0.002 -24"><span class='ocrx_word' id='word_1_28' title='bbox 257 762 427 861; x_wconf 60' lang='lat' dir='ltr'>{manifesta</span> <span class='ocrx_word' id='word_1_29' title='bbox 447 778 628 854; x_wconf 89' lang='lat' dir='ltr'>blasphemia</span> <span class='ocrx_word' id='word_1_30' title='bbox 646 795 841 854; x_wconf 84' lang='lat' dir='ltr'>praesumere,</span> <span class='ocrx_word' id='word_1_31' title='bbox 859 778 948 854; x_wconf 92' lang='lat' dir='ltr'>quod</span> <span class='ocrx_word' id='word_1_32' title='bbox 969 780 1097 858; x_wconf 88' lang='lat' dir='ltr'>aliquid</span> <span class='ocrx_word' id='word_1_33' title='bbox 1117 800 1184 841; x_wconf 90' lang='lat' dir='ltr'>non</span> <span class='ocrx_word' id='word_1_34' title='bbox 1203 780 1276 839; x_wconf 78' lang='lat' dir='ltr'>Deus</span> <span class='ocrx_word' id='word_1_35' title='bbox 1290 774 1330 834; x_wconf 74' lang='lat' dir='ltr'>dt·</span> 
     </span>
     <span class='ocr_line' id='line_1_6' title="bbox 257 872 729 981; baseline -0.004 -46.037"><span class='ocrx_word' id='word_1_36' title='bbox 257 872 260 981; x_wconf 53' lang='lat' dir='ltr'>l</span> <span class='ocrx_word' id='word_1_37' title='bbox 276 875 397 935; x_wconf 82' lang='lat' dir='ltr'>tribuat¹</span> <span class='ocrx_word' id='word_1_38' title='bbox 410 877 512 935; x_wconf 89' lang='lat' dir='ltr'>merita</span> <span class='ocrx_word' id='word_1_39' title='bbox 526 876 632 952; x_wconf 91' lang='lat' dir='ltr'>quibus</span> <span class='ocrx_word' id='word_1_40' title='bbox 646 874 729 934; x_wconf 85' lang='lat' dir='ltr'>volet</span> 
     </span>
    </p>

    <p class='ocr_par' dir='ltr' id='par_1_4' title="bbox 274 972 1336 2709">
     <span class='ocr_line' id='line_1_7' title="bbox 316 972 1329 1057; baseline 0.005 -23"><span class='ocrx_word' id='word_1_41' title='bbox 316 974 375 1034; x_wconf 90' lang='lat' dir='ltr'>Sed</span> <span class='ocrx_word' id='word_1_42' title='bbox 389 981 490 1050; x_wconf 81' lang='lat' dir='ltr'>quarto</span> <span class='ocrx_word' id='word_1_43' title='bbox 503 984 628 1051; x_wconf 84' lang='lat' dir='ltr'>arguunt</span> <span class='ocrx_word' id='word_1_44' title='bbox 641 973 743 1033; x_wconf 89' lang='lat' dir='ltr'>fratres</span> <span class='ocrx_word' id='word_1_45' title='bbox 755 993 808 1051; x_wconf 88' lang='lat' dir='ltr'>per</span> <span class='ocrx_word' id='word_1_46' title='bbox 817 973 920 1033; x_wconf 91' lang='lat' dir='ltr'>iocum</span> <span class='ocrx_word' id='word_1_47' title='bbox 934 992 953 1034; x_wconf 90' lang='lat' dir='ltr'>a</span> <span class='ocrx_word' id='word_1_48' title='bbox 969 977 1069 1036; x_wconf 85' lang='lat' dir='ltr'><strong>simili</strong></span> <span class='ocrx_word' id='word_1_49' title='bbox 1081 979 1166 1038; x_wconf 90' lang='lat' dir='ltr'>sicut</span> <span class='ocrx_word' id='word_1_50' title='bbox 1179 980 1264 1057; x_wconf 84' lang='lat' dir='ltr'>prius,</span> <span class='ocrx_word' id='word_1_51' title='bbox 1272 972 1329 1052; x_wconf 73' lang='lat' dir='ltr'>quod</span> 
     </span>
     <span class='ocr_line' id='line_1_8' title="bbox 276 1071 1329 1149; baseline 0.004 -18"><span class='ocrx_word' id='word_1_52' title='bbox 276 1075 368 1131; x_wconf 90' lang='lat' dir='ltr'>sancti</span> <span class='ocrx_word' id='word_1_53' title='bbox 388 1074 420 1130; x_wconf 92' lang='lat' dir='ltr'>in</span> <span class='ocrx_word' id='word_1_54' title='bbox 441 1071 525 1132; x_wconf 91' lang='lat' dir='ltr'>coelo</span> <span class='ocrx_word' id='word_1_55' title='bbox 547 1072 616 1131; x_wconf 89' lang='lat' dir='ltr'>dant</span> <span class='ocrx_word' id='word_1_56' title='bbox 637 1071 731 1149; x_wconf 85' lang='lat' dir='ltr'>ipsis⁸‚</span> <span class='ocrx_word' id='word_1_57' title='bbox 754 1072 804 1149; x_wconf 93' lang='lat' dir='ltr'>qui</span> <span class='ocrx_word' id='word_1_58' title='bbox 825 1072 894 1131; x_wconf 78' lang='lat' dir='ltr'>sibi⁴</span> <span class='ocrx_word' id='word_1_59' title='bbox 916 1074 1166 1136; x_wconf 76' lang='lat' dir='ltr'>benefecerunt⁸</span> <span class='ocrx_word' id='word_1_60' title='bbox 1186 1077 1233 1135; x_wconf 85' lang='lat' dir='ltr'>hic</span> <span class='ocrx_word' id='word_1_61' title='bbox 1252 1073 1329 1135; x_wconf 65' lang='lat' dir='ltr'>mah,</span> 
     </span>
     <span class='ocr_line' id='line_1_9' title="bbox 275 1169 1328 1252; baseline 0.001 -24"><span class='ocrx_word' id='word_1_62' title='bbox 275 1188 444 1229; x_wconf 89' lang='lat' dir='ltr'>mensuram</span> <span class='ocrx_word' id='word_1_63' title='bbox 472 1170 583 1228; x_wconf 86' lang='lat' dir='ltr'>bonam</span> <span class='ocrx_word' id='word_1_64' title='bbox 611 1169 772 1229; x_wconf 89' lang='lat' dir='ltr'>confertam</span> <span class='ocrx_word' id='word_1_65' title='bbox 799 1169 981 1244; x_wconf 83' lang='lat' dir='ltr'>coagitatam</span> <span class='ocrx_word' id='word_1_66' title='bbox 1014 1182 1048 1231; x_wconf 89' lang='lat' dir='ltr'>et</span> <span class='ocrx_word' id='word_1_67' title='bbox 1081 1174 1328 1252; x_wconf 80' lang='lat' dir='ltr'>supereffluentem</span> 
     </span>
     <span class='ocr_line' id='line_1_10' title="bbox 275 1267 1329 1343; baseline 0 -17"><span class='ocrx_word' id='word_1_68' title='bbox 275 1277 305 1326; x_wconf 90' lang='lat' dir='ltr'>ut</span> <span class='ocrx_word' id='word_1_69' title='bbox 326 1268 429 1326; x_wconf 91' lang='lat' dir='ltr'>dicitur</span> <span class='ocrx_word' id='word_1_70' title='bbox 441 1267 540 1326; x_wconf 84' lang='lat' dir='ltr'>Lucae</span> <span class='ocrx_word' id='word_1_71' title='bbox 554 1268 608 1338; x_wconf 85' lang='lat' dir='ltr'>vi;</span> <span class='ocrx_word' id='word_1_72' title='bbox 633 1268 719 1343; x_wconf 78' lang='lat' dir='ltr'>ergo·</span> <span class='ocrx_word' id='word_1_73' title='bbox 733 1285 785 1343; x_wconf 89' lang='lat' dir='ltr'>per</span> <span class='ocrx_word' id='word_1_74' title='bbox 802 1267 881 1326; x_wconf 90' lang='lat' dir='ltr'>idern</span> <span class='ocrx_word' id='word_1_75' title='bbox 899 1267 967 1326; x_wconf 91' lang='lat' dir='ltr'>licet</span> <span class='ocrx_word' id='word_1_76' title='bbox 983 1269 1036 1328; x_wconf 67' lang='grc' dir='ltr'>οῖ’</span> <span class='ocrx_word' id='word_1_77' title='bbox 1049 1270 1199 1332; x_wconf 88' lang='lat' dir='ltr'>fratribus</span> <span class='ocrx_word' id='word_1_78' title='bbox 1213 1273 1277 1331; x_wconf 86' lang='lat' dir='ltr'>dare</span> <span class='ocrx_word' id='word_1_79' title='bbox 1287 1267 1329 1326; x_wconf 84' lang='lat' dir='ltr'>sris</span> 
     </span>
     <span class='ocr_line' id='line_1_11' title="bbox 275 1363 1330 1433; baseline 0.009 -9"><span class='ocrx_word' id='word_1_80' title='bbox 275 1364 509 1424; x_wconf 82' lang='lat' dir='ltr'>benefactoribus</span> <span class='ocrx_word' id='word_1_81' title='bbox 523 1366 619 1423; x_wconf 88' lang='lat' dir='ltr'>minus</span> <span class='ocrx_word' id='word_1_82' title='bbox 632 1365 755 1423; x_wconf 89' lang='lat' dir='ltr'>bonum.</span> <span class='ocrx_word' id='word_1_83' title='bbox 796 1363 856 1423; x_wconf 90' lang='lat' dir='ltr'>Sed</span> <span class='ocrx_word' id='word_1_84' title='bbox 868 1364 916 1423; x_wconf 90' lang='lat' dir='ltr'>hic</span> <span class='ocrx_word' id='word_1_85' title='bbox 931 1368 1068 1427; x_wconf 91' lang='lat' dir='ltr'>concedi</span> <span class='ocrx_word' id='word_1_86' title='bbox 1083 1370 1182 1429; x_wconf 90' lang='lat' dir='ltr'>debet</span> <span class='ocrx_word' id='word_1_87' title='bbox 1196 1366 1330 1433; x_wconf 68' lang='lat' dir='ltr'>condutio,</span> 
     </span>
     <span class='ocr_line' id='line_1_12' title="bbox 274 1459 1330 1541; baseline 0.004 -18"><span class='ocrx_word' id='word_1_88' title='bbox 274 1482 342 1523; x_wconf 91' lang='lat' dir='ltr'>cum</span> <span class='ocrx_word' id='word_1_89' title='bbox 367 1462 468 1521; x_wconf 90' lang='lat' dir='ltr'>fratres</span> <span class='ocrx_word' id='word_1_90' title='bbox 494 1462 564 1521; x_wconf 89' lang='lat' dir='ltr'>dant</span> <span class='ocrx_word' id='word_1_91' title='bbox 585 1462 777 1520; x_wconf 91' lang='lat' dir='ltr'>communiter</span> <span class='ocrx_word' id='word_1_92' title='bbox 797 1459 982 1520; x_wconf 88' lang='lat' dir='ltr'>fraudulenta</span> <span class='ocrx_word' id='word_1_93' title='bbox 1003 1481 1165 1541; x_wconf 85' lang='lat' dir='ltr'>responsa</span> <span class='ocrx_word' id='word_1_94' title='bbox 1186 1477 1217 1526; x_wconf 93' lang='lat' dir='ltr'>et</span> <span class='ocrx_word' id='word_1_95' title='bbox 1237 1476 1330 1525; x_wconf 65' lang='lat' dir='ltr'>natum</span> 
     </span>
     <span class='ocr_line' id='line_1_13' title="bbox 274 1557 1331 1641; baseline 0.004 -22"><span class='ocrx_word' id='word_1_96' title='bbox 274 1561 345 1619; x_wconf 88' lang='lat' dir='ltr'>alias</span> <span class='ocrx_word' id='word_1_97' title='bbox 359 1560 471 1619; x_wconf 86' lang='lat' dir='ltr'>vitiatas</span> <span class='ocrx_word' id='word_1_98' title='bbox 493 1561 552 1619; x_wconf 90' lang='lat' dir='ltr'>suis</span> <span class='ocrx_word' id='word_1_99' title='bbox 566 1557 800 1618; x_wconf 81' lang='lat' dir='ltr'>benefactoribus</span> <span class='ocrx_word' id='word_1_100' title='bbox 820 1559 868 1617; x_wconf 92' lang='lat' dir='ltr'>bic</span> <span class='ocrx_word' id='word_1_101' title='bbox 888 1559 919 1616; x_wconf 90' lang='lat' dir='ltr'>in</span> <span class='ocrx_word' id='word_1_102' title='bbox 933 1561 997 1632; x_wconf 81' lang='lat' dir='ltr'>via3</span> <span class='ocrx_word' id='word_1_103' title='bbox 1030 1563 1103 1638; x_wconf 90' lang='lat' dir='ltr'>quis</span> <span class='ocrx_word' id='word_1_104' title='bbox 1123 1583 1205 1641; x_wconf 79' lang='lat' dir='ltr'>ergo</span> <span class='ocrx_word' id='word_1_105' title='bbox 1224 1560 1331 1631; x_wconf 70' lang='lat' dir='ltr'>colons</span> 
     </span>
     <span class='ocr_line' id='line_1_14' title="bbox 275 1655 1333 1722; baseline 0 -5"><span class='ocrx_word' id='word_1_106' title='bbox 275 1658 368 1717; x_wconf 90' lang='lat' dir='ltr'>sancti</span> <span class='ocrx_word' id='word_1_107' title='bbox 389 1657 459 1716; x_wconf 89' lang='lat' dir='ltr'>dant</span> <span class='ocrx_word' id='word_1_108' title='bbox 480 1657 688 1717; x_wconf 87' lang='lat' dir='ltr'>accidentalem</span> <span class='ocrx_word' id='word_1_109' title='bbox 711 1655 932 1716; x_wconf 81' lang='lat' dir='ltr'>beatitudinem⁸</span> <span class='ocrx_word' id='word_1_110' title='bbox 956 1657 1214 1722; x_wconf 81' lang='lat' dir='ltr'>benefactoribus</span> <span class='ocrx_word' id='word_1_111' title='bbox 1236 1660 1333 1721; x_wconf 76' lang='lat' dir='ltr'>smsiu</span> 
     </span>
     <span class='ocr_line' id='line_1_15' title="bbox 275 1752 1333 1831; baseline 0.001 -17"><span class='ocrx_word' id='word_1_112' title='bbox 275 1757 375 1831; x_wconf 86' lang='lat' dir='ltr'>patria,</span> <span class='ocrx_word' id='word_1_113' title='bbox 388 1772 459 1830; x_wconf 86' lang='lat' dir='ltr'>ergo</span> <span class='ocrx_word' id='word_1_114' title='bbox 475 1773 527 1831; x_wconf 91' lang='lat' dir='ltr'>per</span> <span class='ocrx_word' id='word_1_115' title='bbox 540 1755 618 1813; x_wconf 89' lang='lat' dir='ltr'>idem</span> <span class='ocrx_word' id='word_1_116' title='bbox 633 1754 699 1813; x_wconf 92' lang='lat' dir='ltr'>licet</span> <span class='ocrx_word' id='word_1_117' title='bbox 714 1755 795 1831; x_wconf 90' lang='lat' dir='ltr'>paria</span> <span class='ocrx_word' id='word_1_118' title='bbox 809 1752 942 1813; x_wconf 84' lang='lat' dir='ltr'>fratribus</span> <span class='ocrx_word' id='word_1_119' title='bbox 956 1753 1030 1814; x_wconf 89' lang='lat' dir='ltr'>dare</span> <span class='ocrx_word' id='word_1_120' title='bbox 1045 1760 1160 1818; x_wconf 86' lang='lat' dir='ltr'>merita</span> <span class='ocrx_word' id='word_1_121' title='bbox 1175 1758 1226 1819; x_wconf 90' lang='lat' dir='ltr'>hic</span> <span class='ocrx_word' id='word_1_122' title='bbox 1238 1762 1269 1818; x_wconf 89' lang='lat' dir='ltr'>in</span> <span class='ocrx_word' id='word_1_123' title='bbox 1281 1757 1333 1816; x_wconf 80' lang='lat' dir='ltr'>viai</span> 
     </span>
     <span class='ocr_line' id='line_1_16' title="bbox 276 1850 1334 1935; baseline 0.006 -23"><span class='ocrx_word' id='word_1_124' title='bbox 276 1853 357 1912; x_wconf 83' lang='lat' dir='ltr'>Reati</span> <span class='ocrx_word' id='word_1_125' title='bbox 372 1854 450 1912; x_wconf 91' lang='lat' dir='ltr'>enim</span> <span class='ocrx_word' id='word_1_126' title='bbox 470 1852 540 1910; x_wconf 88' lang='lat' dir='ltr'>dant</span> <span class='ocrx_word' id='word_1_127' title='bbox 559 1851 701 1928; x_wconf 91' lang='lat' dir='ltr'>objective</span> <span class='ocrx_word' id='word_1_128' title='bbox 720 1850 926 1910; x_wconf 82' lang='lat' dir='ltr'>beatitudinem</span> <span class='ocrx_word' id='word_1_129' title='bbox 941 1851 1030 1911; x_wconf 91' lang='lat' dir='ltr'>talem</span> <span class='ocrx_word' id='word_1_130' title='bbox 1051 1864 1083 1913; x_wconf 89' lang='lat' dir='ltr'>et</span> <span class='ocrx_word' id='word_1_131' title='bbox 1103 1874 1174 1916; x_wconf 90' lang='lat' dir='ltr'>non</span> <span class='ocrx_word' id='word_1_132' title='bbox 1189 1856 1334 1935; x_wconf 69' lang='lat' dir='ltr'>subjecu&#39;w</span> 
     </span>
     <span class='ocr_line' id='line_1_17' title="bbox 276 1945 1334 2026; baseline 0.004 -18"><span class='ocrx_word' id='word_1_133' title='bbox 276 1951 320 2010; x_wconf 90' lang='lat' dir='ltr'>vel</span> <span class='ocrx_word' id='word_1_134' title='bbox 342 1951 499 2009; x_wconf 88' lang='lat' dir='ltr'>efficienter</span> <span class='ocrx_word' id='word_1_135' title='bbox 522 1950 594 2008; x_wconf 91' lang='lat' dir='ltr'>sicut</span> <span class='ocrx_word' id='word_1_136' title='bbox 615 1949 705 2020; x_wconf 90' lang='lat' dir='ltr'>Deus,</span> <span class='ocrx_word' id='word_1_137' title='bbox 731 1949 780 2026; x_wconf 91' lang='lat' dir='ltr'>qui</span> <span class='ocrx_word' id='word_1_138' title='bbox 802 1948 925 2007; x_wconf 88' lang='lat' dir='ltr'>illabitur</span> <span class='ocrx_word' id='word_1_139' title='bbox 948 1945 996 2007; x_wconf 80' lang='lat' dir='ltr'>in⁰</span> <span class='ocrx_word' id='word_1_140' title='bbox 1018 1951 1138 2026; x_wconf 85' lang='lat' dir='ltr'>beatis;</span> <span class='ocrx_word' id='word_1_141' title='bbox 1174 1966 1207 2014; x_wconf 87' lang='lat' dir='ltr'>et</span> <span class='ocrx_word' id='word_1_142' title='bbox 1231 1954 1279 2014; x_wconf 88' lang='lat' dir='ltr'>illa</span> <span class='ocrx_word' id='word_1_143' title='bbox 1298 1964 1334 2012; x_wconf 81' lang='lat' dir='ltr'>est</span> 
     </span>
     <span class='ocr_line' id='line_1_18' title="bbox 277 2047 1336 2129; baseline 0.004 -24"><span class='ocrx_word' id='word_1_144' title='bbox 277 2054 430 2107; x_wconf 88' lang='lat' dir='ltr'>‘mensura</span> <span class='ocrx_word' id='word_1_145' title='bbox 457 2047 553 2117; x_wconf 75' lang='lat' dir='ltr'>bona’</span> <span class='ocrx_word' id='word_1_146' title='bbox 581 2048 650 2123; x_wconf 90' lang='lat' dir='ltr'>quia</span> <span class='ocrx_word' id='word_1_147' title='bbox 676 2048 789 2106; x_wconf 92' lang='lat' dir='ltr'>bonurn</span> <span class='ocrx_word' id='word_1_148' title='bbox 817 2047 1042 2123; x_wconf 89' lang='lat' dir='ltr'>supernaturale,</span> <span class='ocrx_word' id='word_1_149' title='bbox 1071 2050 1251 2123; x_wconf 69' lang='lat' dir='ltr'>‘conferta&#39;</span> <span class='ocrx_word' id='word_1_150' title='bbox 1276 2052 1336 2129; x_wconf 78' lang='lat' dir='ltr'>quia</span> 
     </span>
     <span class='ocr_line' id='line_1_19' title="bbox 277 2145 1335 2227; baseline 0.008 -25"><span class='ocrx_word' id='word_1_151' title='bbox 277 2145 367 2220; x_wconf 91' lang='lat' dir='ltr'>replet</span> <span class='ocrx_word' id='word_1_152' title='bbox 399 2145 589 2221; x_wconf 86' lang='lat' dir='ltr'>capacitatem</span> <span class='ocrx_word' id='word_1_153' title='bbox 622 2145 737 2203; x_wconf 89' lang='lat' dir='ltr'>animae</span> <span class='ocrx_word' id='word_1_154' title='bbox 768 2145 923 2216; x_wconf 89' lang='lat' dir='ltr'>bonorum,</span> <span class='ocrx_word' id='word_1_155' title='bbox 952 2145 1141 2222; x_wconf 70' lang='lat' dir='ltr'>‘coagitata&#39;</span> <span class='ocrx_word' id='word_1_156' title='bbox 1178 2151 1251 2227; x_wconf 81' lang='lat' dir='ltr'>quia</span> <span class='ocrx_word' id='word_1_157' title='bbox 1280 2151 1335 2209; x_wconf 82' lang='lat' dir='ltr'>siue</span> 
     </span>
     <span class='ocr_line' id='line_1_20' title="bbox 277 2242 1334 2323; baseline 0.007 -25"><span class='ocrx_word' id='word_1_158' title='bbox 277 2242 418 2301; x_wconf 88' lang='lat' dir='ltr'>vacuitate</span> <span class='ocrx_word' id='word_1_159' title='bbox 438 2242 524 2317; x_wconf 91' lang='lat' dir='ltr'>plene</span> <span class='ocrx_word' id='word_1_160' title='bbox 545 2243 665 2312; x_wconf 88' lang='lat' dir='ltr'>firmata,</span> <span class='ocrx_word' id='word_1_161' title='bbox 680 2253 709 2302; x_wconf 89' lang='lat' dir='ltr'>et</span> <span class='ocrx_word' id='word_1_162' title='bbox 724 2242 991 2320; x_wconf 84' lang='lat' dir='ltr'>‘supereffluens¹⁰,&#39;</span> <span class='ocrx_word' id='word_1_163' title='bbox 1011 2244 1083 2320; x_wconf 90' lang='lat' dir='ltr'>quia</span> <span class='ocrx_word' id='word_1_164' title='bbox 1102 2263 1198 2323; x_wconf 89' lang='lat' dir='ltr'>supra</span> <span class='ocrx_word' id='word_1_165' title='bbox 1219 2249 1334 2307; x_wconf 80' lang='lat' dir='ltr'>beatitn</span> 
     </span>
     <span class='ocr_line' id='line_1_21' title="bbox 277 2340 1335 2417; baseline 0.006 -19"><span class='ocrx_word' id='word_1_166' title='bbox 277 2340 374 2398; x_wconf 91' lang='lat' dir='ltr'>dinem</span> <span class='ocrx_word' id='word_1_167' title='bbox 389 2341 571 2399; x_wconf 90' lang='lat' dir='ltr'>essentialem</span> <span class='ocrx_word' id='word_1_168' title='bbox 586 2341 698 2417; x_wconf 88' lang='lat' dir='ltr'>plenius</span> <span class='ocrx_word' id='word_1_169' title='bbox 718 2341 879 2412; x_wconf 90' lang='lat' dir='ltr'>cumulata;</span> <span class='ocrx_word' id='word_1_170' title='bbox 908 2340 961 2399; x_wconf 93' lang='lat' dir='ltr'>sed</span> <span class='ocrx_word' id='word_1_171' title='bbox 979 2341 1021 2400; x_wconf 90' lang='lat' dir='ltr'>sic</span> <span class='ocrx_word' id='word_1_172' title='bbox 1039 2340 1114 2400; x_wconf 88' lang='lat' dir='ltr'>dare</span> <span class='ocrx_word' id='word_1_173' title='bbox 1131 2354 1180 2402; x_wconf 89' lang='lat' dir='ltr'>est</span> <span class='ocrx_word' id='word_1_174' title='bbox 1194 2345 1335 2404; x_wconf 82' lang='lat' dir='ltr'>infinitum</span> 
     </span>
     <span class='ocr_line' id='line_1_22' title="bbox 276 2437 1334 2515; baseline 0.007 -19"><span class='ocrx_word' id='word_1_175' title='bbox 276 2437 395 2496; x_wconf 91' lang='lat' dir='ltr'>inferius</span> <span class='ocrx_word' id='word_1_176' title='bbox 409 2456 499 2514; x_wconf 90' lang='lat' dir='ltr'>quam</span> <span class='ocrx_word' id='word_1_177' title='bbox 518 2439 652 2496; x_wconf 90' lang='lat' dir='ltr'>meritum</span> <span class='ocrx_word' id='word_1_178' title='bbox 673 2438 826 2515; x_wconf 81' lang='lat' dir='ltr'>impartiri3</span> <span class='ocrx_word' id='word_1_179' title='bbox 855 2448 883 2497; x_wconf 92' lang='lat' dir='ltr'>et</span> <span class='ocrx_word' id='word_1_180' title='bbox 898 2439 939 2496; x_wconf 91' lang='lat' dir='ltr'>sic</span> <span class='ocrx_word' id='word_1_181' title='bbox 957 2439 1007 2496; x_wconf 94' lang='lat' dir='ltr'>ubi</span> <span class='ocrx_word' id='word_1_182' title='bbox 1022 2437 1143 2499; x_wconf 88' lang='lat' dir='ltr'>Lucifer</span> <span class='ocrx_word' id='word_1_183' title='bbox 1157 2442 1255 2501; x_wconf 91' lang='lat' dir='ltr'>voluit</span> <span class='ocrx_word' id='word_1_184' title='bbox 1274 2459 1334 2502; x_wconf 78' lang='lat' dir='ltr'>esse</span> 
     </span>
     <span class='ocr_line' id='line_1_23' title="bbox 277 2535 1332 2612; baseline 0.006 -18"><span class='ocrx_word' id='word_1_185' title='bbox 277 2535 377 2594; x_wconf 91' lang='lat' dir='ltr'>similis</span> <span class='ocrx_word' id='word_1_186' title='bbox 392 2536 550 2605; x_wconf 84' lang='lat' dir='ltr'>Altissimo,</span> <span class='ocrx_word' id='word_1_187' title='bbox 565 2536 611 2594; x_wconf 89' lang='lat' dir='ltr'>isti</span> <span class='ocrx_word' id='word_1_188' title='bbox 627 2535 727 2594; x_wconf 89' lang='lat' dir='ltr'>fratres</span> <span class='ocrx_word' id='word_1_189' title='bbox 741 2548 929 2612; x_wconf 86' lang='lat' dir='ltr'>praesumunt</span> <span class='ocrx_word' id='word_1_190' title='bbox 948 2536 1087 2612; x_wconf 89' lang='lat' dir='ltr'>implicite</span> <span class='ocrx_word' id='word_1_191' title='bbox 1103 2537 1208 2598; x_wconf 88' lang='lat' dir='ltr'>Deum</span> <span class='ocrx_word' id='word_1_192' title='bbox 1223 2559 1244 2599; x_wconf 90' lang='lat' dir='ltr'>a</span> <span class='ocrx_word' id='word_1_193' title='bbox 1261 2552 1332 2600; x_wconf 86' lang='lat' dir='ltr'>statu</span> 
     </span>
     <span class='ocr_line' id='line_1_24' title="bbox 278 2633 1075 2709; baseline -0.003 -17"><span class='ocrx_word' id='word_1_194' title='bbox 278 2651 331 2692; x_wconf 91' lang='lat' dir='ltr'>suo</span> <span class='ocrx_word' id='word_1_195' title='bbox 346 2633 498 2691; x_wconf 88' lang='lat' dir='ltr'>excludere</span> <span class='ocrx_word' id='word_1_196' title='bbox 513 2644 541 2690; x_wconf 93' lang='lat' dir='ltr'>et</span> <span class='ocrx_word' id='word_1_197' title='bbox 555 2634 585 2690; x_wconf 94' lang='lat' dir='ltr'>in</span> <span class='ocrx_word' id='word_1_198' title='bbox 599 2651 630 2690; x_wconf 91' lang='lat' dir='ltr'>se</span> <span class='ocrx_word' id='word_1_199' title='bbox 645 2634 715 2709; x_wconf 90' lang='lat' dir='ltr'>ipsis</span> <span class='ocrx_word' id='word_1_200' title='bbox 730 2651 877 2692; x_wconf 90' lang='lat' dir='ltr'>assumere</span> <span class='ocrx_word' id='word_1_201' title='bbox 892 2644 998 2692; x_wconf 89' lang='lat' dir='ltr'>statum</span> <span class='ocrx_word' id='word_1_202' title='bbox 1011 2634 1075 2693; x_wconf 91' lang='lat' dir='ltr'>Dei.</span> 
     </span>
    </p>

    <p class='ocr_par' dir='ltr' id='par_1_5' title="bbox 275 2728 1332 3788">
     <span class='ocr_line' id='line_1_25' title="bbox 322 2728 1332 2814; baseline 0.01 -29"><span class='ocrx_word' id='word_1_203' title='bbox 322 2728 424 2799; x_wconf 75' lang='lat' dir='ltr'>Quinto</span> <span class='ocrx_word' id='word_1_204' title='bbox 435 2742 559 2806; x_wconf 81' lang='lat' dir='ltr'>arguunt</span> <span class='ocrx_word' id='word_1_205' title='bbox 570 2729 670 2788; x_wconf 87' lang='lat' dir='ltr'>fratres</span> <span class='ocrx_word' id='word_1_206' title='bbox 681 2748 733 2806; x_wconf 89' lang='lat' dir='ltr'>per</span> <span class='ocrx_word' id='word_1_207' title='bbox 742 2730 840 2789; x_wconf 90' lang='lat' dir='ltr'>locum</span> <span class='ocrx_word' id='word_1_208' title='bbox 851 2749 869 2788; x_wconf 93' lang='lat' dir='ltr'>a</span> <span class='ocrx_word' id='word_1_209' title='bbox 880 2730 963 2789; x_wconf 90' lang='lat' dir='ltr'>simili</span> <span class='ocrx_word' id='word_1_210' title='bbox 978 2732 1052 2790; x_wconf 89' lang='lat' dir='ltr'>sicut</span> <span class='ocrx_word' id='word_1_211' title='bbox 1066 2750 1158 2808; x_wconf 90' lang='lat' dir='ltr'>supra</span> <span class='ocrx_word' id='word_1_212' title='bbox 1166 2754 1174 2806; x_wconf 91' lang='lat'>;</span> <span class='ocrx_word' id='word_1_213' title='bbox 1198 2735 1332 2814; x_wconf 73' lang='lat' dir='ltr'>‘papae&#39;</span> 
     </span>
     <span class='ocr_line' id='line_1_26' title="bbox 279 2826 1331 2909; baseline 0.01 -26"><span class='ocrx_word' id='word_1_214' title='bbox 279 2826 419 2902; x_wconf 90' lang='lat' dir='ltr'>inquiunt,</span> <span class='ocrx_word' id='word_1_215' title='bbox 441 2829 631 2887; x_wconf 90' lang='lat' dir='ltr'>‘distribuunt</span> <span class='ocrx_word' id='word_1_216' title='bbox 652 2830 753 2887; x_wconf 89' lang='lat' dir='ltr'>merita</span> <span class='ocrx_word' id='word_1_217' title='bbox 774 2839 940 2887; x_wconf 90' lang='lat' dir='ltr'>sanctorum</span> <span class='ocrx_word' id='word_1_218' title='bbox 960 2829 991 2885; x_wconf 91' lang='lat' dir='ltr'>in</span> <span class='ocrx_word' id='word_1_219' title='bbox 1012 2828 1110 2900; x_wconf 90' lang='lat' dir='ltr'>coelis,</span> <span class='ocrx_word' id='word_1_220' title='bbox 1133 2841 1165 2890; x_wconf 92' lang='lat' dir='ltr'>ut</span> <span class='ocrx_word' id='word_1_221' title='bbox 1190 2844 1274 2909; x_wconf 85' lang='lat' dir='ltr'>patet</span> <span class='ocrx_word' id='word_1_222' title='bbox 1298 2834 1331 2892; x_wconf 87' lang='lat' dir='ltr'>de</span> 
     </span>
     <span class='ocr_line' id='line_1_27' title="bbox 277 2924 1330 3006; baseline 0.008 -24"><span class='ocrx_word' id='word_1_223' title='bbox 277 2924 479 2999; x_wconf 88' lang='lat' dir='ltr'>indulgentiis;</span> <span class='ocrx_word' id='word_1_224' title='bbox 516 2944 582 2984; x_wconf 91' lang='lat' dir='ltr'>cum</span> <span class='ocrx_word' id='word_1_225' title='bbox 610 2943 681 3000; x_wconf 87' lang='lat' dir='ltr'>ergo</span> <span class='ocrx_word' id='word_1_226' title='bbox 709 2925 810 2984; x_wconf 92' lang='lat' dir='ltr'>fratres</span> <span class='ocrx_word' id='word_1_227' title='bbox 840 2927 897 2985; x_wconf 91' lang='lat' dir='ltr'>sint</span> <span class='ocrx_word' id='word_1_228' title='bbox 924 2926 1060 3001; x_wconf 90' lang='lat' dir='ltr'>aequales</span> <span class='ocrx_word' id='word_1_229' title='bbox 1088 2930 1176 3004; x_wconf 90' lang='lat' dir='ltr'>papis</span> <span class='ocrx_word' id='word_1_230' title='bbox 1203 2948 1267 3006; x_wconf 92' lang='lat' dir='ltr'>quo</span> <span class='ocrx_word' id='word_1_231' title='bbox 1295 2931 1330 2989; x_wconf 88' lang='lat' dir='ltr'>ad</span> 
     </span>
     <span class='ocr_line' id='line_1_28' title="bbox 277 3022 1330 3100; baseline 0.007 -20"><span class='ocrx_word' id='word_1_232' title='bbox 277 3033 408 3081; x_wconf 91' lang='lat' dir='ltr'>naturam</span> <span class='ocrx_word' id='word_1_233' title='bbox 429 3024 590 3093; x_wconf 89' lang='lat' dir='ltr'>sacerdotii,</span> <span class='ocrx_word' id='word_1_234' title='bbox 605 3025 716 3082; x_wconf 90' lang='lat' dir='ltr'>videtur</span> <span class='ocrx_word' id='word_1_235' title='bbox 737 3041 789 3099; x_wconf 90' lang='lat' dir='ltr'>per</span> <span class='ocrx_word' id='word_1_236' title='bbox 809 3022 907 3082; x_wconf 89' lang='lat' dir='ltr'>locum</span> <span class='ocrx_word' id='word_1_237' title='bbox 928 3041 945 3080; x_wconf 90' lang='lat' dir='ltr'>a</span> <span class='ocrx_word' id='word_1_238' title='bbox 965 3023 1078 3100; x_wconf 85' lang='lat' dir='ltr'>majori,</span> <span class='ocrx_word' id='word_1_239' title='bbox 1096 3025 1180 3100; x_wconf 91' lang='lat' dir='ltr'>quod</span> <span class='ocrx_word' id='word_1_240' title='bbox 1201 3027 1271 3087; x_wconf 90' lang='lat' dir='ltr'>licet</span> <span class='ocrx_word' id='word_1_241' title='bbox 1291 3030 1330 3086; x_wconf 89' lang='lat' dir='ltr'>eis</span> 
     </span>
     <span class='ocr_line' id='line_1_29' title="bbox 277 3117 1328 3197; baseline 0.007 -19"><span class='ocrx_word' id='word_1_242' title='bbox 277 3121 446 3179; x_wconf 88' lang='lat' dir='ltr'>distribuere</span> <span class='ocrx_word' id='word_1_243' title='bbox 471 3121 572 3180; x_wconf 91' lang='lat' dir='ltr'>merita</span> <span class='ocrx_word' id='word_1_244' title='bbox 598 3121 715 3197; x_wconf 87' lang='lat' dir='ltr'>propria</span> <span class='ocrx_word' id='word_1_245' title='bbox 739 3121 844 3196; x_wconf 91' lang='lat' dir='ltr'>quibus</span> <span class='ocrx_word' id='word_1_246' title='bbox 871 3117 984 3179; x_wconf 89' lang='lat' dir='ltr'>volent.&#39;</span> <span class='ocrx_word' id='word_1_247' title='bbox 1038 3119 1098 3180; x_wconf 86' lang='lat' dir='ltr'>Sed</span> <span class='ocrx_word' id='word_1_248' title='bbox 1124 3121 1175 3182; x_wconf 90' lang='lat' dir='ltr'>hic</span> <span class='ocrx_word' id='word_1_249' title='bbox 1203 3126 1328 3195; x_wconf 80' lang='lat' dir='ltr'>attende,</span> 
     </span>
     <span class='ocr_line' id='line_1_30' title="bbox 276 3217 1329 3294; baseline 0.008 -19"><span class='ocrx_word' id='word_1_250' title='bbox 276 3218 427 3292; x_wconf 92' lang='lat' dir='ltr'>quomodo</span> <span class='ocrx_word' id='word_1_251' title='bbox 442 3217 541 3276; x_wconf 89' lang='lat' dir='ltr'>fratres</span> <span class='ocrx_word' id='word_1_252' title='bbox 557 3219 652 3294; x_wconf 90' lang='lat' dir='ltr'>primo</span> <span class='ocrx_word' id='word_1_253' title='bbox 666 3229 803 3276; x_wconf 89' lang='lat' dir='ltr'>accusant</span> <span class='ocrx_word' id='word_1_254' title='bbox 817 3236 917 3294; x_wconf 89' lang='lat' dir='ltr'>papas,</span> <span class='ocrx_word' id='word_1_255' title='bbox 933 3219 1063 3278; x_wconf 91' lang='lat' dir='ltr'>secundo</span> <span class='ocrx_word' id='word_1_256' title='bbox 1076 3223 1234 3294; x_wconf 90' lang='lat' dir='ltr'>quomodo</span> <span class='ocrx_word' id='word_1_257' title='bbox 1248 3242 1329 3282; x_wconf 89' lang='lat' dir='ltr'>usur·</span> 
     </span>
     <span class='ocr_line' id='line_1_31' title="bbox 275 3317 1327 3392; baseline 0.006 -18"><span class='ocrx_word' id='word_1_258' title='bbox 275 3328 346 3392; x_wconf 89' lang='lat' dir='ltr'>pant</span> <span class='ocrx_word' id='word_1_259' title='bbox 361 3335 425 3374; x_wconf 90' lang='lat' dir='ltr'>esse</span> <span class='ocrx_word' id='word_1_260' title='bbox 439 3318 480 3375; x_wconf 91' lang='lat' dir='ltr'>eis</span> <span class='ocrx_word' id='word_1_261' title='bbox 495 3317 645 3392; x_wconf 89' lang='lat' dir='ltr'>aequales:</span> <span class='ocrx_word' id='word_1_262' title='bbox 667 3328 696 3375; x_wconf 92' lang='lat' dir='ltr'>et</span> <span class='ocrx_word' id='word_1_263' title='bbox 710 3317 793 3374; x_wconf 89' lang='lat' dir='ltr'>tertio</span> <span class='ocrx_word' id='word_1_264' title='bbox 807 3317 958 3392; x_wconf 91' lang='lat' dir='ltr'>quomodo</span> <span class='ocrx_word' id='word_1_265' title='bbox 978 3317 1161 3376; x_wconf 90' lang='lat' dir='ltr'>contendunt</span> <span class='ocrx_word' id='word_1_266' title='bbox 1180 3320 1225 3379; x_wconf 86' lang='lat' dir='ltr'>eis</span> <span class='ocrx_word' id='word_1_267' title='bbox 1238 3320 1327 3379; x_wconf 84' lang='lat' dir='ltr'>esse¹¹</span> 
     </span>
     <span class='ocr_line' id='line_1_32' title="bbox 277 3413 1326 3491; baseline 0.007 -20"><span class='ocrx_word' id='word_1_268' title='bbox 277 3416 447 3489; x_wconf 89' lang='lat' dir='ltr'>superiores.</span> <span class='ocrx_word' id='word_1_269' title='bbox 490 3413 586 3490; x_wconf 88' lang='lat' dir='ltr'>Papae</span> <span class='ocrx_word' id='word_1_270' title='bbox 601 3413 707 3471; x_wconf 74' lang='lat' dir='ltr'>enim¹²</span> <span class='ocrx_word' id='word_1_271' title='bbox 720 3432 781 3472; x_wconf 91' lang='lat' dir='ltr'>non</span> <span class='ocrx_word' id='word_1_272' title='bbox 796 3414 961 3472; x_wconf 90' lang='lat' dir='ltr'>concedunt</span> <span class='ocrx_word' id='word_1_273' title='bbox 975 3414 1047 3473; x_wconf 88' lang='lat' dir='ltr'>tales</span> <span class='ocrx_word' id='word_1_274' title='bbox 1060 3414 1258 3491; x_wconf 81' lang='lat' dir='ltr'>indulgentias</span> <span class='ocrx_word' id='word_1_275' title='bbox 1273 3420 1326 3478; x_wconf 89' lang='lat' dir='ltr'>nisi</span> 
     </span>
     <span class='ocr_line' id='line_1_33' title="bbox 275 3511 1325 3586; baseline 0.007 -18"><span class='ocrx_word' id='word_1_276' title='bbox 275 3529 413 3586; x_wconf 83' lang='lat' dir='ltr'>expressa</span> <span class='ocrx_word' id='word_1_277' title='bbox 427 3512 603 3581; x_wconf 91' lang='lat' dir='ltr'>conditione,</span> <span class='ocrx_word' id='word_1_278' title='bbox 618 3511 698 3586; x_wconf 93' lang='lat' dir='ltr'>quod</span> <span class='ocrx_word' id='word_1_279' title='bbox 718 3512 859 3581; x_wconf 89' lang='lat' dir='ltr'>homines,</span> <span class='ocrx_word' id='word_1_280' title='bbox 874 3512 979 3585; x_wconf 89' lang='lat' dir='ltr'>quibus</span> <span class='ocrx_word' id='word_1_281' title='bbox 997 3513 1174 3583; x_wconf 87' lang='lat' dir='ltr'>concedunt,</span> <span class='ocrx_word' id='word_1_282' title='bbox 1190 3516 1248 3574; x_wconf 92' lang='lat' dir='ltr'>sint</span> <span class='ocrx_word' id='word_1_283' title='bbox 1261 3535 1325 3574; x_wconf 89' lang='lat' dir='ltr'>vere</span> 
     </span>
     <span class='ocr_line' id='line_1_34' title="bbox 275 3608 1324 3679; baseline 0.008 -14"><span class='ocrx_word' id='word_1_284' title='bbox 275 3609 401 3666; x_wconf 89' lang='lat' dir='ltr'>confessi</span> <span class='ocrx_word' id='word_1_285' title='bbox 427 3620 456 3667; x_wconf 95' lang='lat' dir='ltr'>et</span> <span class='ocrx_word' id='word_1_286' title='bbox 481 3609 610 3679; x_wconf 88' lang='lat' dir='ltr'>contriti;</span> <span class='ocrx_word' id='word_1_287' title='bbox 642 3608 743 3666; x_wconf 91' lang='lat' dir='ltr'>fratres</span> <span class='ocrx_word' id='word_1_288' title='bbox 768 3620 865 3667; x_wconf 90' lang='lat' dir='ltr'>autem</span> <span class='ocrx_word' id='word_1_289' title='bbox 889 3609 974 3666; x_wconf 89' lang='lat' dir='ltr'>istam</span> <span class='ocrx_word' id='word_1_290' title='bbox 997 3610 1198 3670; x_wconf 91' lang='lat' dir='ltr'>conditionem</span> <span class='ocrx_word' id='word_1_291' title='bbox 1220 3616 1324 3673; x_wconf 88' lang='lat' dir='ltr'>contri-</span> 
     </span>
     <span class='ocr_line' id='line_1_35' title="bbox 275 3706 1324 3788; baseline 0.007 -24"><span class='ocrx_word' id='word_1_292' title='bbox 275 3706 362 3765; x_wconf 90' lang='lat' dir='ltr'>tionis</span> <span class='ocrx_word' id='word_1_293' title='bbox 383 3724 444 3764; x_wconf 92' lang='lat' dir='ltr'>non</span> <span class='ocrx_word' id='word_1_294' title='bbox 465 3715 637 3764; x_wconf 89' lang='lat' dir='ltr'>memorant.</span> <span class='ocrx_word' id='word_1_295' title='bbox 681 3706 795 3765; x_wconf 91' lang='lat' dir='ltr'>Scimus</span> <span class='ocrx_word' id='word_1_296' title='bbox 816 3717 914 3764; x_wconf 89' lang='lat' dir='ltr'>tamen</span> <span class='ocrx_word' id='word_1_297' title='bbox 935 3707 1016 3781; x_wconf 89' lang='lat' dir='ltr'>quod</span> <span class='ocrx_word' id='word_1_298' title='bbox 1034 3706 1116 3766; x_wconf 86' lang='lat' dir='ltr'>Deus</span> <span class='ocrx_word' id='word_1_299' title='bbox 1141 3728 1205 3768; x_wconf 91' lang='lat' dir='ltr'>non</span> <span class='ocrx_word' id='word_1_300' title='bbox 1230 3724 1324 3788; x_wconf 89' lang='lat' dir='ltr'>potest</span> 
     </span>
    </p>

    <p class='ocr_par' dir='ltr' id='par_1_6' title="bbox 272 3843 1323 4041">
     <span class='ocr_line' id='line_1_36' title="bbox 306 3843 1323 3910; baseline 0.007 -18"><span class='ocrx_word' id='word_1_301' title='bbox 306 3845 315 3874; x_wconf 90' lang='lat'><strong>¹</strong></span> <span class='ocrx_word' id='word_1_302' title='bbox 332 3844 446 3908; x_wconf 80' lang='lat' dir='ltr'>dignum]</span> <span class='ocrx_word' id='word_1_303' title='bbox 465 3844 600 3908; x_wconf 83' lang='lat' dir='ltr'>indignum,</span> <span class='ocrx_word' id='word_1_304' title='bbox 614 3845 641 3892; x_wconf 90' lang='lat' dir='ltr'>B.</span> <span class='ocrx_word' id='word_1_305' title='bbox 654 3844 775 3893; x_wconf 81' lang='lat' dir='ltr'>secundae</span> <span class='ocrx_word' id='word_1_306' title='bbox 786 3859 881 3892; x_wconf 90' lang='lat' dir='ltr'>manus.</span> <span class='ocrx_word' id='word_1_307' title='bbox 1009 3843 1020 3873; x_wconf 83' lang='lat'>²</span> <span class='ocrx_word' id='word_1_308' title='bbox 1035 3844 1180 3910; x_wconf 84' lang='lat' dir='ltr'>distribuat]</span> <span class='ocrx_word' id='word_1_309' title='bbox 1191 3847 1323 3901; x_wconf 74' lang='lat' dir='ltr'>distribuit.</span> 
     </span>
     <span class='ocr_line' id='line_1_37' title="bbox 273 3908 1323 4023; baseline 0.007 -67"><span class='ocrx_word' id='word_1_310' title='bbox 273 3909 365 3958; x_wconf 61' lang='grc' dir='ltr'>ΑΒΕ.</span> <span class='ocrx_word' id='word_1_311' title='bbox 465 3908 474 3938; x_wconf 80' lang='lat'><strong>³</strong></span> <span class='ocrx_word' id='word_1_312' title='bbox 492 3910 562 3974; x_wconf 88' lang='lat' dir='ltr'>ipsis]</span> <span class='ocrx_word' id='word_1_313' title='bbox 575 3909 642 3973; x_wconf 87' lang='lat' dir='ltr'>prius</span> <span class='ocrx_word' id='word_1_314' title='bbox 654 3909 720 3973; x_wconf 88' lang='lat' dir='ltr'>ipsis,</span> <span class='ocrx_word' id='word_1_315' title='bbox 732 3909 770 3958; x_wconf 89' lang='lat' dir='ltr'>ed.</span> <span class='ocrx_word' id='word_1_316' title='bbox 782 3925 819 3972; x_wconf 90' lang='lat' dir='ltr'>pr.</span> <span class='ocrx_word' id='word_1_317' title='bbox 896 3908 981 4023; x_wconf 44' lang='lat' dir='ltr'>⁴silgg]</span> <span class='ocrx_word' id='word_1_318' title='bbox 993 3925 1043 3959; x_wconf 90' lang='lat' dir='ltr'>om.</span> <span class='ocrx_word' id='word_1_319' title='bbox 1055 3910 1094 3959; x_wconf 87' lang='lat' dir='ltr'>ed.</span> <span class='ocrx_word' id='word_1_320' title='bbox 1106 3926 1144 3975; x_wconf 86' lang='lat' dir='ltr'>pr.</span> <span class='ocrx_word' id='word_1_321' title='bbox 1227 3913 1323 3963; x_wconf 71' lang='lat' dir='ltr'>⁸bene⁸</span> 
     </span>
     <span class='ocr_line' id='line_1_38' title="bbox 272 3972 1322 4041; baseline 0.007 -21"><span class='ocrx_word' id='word_1_322' title='bbox 272 3973 390 4037; x_wconf 86' lang='lat' dir='ltr'>fecerant]</span> <span class='ocrx_word' id='word_1_323' title='bbox 403 3975 580 4030; x_wconf 86' lang='lat' dir='ltr'>benefacerent,</span> <span class='ocrx_word' id='word_1_324' title='bbox 592 3974 654 4022; x_wconf 74' lang='grc' dir='ltr'>ΑΒ,</span> <span class='ocrx_word' id='word_1_325' title='bbox 769 3972 867 4038; x_wconf 77' lang='lat' dir='ltr'>‘ergo]</span> <span class='ocrx_word' id='word_1_326' title='bbox 879 3988 934 4037; x_wconf 84' lang='lat' dir='ltr'>ego,</span> <span class='ocrx_word' id='word_1_327' title='bbox 979 3989 1034 4039; x_wconf 78' lang='lat' dir='ltr'>‚pr.</span> <span class='ocrx_word' id='word_1_328' title='bbox 1142 3976 1207 4041; x_wconf 66' lang='lat' dir='ltr'>let]</span> <span class='ocrx_word' id='word_1_329' title='bbox 1220 3978 1322 4033; x_wconf 86' lang='lat' dir='ltr'>duobus.</span> 
     </span>
    </p>

    <p class='ocr_par' dir='ltr' id='par_1_7' title="bbox 254 4036 1322 4108">
     <span class='ocr_line' id='line_1_39' title="bbox 254 4036 1322 4108; baseline 0.006 -22"><span class='ocrx_word' id='word_1_330' title='bbox 254 4036 366 4088; x_wconf 63' lang='grc' dir='ltr'>ΙΑΒΕ.</span> <span class='ocrx_word' id='word_1_331' title='bbox 378 4040 416 4088; x_wconf 86' lang='lat' dir='ltr'>ed.</span> <span class='ocrx_word' id='word_1_332' title='bbox 429 4055 465 4103; x_wconf 89' lang='lat' dir='ltr'>pr.</span> <span class='ocrx_word' id='word_1_333' title='bbox 506 4076 509 4087; x_wconf 93' lang='lat'><em>.</em></span> <span class='ocrx_word' id='word_1_334' title='bbox 579 4038 645 4087; x_wconf 73' lang='lat' dir='ltr'>⁸hic</span> <span class='ocrx_word' id='word_1_335' title='bbox 657 4038 952 4102; x_wconf 75' lang='lat' dir='ltr'>invia—beatitudinem]</span> <span class='ocrx_word' id='word_1_336' title='bbox 964 4055 1013 4088; x_wconf 91' lang='lat' dir='ltr'>om.</span> <span class='ocrx_word' id='word_1_337' title='bbox 1026 4039 1089 4089; x_wconf 74' lang='grc' dir='ltr'>ΑΒ.</span> <span class='ocrx_word' id='word_1_338' title='bbox 1214 4042 1322 4108; x_wconf 79' lang='lat' dir='ltr'>&#39;in]et.</span> 
     </span>
    </p>
   </div>
   <div class='ocr_carea' id='block_1_4' title="bbox 253 4086 1321 4216">
    <p class='ocr_par' dir='ltr' id='par_1_8' title="bbox 253 4086 1321 4216">
     <span class='ocr_line' id='line_1_40' title="bbox 253 4086 1321 4216; baseline 0.007 -66"><span class='ocrx_word' id='word_1_339' title='bbox 253 4086 256 4187; x_wconf 53' lang='grc' dir='ltr'><strong><em>ἒ</em></strong></span> <span class='ocrx_word' id='word_1_340' title='bbox 272 4103 358 4216; x_wconf 53' lang='lat' dir='ltr'>31ng</span> <span class='ocrx_word' id='word_1_341' title='bbox 474 4106 493 4134; x_wconf 85' lang='lat'>¹⁰</span> <span class='ocrx_word' id='word_1_342' title='bbox 509 4103 539 4153; x_wconf 81' lang='lat' dir='ltr'>cf.</span> <span class='ocrx_word' id='word_1_343' title='bbox 550 4105 609 4154; x_wconf 87' lang='lat' dir='ltr'>Luc.</span> <span class='ocrx_word' id='word_1_344' title='bbox 622 4105 652 4153; x_wconf 85' lang='lat' dir='ltr'>vi.</span> <span class='ocrx_word' id='word_1_345' title='bbox 664 4104 704 4165; x_wconf 75' lang='lat'>3⁸·</span> <span class='ocrx_word' id='word_1_346' title='bbox 831 4103 848 4133; x_wconf 92' lang='lat'>¹¹</span> <span class='ocrx_word' id='word_1_347' title='bbox 865 4103 930 4168; x_wconf 86' lang='lat' dir='ltr'>esse]</span> <span class='ocrx_word' id='word_1_348' title='bbox 942 4120 992 4154; x_wconf 90' lang='lat' dir='ltr'>om.</span> <span class='ocrx_word' id='word_1_349' title='bbox 1004 4104 1043 4154; x_wconf 85' lang='lat' dir='ltr'>ed.</span> <span class='ocrx_word' id='word_1_350' title='bbox 1055 4120 1091 4169; x_wconf 92' lang='lat' dir='ltr'>pr.</span> <span class='ocrx_word' id='word_1_351' title='bbox 1211 4107 1230 4137; x_wconf 81' lang='lat'>¹¹</span> <span class='ocrx_word' id='word_1_352' title='bbox 1245 4108 1321 4172; x_wconf 83' lang='lat' dir='ltr'>enim]</span> 
     </span>
    </p>
   </div>
   <div class='ocr_carea' id='block_1_5' title="bbox 0 0 1436 4836">
    <p class='ocr_par' dir='ltr' id='par_1_9' title="bbox 0 0 1436 4836">
     <span class='ocr_line' id='line_1_41' title="bbox 0 0 1436 4836; baseline 0 0"><span class='ocrx_word' id='word_1_353' title='bbox 0 0 1436 4836; x_wconf 95' lang='lat' dir='ltr'> </span> 
     </span>
    </p>
   </div>
  </div>
 </body>
</html>
