2864 4836
1143 264 1267 297 -4

498 398 755 477 sannaus
791 397 1005 460 ulem
1192 417 1275 456 um

226 559 403 635 plenitudine
425 577 480 619 nos
501 577 606 618 omnes
626 558 818 636 accepimus¹.
860 557 949 618 Unde
972 558 1042 618 licet
1062 559 1160 618 sancti
1180 557 1275 624 dicant,

226 657 306 734 quod
320 658 421 716 omnia
435 658 568 716 membra
582 657 722 717 ecclesiae
737 667 804 716 sunt
817 656 960 727 Christus,
973 656 1020 715 vel
1034 667 1109 716 tunc
1127 655 1277 731 malignus

225 755 397 832 appellative
411 756 480 831 quia
493 768 640 832 ungantur
653 756 746 832 gratia
759 753 830 833 Jesu
841 754 956 824 Christi,
968 754 1014 813 vel
1031 772 1119 814 more
1130 755 1277 831 scriptum

226 853 389 928 intelligunt
409 871 461 929 per
476 854 608 910 membra
629 853 768 912 ecclesiae
783 853 878 928 ipsam
899 852 1056 911 ecclesiam
1076 862 1109 911 et
1131 852 1176 912 sic
1189 849 1278 910 Chris·

226 961 297 1020 tum,
312 952 361 1025 qui
376 961 419 1009 est
432 951 507 1009 una'
521 969 647 1026 persona
662 968 730 1009 cum
744 951 868 1009 ecclesia
886 967 938 1008 sua
952 965 1065 1025 sponsa
1073 968 1082 1022 ;
1105 967 1197 1027 saepe
1209 948 1277 1007 enim

227 1067 294 1125 pars
309 1049 476 1125 principalis
490 1048 615 1108 refundit
629 1067 740 1108 nomen
754 1051 784 1107 in
799 1058 897 1127 partes
911 1047 982 1106 alias
996 1058 1226 1125 consequentes

268 1147 316 1206 Ad
324 1149 450 1222 primam
464 1149 627 1205 instantiam
638 1157 719 1205 tuam
730 1157 846 1222 oportet
859 1158 887 1204 te
899 1145 1060 1220 intelligere
1072 1163 1110 1203 ex
1123 1145 1279 1222 praedictis,

226 1245 306 1320 quod
322 1243 452 1303 Christus
467 1246 578 1303 ratione
593 1245 799 1303 incarnationis
811 1261 881 1302 suae
895 1253 939 1302 est
953 1242 1114 1300 multorum
1129 1243 1279 1321 nngrdum,

226 1352 254 1400 et
276 1360 354 1400 nunc
376 1342 596 1401 denominatur³
616 1343 779 1401 secundum
799 1360 892 1400 unum
913 1358 1016 1400 eorum
1029 1350 1061 1399 et
1078 1359 1164 1401 nunc
1184 1358 1280 1401 aecim-

227 1440 297 1498 dum
312 1440 397 1511 aliud,
412 1440 573 1499 secundum
587 1441 667 1516 quod
682 1441 806 1517 pertinet
819 1439 964 1510 historiae,
979 1456 1056 1515 quae
1076 1439 1114 1498 de
1130 1457 1171 1499 eo
1185 1440 1281 1499 debeat

226 1539 352 1595 enarrari
360 1557 368 1608 ;
391 1549 419 1596 et
434 1539 475 1596 sic
490 1538 601 1597 videtur
621 1538 765 1614 psalmus⁴
784 1538 890 1608 dicere,
906 1536 987 1614 quod
1002 1535 1139 1596 Christus
1159 1538 1281 1597 minmut

226 1645 270 1694 est
298 1635 386 1712 paulo
415 1636 511 1694 minus
537 1636 575 1693 ab
599 1635 733 1711 angelisl,
759 1635 923 1694 secundum
947 1643 1082 1692 naturam
1111 1650 1281 1712 corporum

227 1751 302 1809 quae
317 1744 361 1792 est
381 1732 499 1791 inferior
519 1744 621 1792 natura
641 1733 774 1809 angelica
781 1752 789 1805 ;
819 1742 848 1791 et
869 1732 1031 1791 secundum
1052 1731 1136 1790 illum
1156 1743 1283 1792 creatum

228 1832 367 1908 spiritum,
382 1832 456 1890 sicut
477 1831 639 1890 secundum
659 1832 805 1902 deitatem,
819 1831 935 1890 excedit
954 1829 1075 1905 angelos
1091 1845 1283 1908 quoscunque

228 1941 257 1988 et
284 1930 442 2006 quamlibet
470 1929 556 1988 aliam
585 1940 755 1999 creaturam,
784 1929 946 1988 secundum
974 1928 1063 1986 verba
1089 1929 1221 2004 apostoli
1249 1925 1284 1988 ad

229 2027 384 2086 Hebraeos
399 2028 416 2085 i.
437 2032 536 2086 ‘tanto
558 2028 661 2086 melior
682 2027 795 2102 angelis
817 2026 947 2095 effectus
970 2037 1081 2102 quanto
1104 2026 1284 2086 differentius

229 2143 298 2201 prae
313 2125 366 2182 illis
382 2142 490 2182 nomen
504 2124 707 2195 haereditario
729 2126 776 2183 cui
791 2142 865 2201 rogo
879 2143 1009 2201 unquam
1024 2123 1202 2200 angelorum
1216 2124 1286 2184 dixit

229 2221 318 2280 Deus’
334 2222 422 2291 etc.⁶;
444 2240 497 2296 per
511 2223 721 2280 humanitatem
741 2222 861 2298 quidem
875 2240 958 2282 suam
972 2238 1077 2280 omnes
1090 2222 1190 2298 angeli
1205 2239 1285 2281 oom-

228 2319 303 2394 plete
331 2330 359 2376 et
384 2319 505 2377 finaliter
530 2330 596 2378 sunt
619 2320 704 2390 beati,
725 2319 780 2378 ‘de
801 2320 864 2395 ejus
886 2320 1004 2396 quidem
1026 2319 1209 2396 plenitudine
1230 2336 1285 2379 nos

227 2433 332 2475 omnes
353 2416 536 2492 accepimus!
578 2417 617 2476 Et
636 2428 723 2494 patet,
739 2419 763 2476 si
784 2420 861 2476 nosti
882 2428 1016 2476 naturam
1035 2417 1285 2488 contradictionis,

227 2515 309 2591 quod
330 2533 390 2573 non
412 2516 506 2573 solum
528 2516 790 2574 contradictionem
812 2526 892 2574 tuam
913 2515 1036 2574 evadam
1058 2514 1155 2573 sedet
1176 2525 1286 2574 cuncta

228 2614 469 2683 inconvenientia,
485 2631 561 2689 quae
577 2614 618 2671 sic
634 2632 768 2689 pompas.

269 2710 318 2768 Ad
331 2713 474 2768 secundam
490 2723 570 2768 tuam
583 2712 745 2768 evidenlt'am
760 2720 848 2787 patet,
863 2711 944 2788 quod
959 2710 1091 2769 Christus
1106 2727 1169 2769 non
1182 2711 1286 2769 huma·

39 2809 105 2877 ‘352⁵
126 2813 188 2877 ⁰⁰³¹&
229 2809 304 2866 nitus
326 2809 439 2867 excedit
459 2811 491 2866 in
511 2810 656 2867 inlinitum
676 2809 706 2866 in
726 2809 904 2885 perfectione
925 2808 1070 2867 essentiali
1085 2809 1175 2866 alium
1189 2809 1285 2867 homi·

229 2923 306 2975 nem,
329 2924 395 2964 cum
416 2916 508 2965 totum
529 2925 623 2982 genus
641 2906 811 2977 humanum,
832 2908 914 2982 cujus
935 2907 1084 2983 quodlibet
1104 2907 1286 2966 individuum

229 3004 281 3061 sibi
303 3004 466 3079 parificatur
488 3006 517 3062 in
539 3005 716 3081 perfectione
739 3005 898 3080 specilica⁷,
923 3023 983 3064 non
1004 3005 1150 3064 inlinitum
1170 3006 1287 3066 excedit

229 3101 346 3177 aliquod
361 3103 424 3177 ejus
446 3103 629 3178 suppositum
638 3122 645 3173 ;
677 3104 729 3161 sed
745 3102 906 3161 secundum
924 3102 1060 3161 deitatem
1074 3103 1221 3162 infinitum
1235 3124 1287 3163 ex·

229 3199 305 3257 cedit
319 3199 478 3269 hominem,
493 3199 550 3257 hoc
561 3211 605 3259 est
620 3213 751 3258 naturam
767 3200 902 3270 hominis,
916 3210 949 3258 ut
963 3218 1109 3277 suppono.
1152 3201 1191 3260 Et
1205 3214 1287 3279 patet

230 3297 360 3356 delectus
388 3299 498 3373 primae
528 3299 754 3373 consequentiae
781 3316 870 3374 quam
899 3298 999 3370 fecisti,
1025 3300 1093 3374 quia
1121 3300 1286 3360 secundum

230 3396 366 3453 deitatem
389 3414 449 3454 non
470 3396 624 3453 includitur
645 3397 674 3453 in
697 3396 793 3471 aliqua
808 3396 914 3471 specie,
930 3406 959 3454 et
973 3395 1135 3455 secundum
1150 3396 1286 3458 humani·

230 3506 317 3551 tatem
342 3504 386 3551 est
406 3494 537 3569 ejusdem
561 3494 667 3569 speciei
692 3511 759 3551 curn
784 3494 914 3569 quolibet
938 3494 994 3552 alio
1019 3493 1105 3552 fratre
1130 3512 1194 3554 suo.
1248 3496 1287 3556 Et

229 3600 317 3665 patet,
333 3610 400 3648 cum
416 3591 547 3650 Christus
562 3593 597 3650 sit
611 3592 689 3650 idem
705 3602 797 3651 totum
812 3591 996 3667 specificum⁸
1011 3593 1091 3667 quod
1106 3603 1151 3652 est
1165 3595 1287 3670 quilibet

230 3688 301 3746 alius
321 3688 406 3746 frater
427 3708 505 3758 suus,
527 3691 607 3764 quod
628 3690 692 3765 ejus
714 3690 874 3747 incarnatio
897 3700 925 3748 et
946 3691 1082 3748 exaltatio
1103 3694 1209 3750 meruit
1230 3712 1285 3753 suo

230 3788 290 3856 toti,
314 3806 381 3845 cum
402 3798 462 3846 tam
484 3787 644 3845 secundum
666 3799 799 3845 naturam
821 3806 993 3864 corpoream
1013 3807 1102 3865 qnam
1122 3792 1286 3851 secundum

263 3990 271 4018 ¹
289 3989 319 4038 cl.
331 3988 388 4053 J0h.
401 3988 417 4035 i.
432 3986 469 4036 16.
618 3987 627 4014 ²
643 3987 704 4050 una]
717 4003 792 4035 unum
804 4003 860 4036 cum
872 3987 982 4044 ecclesia,
995 3987 1033 4036 vel
1045 4004 1102 4044 una,
1114 3989 1178 4038 AC.
1191 3991 1286 4053 primae

230 4071 324 4103 manus.
423 4055 431 4080 ³
448 4052 632 4116 denominatur]
645 4053 837 4107 dominatur,ed
856 4069 895 4117 pr.
961 4054 970 4081 ⁴
985 4053 1108 4118 psalmus]
1121 4055 1237 4119 primum,
1250 4057 1284 4106 D.

229 4120 239 4146 ⁵
256 4120 286 4169 cl.
301 4121 339 4168 Ps.
352 4120 400 4167 viii.
412 4118 436 4166 6.
584 4118 594 4145 ⁸
611 4117 819 4181 quanto-Deus]
832 4135 882 4167 om.
894 4119 933 4168 cd.
946 4135 982 4183 pr.
1130 4119 1140 4148 ⁷
1157 4121 1285 4187 specifica]

230 4186 366 4247 specivoca,
378 4185 416 4233 ed.
429 4201 465 4248 pr.
595 4185 604 4210 ⁸
621 4182 773 4246 specificam]
787 4185 951 4246 spccivocum,
963 4184 1002 4233 ed.
1015 4201 1051 4248 pr.
