2864 4836
573 432 830 512 JOANNIS
872 432 1088 496 WICLIF
1284 456 1365 493 uati.

315 595 403 655 bilem
427 594 573 654 virtutem¹
595 594 809 671 phantasticam
833 594 878 654 vel
900 595 956 654 alio
982 595 1111 664 nomine,
1131 595 1205 653 sicut
1231 594 1366 654 homines

315 690 521 752 contendendo
541 710 628 769 saepe
647 693 847 769 aequivocant.
891 692 951 752 Sed
969 693 1040 769 qnid
1059 692 1164 752 nobis?
1207 691 1287 752 Satis
1304 693 1366 769 qni·

315 790 383 849 dem
403 799 448 849 est
468 791 562 860 nobis,
577 790 658 867 quod
678 792 715 850 sit
735 808 810 849 unus
830 791 894 850 talis
914 790 1084 856 immortalis
1105 790 1231 867 spiritus,
1254 789 1367 849 habens

314 889 446 946 virtutem
474 888 534 946 sive
561 889 722 963 potentiam
750 899 856 947 cuncta
883 887 1050 963 intelligere,
1078 904 1169 963 quam
1202 887 1365 963 potentiam

257 963 281 989 ’κ
313 995 399 1045 vocat
412 985 573 1045 Aristoteles
587 986 687 1045 omnia
706 985 801 1045 facere
814 985 859 1044 vel
878 985 1054 1045 intellectum
1076 983 1222 1060 agentem.
1267 981 1365 1044 Habet

313 1085 402 1143 etiam
421 1085 554 1142 virtutem
572 1082 631 1142 sive
652 1084 822 1159 potentiam,
842 1078 980 1159 species¹,
1000 1083 1176 1142 intentiones
1194 1081 1240 1141 vel
1261 1100 1364 1159 appre-

314 1180 471 1240 hensiones
495 1190 666 1239 cunctorum
691 1181 829 1256 recipere,
853 1190 913 1240 tam
938 1181 976 1239 ab
998 1190 1065 1240 actu
1089 1180 1209 1256 proprio
1232 1197 1366 1257 quana

314 1278 454 1355 superiori
475 1277 632 1337 influentia
682 1277 720 1336 Et
741 1279 789 1336 illa
809 1289 928 1337 vocatur
952 1278 1112 1338 intellectus
1136 1278 1302 1355 possibilis⁸
1321 1277 1364 1336 vel

314 1376 413 1434 omnia
426 1376 494 1452 pati.
536 1374 574 1435 Et
593 1376 687 1452 prima
705 1375 808 1434 dicitur
826 1377 957 1453 potentia
976 1376 1077 1447 activa,
1092 1375 1224 1435 secunda
1240 1376 1364 1453 passiva.

314 1474 361 1534 De
374 1472 511 1533 nomine⁴
524 1491 593 1533 vero
609 1473 771 1550 specierum
791 1473 836 1533 vel
855 1474 1050 1533 intentionum
1069 1482 1113 1532 est
1126 1472 1206 1549 apud
1219 1473 1365 1550 quosdam

314 1571 473 1642 contentio,
487 1583 519 1631 ut
533 1573 661 1649 speciem
674 1569 786 1630 videtur
799 1570 944 1630 Ava'cenna
959 1589 1064 1630 vocare
1078 1570 1205 1630 formam
1218 1572 1261 1630 rei
1275 1571 1364 1630 sensi·

315 1670 380 1730 bilis
394 1671 424 1729 in
443 1671 574 1747 potentia
592 1669 737 1739 sensitiva,
751 1669 944 1729 intentionem
958 1686 1027 1728 vero
1041 1667 1166 1728 sormam
1185 1669 1227 1728 rei
1240 1668 1364 1728 insensi-

315 1769 379 1828 bilis
397 1770 427 1828 in
446 1768 550 1828 eadem
567 1769 706 1846 potentia,
720 1778 752 1826 ut
771 1766 896 1826 formam
915 1767 1058 1826 amicitiae
1071 1765 1116 1825 vel
1130 1766 1299 1826 inimicitiae
1317 1777 1365 1826 ant

315 1866 379 1925 talis
398 1865 574 1925 habitudinis
587 1865 755 1941 respective.
796 1863 985 1940 Quandoque
1004 1875 1102 1923 autem
1118 1864 1234 1940 species
1247 1874 1365 1924 vocatur

315 1964 473 2023 similitudo
487 1962 700 2033 habitudinalis,
714 1962 820 2039 qnam³
832 1961 995 2021 intellectus
1006 1960 1102 2032 habet,
1113 1962 1173 2020 sive
1186 1961 1365 2031 universalis,

309 2063 375 2131 sive
389 2061 576 2137 particularis.
617 2060 656 2119 Et
670 2061 792 2119 intentio
811 2069 929 2118 vocatur
946 2076 1024 2118 nunc
1039 2060 1161 2135 species,
1175 2077 1254 2118 nnnc
1268 2070 1359 2129 actua,

315 2154 508 2229 intendendi⁸‚
524 2160 592 2217 satis
606 2159 774 2235 aequivoce,
789 2174 857 2216 cum
878 2174 982 2216 omnes
1003 2167 1085 2216 actus
1103 2157 1220 2216 animae
1239 2168 1308 2217 sunt
1327 2157 1362 2217 de

315 2273 422 2331 genere
437 2256 559 2315 actionis
567 2275 575 2328 ;
598 2265 627 2313 et
640 2256 680 2314 ita
693 2273 740 2314 res
754 2255 914 2314 intellectae
929 2254 1037 2313 habere
1051 2254 1186 2314 dicuntur
1198 2273 1264 2316 esse
1279 2256 1361 2334 spiri·

316 2353 391 2413 tuale
405 2355 436 2412 in
450 2355 556 2420 anima,
571 2364 600 2412 et
614 2355 655 2412 sic
671 2353 832 2414 intellectus
846 2350 1008 2429 possibilisl
1022 2363 1208 2430 comparatur
1227 2356 1364 2414 materiae

316 2453 435 2530 primae,
455 2451 616 2511 intellectus
636 2461 734 2510 autem
755 2469 846 2528 agens
867 2449 970 2509 dicitau
990 2451 1085 2528 prima
1103 2450 1216 2523 sorma3
1247 2450 1285 2511 de
1307 2469 1364 2530 qua

316 2551 433 2628 quidem
448 2550 487 2609 ad
507 2559 619 2610 tantum
634 2550 835 2625 aequivocam,
846 2549 928 2626 quod
941 2559 1050 2609 vocant
1062 2549 1157 2608 solum
1169 2549 1268 2609 Qum
1282 2551 1363 2610 intel-

314 2650 422 2709 lectum
437 2659 581 2725 agentem,
596 2648 665 2724 quia
679 2658 790 2706 certum
801 2658 853 2718 est,
865 2647 947 2724 quod
958 2647 1050 2719 Deus,
1061 2665 1129 2706 cum
1140 2649 1176 2707 sit
1190 2648 1363 2719 intellectus,

314 2759 359 2807 est
377 2765 469 2822 agens
482 2747 583 2806 omnia
597 2756 626 2804 et
640 2763 763 2804 movens
777 2745 959 2822 spiritualiter
972 2745 1137 2806 interiorem
1157 2745 1311 2806 hominem
1329 2765 1364 2806 ac

316 2847 411 2922 ipsum
420 2845 548 2903 edocens
558 2844 699 2922 quidquid
710 2846 879 2920 cognoverit
884 2863 893 2917 ;
912 2854 941 2903 et
952 2845 993 2903 sic
1004 2843 1108 2903 frustra
1117 2843 1237 2921 palliant
1244 2846 1364 2904 verbum

315 2944 442 3015 Avern's,
461 2944 541 3021 quod
563 2943 666 3002 eadem
687 2953 732 3002 est
753 2944 851 3001 anima
872 2944 1006 3001 omnium
1026 2942 1189 3013 hominum,
1207 2943 1279 3019 quia
1298 2960 1361 3002 cer·

315 3053 377 3100 tum
396 3041 506 3100 videtur
519 3043 615 3118 ipsum
635 3041 723 3101 fuisse
741 3041 944 3118 philosophice
964 3040 1125 3117 opinatum,
1139 3038 1222 3116 quod
1242 3040 1364 3117 quilibet

314 3142 405 3201 homo
425 3140 512 3199 habet
530 3158 614 3199 suam
633 3141 761 3200 animam
781 3140 1006 3216 corruptibilem,
1023 3150 1055 3198 ut
1074 3138 1184 3198 habent
1197 3138 1318 3207 bestiae,
1337 3147 1365 3196 et

315 3258 401 3318 super
415 3239 486 3298 haec
500 3249 544 3298 est
557 3257 616 3297 una
635 3239 735 3297 infima
752 3239 1002 3313 intelligentiamm
1022 3237 1074 3296 toti
1089 3234 1230 3312 sphaerae
1245 3252 1365 3311 corrup

314 3339 435 3398 tibilium
460 3337 602 3414 copulata,
627 3347 656 3396 et
680 3337 727 3396 illa
754 3338 940 3414 conjungitur
967 3335 1128 3413 specialiter
1155 3333 1270 3393 homiui
1298 3334 1364 3411 plus

314 3434 476 3512 cognitivo⁸
490 3453 579 3512 quam
598 3435 715 3504 bestiae,
730 3453 792 3493 non
811 3445 910 3493 tamen
929 3434 1080 3510 copulatur
1094 3433 1149 3492 sibi
1168 3441 1201 3490 ut
1219 3449 1297 3508 pars,
1312 3432 1364 3491 sed

313 3544 345 3592 ut
360 3535 547 3609 intelligentia
560 3533 725 3592 illuminans
739 3550 775 3591 ac
794 3550 917 3591 movens
938 3531 1127 3608 singulariter,
1140 3529 1263 3605 quando
1277 3531 1366 3588 virtus

314 3630 441 3689 hominis
454 3649 473 3688 a
486 3629 684 3689 sensibilibus⁹
694 3640 739 3689 est
752 3631 905 3690 abstracta.
946 3629 1042 3688 Alide
1057 3637 1154 3689 autem
1169 3627 1246 3686 istud
1261 3626 1364 3698 deviat,

314 3745 382 3787 cum
402 3728 499 3786 omnis
519 3727 610 3786 homo
633 3727 669 3786 sit
690 3728 851 3787 secundum
873 3726 1104 3786 intellectivum¹⁰
1124 3725 1206 3785 illum
1226 3734 1364 3801 agentem

346 3947 648 4061 *nnutemhveritatem
642 3947 698 4002 ..ed
711 3961 748 4012 pr
825 3946 955 4012 'speeies]
968 3947 1102 4002 sensusC.
1180 3944 1366 4039 ‘poseium

296 4014 444 4141 *passibilia
457 4015 481 4062 Α
520 4014 541 4064 C
581 4079 592 4108 ι
659 4011 792 4074 ⁴nomine]
804 4028 914 4067 numero.
926 4014 955 4062 C.
968 4012 1006 4062 ed
1019 4028 1055 4077 pr.
1180 4009 1295 4106 κω]
1306 4026 1367 4125 qfiso·

296 4079 445 4225 ωοάἧίἰῇ,
444 4077 488 4192 BA
490 4144 518 4193 Β
520 4146 550 4193 C
608 4077 1059 4217 lnttngicigigtlgtelcloffiglvesslfbeg
1068 4092 1109 4191 ped.
1120 4157 1157 4206 pr.
1227 4075 1367 4192 po{maihstau}-

297 4198 416 4285 ilibus]
430 4208 547 4266 sensibus,
558 4208 596 4258 ed
606 4223 642 4273 pr.
741 4208 760 4239 ¹⁰
775 4207 962 4272 intellectivam]
974 4207 1133 4263 intellectum.
1145 4207 1183 4257 ed.
1195 4222 1232 4271 pr.
