2864 4836
482 401 738 483 JOANNIS
778 402 997 465 WICLIF
1189 429 1268 466 usn.

221 566 295 625 sicut
315 565 408 644 Jonas
429 565 482 625 fuit
501 567 532 624 in
549 576 648 626 ventre
669 565 733 637 ceti,
748 567 791 625 sic
810 567 865 625 erit
877 565 955 626 filius
976 565 1115 626 hominis
1137 569 1168 626 in
1188 576 1270 625 ventre

221 665 337 735 terrae¹,
348 665 405 724 hoc
419 675 463 723 est
475 665 507 723 in
521 665 588 725 loco
602 666 790 724 subterraneo
804 663 998 723 absconditus
1013 675 1046 724 et
1060 665 1210 742 sepultus;
1229 663 1271 721 fnit

221 764 300 821 enim
322 780 373 821 sex
394 763 474 822 horis
495 781 549 840 pro
570 763 617 822 die
639 779 811 840 parasceues
836 762 878 822 sic
902 761 1051 839 sepultus,
1076 773 1107 822 et
1132 782 1187 839 per
1209 762 1268 819 inte

220 878 306 937 grum
320 861 398 919 diem
413 861 526 920 sabbati
540 859 769 938 consequentis¹,
783 868 813 917 et
827 877 879 918 sex
893 859 974 918 horis
987 861 1022 918 in
1037 862 1139 936 prima
1156 858 1270 929 sabban';

221 969 249 1017 et
268 960 310 1017 sic
328 960 419 1018 tribus
438 959 550 1030 diebus,
565 959 631 1018 licet
645 973 712 1018 'non
731 975 783 1035 per
802 958 867 1018 illos
885 967 944 1016 tres
964 956 1040 1028 dies,
1061 958 1118 1016 suit
1138 958 1271 1017 Dominus

221 1057 263 1115 sic
284 1055 422 1133 sepultus.
464 1057 620 1134 Approbat
644 1075 715 1133 ergo
737 1056 869 1116 Christus
892 1055 979 1130 signa
1002 1063 1071 1114 tam
1097 1074 1194 1116 novae
1212 1054 1273 1129 legis

221 1171 311 1230 quam
330 1155 441 1225 veteris,
463 1154 516 1213 sed
537 1155 660 1213 abusum
682 1172 784 1239 eorum
804 1153 865 1214 odit
886 1170 1013 1229 semper.
1061 1153 1193 1230 Oportet
1211 1167 1272 1228 ergo

221 1262 249 1310 te
274 1263 383 1322 notare,
408 1251 490 1327 quod
514 1269 621 1328 corpus
645 1251 751 1312 Christi
778 1253 934 1330 mysticum
958 1267 1015 1327 pro
1040 1261 1182 1329 tempore
1210 1249 1273 1327 legis

221 1350 332 1420 veteris,
352 1359 494 1427 tanquam
512 1349 609 1427 puella
625 1351 748 1428 juvenis,
769 1349 837 1409 suit³
855 1348 946 1426 signis
964 1348 1076 1407 talibus
1096 1348 1274 1409 sensibilibus

221 1446 414 1524 multiplieiter
438 1447 653 1521 instruendum;
685 1449 739 1507 sed
763 1457 910 1508 crescente
934 1444 1082 1506 ecclesiae
1108 1457 1204 1507 aetate
1226 1462 1272 1522 pm

221 1555 353 1620 tempore
373 1545 447 1620 legis
467 1545 575 1620 gratiae
596 1564 659 1604 non
679 1555 724 1605 est
744 1545 782 1604 ad
803 1547 887 1623 sigua
903 1543 1077 1620 hujusmodi
1092 1545 1173 1604 adeo
1185 1554 1270 1604 atten-

151 1705 174 1730 ω
223 1643 361 1701 dendum.
404 1641 476 1701 Ideo
498 1642 654 1702 considero
671 1643 758 1703 hodie
776 1643 892 1702 abarum
910 1642 1043 1718 triplicem
1065 1644 1100 1700 in
1119 1643 1166 1702 his
1184 1642 1273 1718 signi.

100 1746 125 1772 ω
152 1746 179 1771 ¹²¹·
222 1739 324 1798 Prriao
344 1739 425 1816 quod
445 1742 608 1800 serventur*
627 1743 711 1818 signa
731 1742 803 1819 legis
822 1741 925 1801 veteris
947 1756 1024 1816 quae
1044 1758 1085 1798 ex
1107 1740 1272 1799 diffinitione

223 1838 422 1914 apostolorum
442 1856 554 1897 cessare
574 1858 653 1898 nunc
672 1839 805 1911 debeant,
820 1850 852 1897 ut
870 1847 949 1915 patet
963 1837 1021 1896 Act
1035 1856 1084 1896 xv.
1100 1850 1132 1898 et
1153 1840 1184 1897 in
1203 1838 1272 1915 epis·

223 1938 281 1995 tola
309 1936 346 1994 ad
375 1935 503 2007 Galatas,
532 1946 561 1995 et
589 1937 750 2014 specialiter
776 1937 824 1995 illa
852 1938 937 2012 signa
969 1952 1099 2012 quorum
1129 1936 1273 2013 signatum

223 2035 349 2093 anterius
370 2044 413 2093 est
434 2034 574 2110 elapsum.
616 2035 700 2093 Idem
721 2035 801 2094 enim
822 2034 896 2093 foret
917 2034 1001 2110 signa
1022 2033 1088 2110 ipsa
1108 2043 1273 2105 seruare,et

223 2132 419 2190 futuritionem
433 2150 552 2191 suorum
563 2133 744 2209 signatorum
754 2132 906 2192 infideliter
916 2141 1098 2208 exspectare.
1135 2130 1274 2191 &candus

223 2230 331 2288 abusus
345 2231 375 2287 in
391 2231 480 2306 signis
500 2248 553 2306 pro
573 2242 706 2308 tempore
725 2230 796 2308 legis
809 2231 918 2307 gratiae
933 2240 977 2288 est
991 2247 1061 2288 cum
1076 2229 1134 2289 illis
1149 2230 1272 2308 despon-

223 2329 295 2386 satio
310 2328 465 2405 impudica.
507 2328 592 2387 Multi
607 2328 725 2405 quidem
740 2330 777 2388 ad
796 2339 908 2389 tantum
922 2329 968 2387 vel
986 2328 1053 2405 plus
1070 2328 1225 2388 attendunt
1237 2325 1273 2384 ad

223 2427 437 2485 observantiam
452 2429 603 2503 signorum
616 2428 723 2499 fodiem,
738 2446 813 2504 quae
827 2446 888 2486 non
907 2426 1023 2503 exlege
1038 2425 1097 2484 Dei
1111 2426 1169 2486 sed
1184 2425 1273 2505 plam-

223 2526 295 2583 tasia
308 2525 436 2583 humana
451 2526 613 2601 improvide
624 2526 802 2596 ordinantur,
814 2525 895 2602 quod
905 2525 1024 2583 mallent
1037 2524 1233 2602 praevaricari
1245 2522 1272 2580 in

223 2622 366 2699 decalogo
387 2640 477 2698 quam
496 2624 526 2679 in
547 2623 609 2680 illis.
654 2621 765 2689 Tertties
779 2624 886 2682 abusus
905 2633 948 2681 est
962 2622 1111 2681 oneratio⁶
1124 2620 1271 2689 ecelesiae,

223 2738 311 2795 quam
332 2720 463 2778 Christus
483 2721 658 2778 ordinavita
677 2721 767 2797 signis
787 2721 848 2779 istis
868 2739 932 2779 esse
952 2721 1082 2791 liberam,
1098 2721 1188 2779 etiam
1203 2719 1271 2778 ultra

223 2819 439 2876 onerationem⁶
467 2819 626 2894 signorum,
652 2837 710 2895 qua
737 2830 873 2878 onustata
901 2819 952 2877 fuit
976 2818 1102 2877 ecclesia
1126 2814 1272 2894 tempore'

222 2916 325 2974 veteris
339 2918 510 2975 testamenti.
552 2917 590 2974 Et
610 2919 639 2974 in
661 2917 722 2975 istis
743 2917 858 2976 duobus
879 2917 1015 2975 abusibus
1037 2915 1165 2992 religiosi
1186 2913 1271 2973 nostri

222 3016 354 3074 laborant
374 3017 573 3074 communiter.
616 3016 653 3074 Et
672 3026 759 3092 patet,
774 3015 855 3092 quod
874 3016 938 3074 licet
956 3017 997 3074 uti
1016 3016 1116 3090 signis,
1131 3027 1160 3073 et
1181 3014 1271 3091 speci·

222 3114 302 3172 aliter
329 3115 464 3174 institutis
491 3133 509 3173 a
533 3113 658 3185 Christo,
683 3132 751 3172 cum
779 3115 989 3184 moderamine,
1016 3124 1116 3172 tamen
1146 3115 1185 3172 ab
1213 3113 1271 3171 istis

222 3212 311 3270 tribus
326 3213 464 3270 abusibus
482 3212 693 3289 praecavendo
736 3211 812 3270 Cum
833 3230 904 3289 ergo
918 3210 1140 3271 Christus-met⁸
1154 3211 1272 3270 instituit

222 3309 338 3385 signum
358 3309 502 3384 baptismi,
516 3326 604 3384 quare
625 3327 685 3367 non
705 3309 847 3368 debemus
866 3311 961 3385 ipsum
981 3310 1097 3385 signum
1117 3328 1187 3368 cum
1207 3326 1272 3385 pru·

222 3405 336 3465 dentia⁹
357 3407 519 3477 observare,
542 3406 704 3483 specialiter
728 3425 796 3465 cum
817 3406 912 3465 adhuc
936 3408 1053 3465 simus¹⁰
1077 3408 1108 3466 in
1133 3411 1180 3468 via
1204 3412 1273 3469 citra

222 3502 329 3561 claram
350 3504 509 3575 scientiam,
524 3504 555 3562 in
573 3522 631 3580 qua
648 3504 694 3562 via
712 3523 764 3581 per
784 3506 868 3581 signa
886 3504 1054 3581 hujusmodi
1074 3509 1272 3568 necessarium

222 3610 265 3661 est
278 3619 334 3660 nos
349 3602 436 3661 ducii

255 3758 262 3786 ¹
281 3755 453 3819 ceti—terrae]
466 3772 515 3805 om.
528 3759 560 3806 Α.
572 3759 611 3807 ed.
623 3773 659 3822 pr.
791 3758 801 3788 ¹
817 3758 1001 3822 consequentis]
1014 3768 1200 3824 consequenter,
1213 3762 1271 3814 ΒΕ.

222 3821 260 3870 ed.
273 3836 309 3885 pr.
376 3821 459 3886 ³suit]
472 3831 517 3879 est,
530 3823 563 3871 D.
630 3823 791 3887 ‘serventur]
805 3834 937 3880 servantur,
951 3825 1044 3875 ΑΒΕ.
1121 3826 1259 3878 ὀικηιίο

222 3886 361 3944 honoratio,
375 3888 402 3936 B.
501 3889 511 3916 ⁴
528 3888 709 3953 onerationem]
721 3890 911 3952 generationem,
924 3890 957 3938 D.
969 3891 1006 3940 ed.
1017 3906 1053 3954 pr.
1119 3890 1129 3919 ¹
1147 3900 1258 3957 tempore

222 3968 272 4027 om.
284 3952 322 4001 ed.
334 3969 371 4016 pr.
451 3950 472 3979 '⁸
489 3953 675 4018 Christus-met]
688 3955 722 4002 ita
734 3970 819 4004 omnes
831 3955 887 4003 libri
899 3970 973 4004 manu
985 3956 1084 4021 scripti:
1102 3957 1144 4006 i.e.
1158 3957 1269 4008 Christus

221 4033 314 4133 leleimC
326 4083 364 4134 αἱ.
377 4019 463 4149 :mcum
475 4018 616 4083 prudentia]
629 4020 761 4083 prudenter
773 4019 865 4070 A.B.C.
877 4021 915 4070 ed.
928 4036 964 4085 pr.
1042 4023 1062 4052 ¹⁰
1077 4021 1168 4088 simus]
1179 4039 1270 4081 sumus,
