2864 5242
567 442 824 522 JoANNJS
858 440 1071 505 wrcrrr
1257 466 1353 502 m.

298 605 390 681 plioes
418 604 457 664 ad
480 604 707 682 improbandum
732 603 965 683 possibilitatem¹
990 603 1148 664 identitatis
1174 603 1351 682 hujusmodi

300 701 379 762 Nam
397 702 481 781 juxta
494 703 579 763 istam
599 702 784 779 phantasiam
804 702 950 780 quaelibet
967 704 1038 778 pars
1054 702 1247 778 quantitativa
1259 719 1352 780 qnan-

299 801 386 861 titatis
400 803 598 879 permanentis
612 801 657 860 vel
670 802 810 877 temporis
823 810 925 878 posset
938 800 1110 860 identifioari
1130 799 1257 870 cuilibet,
1272 798 1352 879 quod

299 901 396 960 statim
418 900 557 976 probatur
577 916 642 959 esse
663 898 850 977 impossibile.
892 897 973 958 Nam
993 896 1018 958 si
1037 897 1096 957 hoc
1116 897 1296 958 verificatnm
1316 898 1352 959 ait

300 997 338 1057 de
359 997 387 1055 A
407 997 504 1073 pedali
526 997 613 1067 linea,
636 1007 707 1056 tunc
731 996 877 1074 quaelibet
903 997 967 1073 ejus
989 993 1075 1072 pars’
1094 995 1287 1072 quantitativa
1309 1002 1351 1052 eat

299 1093 420 1172 pedalis,
434 1108 464 1156 et
484 1097 588 1155 iterum
602 1094 749 1171 quaelibet
767 1111 993 1171 summe-parva,
1008 1093 1090 1170 qnod
1108 1094 1164 1153 sibi
1183 1093 1240 1170 ipsi
1259 1091 1353 1152 mani·

299 1191 372 1252 leste
394 1192 588 1252 contradicti
631 1192 705 1251 Ideo
726 1192 781 1252 ista
801 1192 905 1269 opinio
926 1191 1119 1252 identificatur
1139 1192 1274 1269 opinioni
1298 1191 1353 1249 im·

298 1290 430 1368 possibili
444 1301 531 1367 atque
544 1289 715 1350 haereticae.
751 1290 790 1349 Et
804 1288 965 1368 conformis
975 1299 1018 1349 est
1032 1289 1106 1349 ratio
1116 1289 1154 1349 de
1163 1297 1308 1367 tempore,
1322 1298 1351 1348 et

299 1387 429 1465 quolibet
448 1388 641 1465 assignand03
670 1406 740 1446 nam
764 1389 788 1448 si
802 1387 830 1446 A
843 1387 1035 1447 identificatur
1054 1386 1087 1458 Β,
1106 1397 1177 1447 tunc
1197 1397 1353 1464 utrumqne

300 1485 414 1545 illorum
428 1496 567 1558 remanet,
582 1503 651 1545 cum
669 1485 847 1545 destructum
865 1502 927 1544 non
946 1482 1138 1544 identificatur
1155 1485 1210 1546 sed
1222 1500 1353 1544 corrom-

300 1584 376 1661 pitur
395 1583 441 1643 vel
461 1582 568 1643 desinit
589 1601 671 1656 esse;
702 1592 732 1642 et
753 1583 777 1642 si
801 1593 957 1659 utrumque
979 1582 1094 1642 illorum
1117 1592 1261 1654 remanet,
1281 1591 1352 1642 tunc

300 1690 413 1740 tantum
438 1680 575 1742 diffenmt
599 1681 674 1741 sicut
697 1680 802 1757 primo,
827 1689 857 1740 et
881 1699 934 1758 per
954 1698 1140 1759 consequens
1162 1680 1301 1741 differunt
1320 1681 1353 1740 in

301 1798 433 1852 numero,
456 1789 486 1842 et
510 1780 552 1841 sic
576 1780 615 1841 ad
639 1798 758 1841 sensum
782 1781 948 1857 expositum
968 1798 1030 1839 non
1050 1791 1118 1839 sunt
1141 1780 1229 1839 idem.
1272 1778 1353 1839 Nam

301 1888 380 1956 patet
405 1878 443 1938 de
463 1878 566 1939 virtute
586 1879 739 1950 sermonis,
761 1878 786 1938 si
809 1887 964 1955 utrumque
984 1878 1100 1937 illorum
1122 1887 1262 1949 remanet,
1282 1887 1354 1938 tnnc

301 1968 350 2036 illa
367 1985 481 2052 ponunt
499 1977 530 2035 in
549 1993 712 2048 numerum,
727 1985 757 2036 et
776 1994 829 2054 per
847 1993 1032 2054 consequens
1051 1976 1237 2036 numeraliter
1251 1975 1355 2036 distin-

301 2082 436 2150 guuntur.
479 2072 615 2134 Similiter
625 2076 649 2134 si
660 2073 756 2151 aliqua
766 2073 979 2133 identificantur
989 2074 1027 2133 ad
1041 2091 1161 2135 sensum
1174 2074 1356 2151 expositum,

302 2181 372 2231 tunc
386 2180 502 2247 oportet
519 2171 600 2249 quod
618 2189 723 2232 omnes
742 2171 921 2231 differentiae
940 2190 1043 2231 eorum
1063 2173 1134 2232 sint‘
1148 2173 1236 2232 etiam
1250 2169 1355 2232 identi-

302 2267 438 2342 ficatae⁸3
465 2268 534 2345 quia
554 2269 700 2347 quaelibet
719 2269 882 2329 differentia
900 2279 1044 2347 repugnat
1062 2269 1112 2329 tali
1125 2269 1356 2341 identificationi,

303 2374 333 2425 et
352 2384 405 2443 per
424 2364 504 2425 idem
523 2367 759 2427 convenientiae‘
780 2366 874 2428 forent
894 2367 1104 2428 identificatae'
1124 2367 1304 2439 differendis,
1325 2377 1357 2427 et

303 2482 350 2524 res
369 2465 457 2524 unius
478 2465 584 2543 speciei
600 2467 641 2524 rei
659 2465 775 2526 alterius
796 2467 912 2543 speciei,
927 2466 1009 2543 quod
1030 2477 1133 2526 notum
1155 2477 1199 2526 est
1219 2465 1356 2527 claudere

304 2564 569 2623 contradictionem
583 2563 613 2621 in
628 2563 767 2622 terminis.

343 2660 466 2720 Alatheo.
508 2660 633 2733 Quietor
642 2661 674 2719 in
684 2662 739 2720 ista
753 2662 865 2720 ratione
879 2660 991 2737 triplici,
1006 2661 1087 2738 quod
1101 2679 1163 2720 non
1177 2649 1275 2739 potest
1288 2679 1355 2722 esse

234 2808 245 2832 ῃ
304 2756 492 2818 identificatio
506 2776 595 2836 quam
610 2759 739 2835 signasti.
784 2757 842 2817 Sed
856 2776 931 2835 rogo
946 2758 1014 2818 tolle
1028 2760 1247 2835 tinpanattbnem,
1263 2759 1355 2837 quae⁸

184 2864 190 2875 ’
304 2872 322 2913 a
349 2855 524 2931 quibusdam
549 2856 797 2933 pseudofratribus
822 2856 889 2914 luit⁰
914 2865 1002 2928 tenta,
1028 2855 1097 2916 sic¹⁰
1120 2857 1253 2917 videlicet
1274 2859 1356 2935 quod

304 2951 404 3011 sicut¹¹
425 2953 591 3013 humanitas
612 2965 641 3013 et
660 2954 794 3014 divinitas
813 2955 843 3012 in
862 2953 979 3014 Christo
997 2966 1065 3014 sunt
1083 2955 1232 3032 utraque¹¹
1250 2957 1356 3016 eadem

305 3068 432 3126 persona
446 3051 545 3123 Verbi,
561 3052 603 3111 sic
617 3054 702 3130 panis
716 3062 745 3111 et
758 3070 866 3129 corpus
880 3052 987 3113 Christi
1001 3065 1069 3112 sunt
1082 3055 1185 3113 virtute
1198 3056 1356 3114 verborum

304 3150 558 3209 sacramentalium
572 3151 652 3209 idem
666 3150 859 3227 suppositum.
902 3151 1025 3211 Videtur
1035 3153 1114 3211 enim
1129 3171 1166 3211 ex
1181 3153 1275 3213 verbis
1290 3153 1355 3223 tuis,

304 3247 385 3322 quod
399 3247 495 3307 innuis
509 3249 595 3308 istam
609 3249 695 3306 viam.

344 3345 508 3405 Phrenesis.
551 3345 623 3405 Sum
638 3355 741 3418 certus,
755 3346 838 3423 quod
856 3347 999 3406 sententia
1016 3348 1071 3407 ista
1091 3349 1299 3425 impanationis
1313 3360 1357 3408 est

304 3443 490 3519 impossibilis
505 3454 592 3521 atque
612 3443 765 3516 haeretica,
780 3451 809 3503 et
826 3455 946 3521 propter
965 3443 1023 3504 hoc
1042 3446 1149 3522 quod¹⁸
1167 3447 1320 3505 tenebatur
1339 3465 1357 3505 a

304 3540 428 3600 multis¹‘
441 3540 689 3618 pseudofratribus
708 3541 774 3619 plus
793 3554 936 3619 suspecta
980 3542 1059 3603 Sicut
1079 3546 1158 3603 enim
1177 3543 1249 3604 est¹⁵
1269 3563 1357 3622 argu·

339 3727 346 3756 ¹
364 3727 566 3806 possibilitatem]
578 3729 813 3806 impossibilitatem,
824 3729 912 3806 edpr.
1045 3796 1050 3806 Ι
1097 3731 1107 3760 ¹
1123 3730 1193 3796 pars]
1204 3747 1255 3781 om.
1266 3731 1306 3782 ed.
1319 3747 1357 3847 ς.

304 3791 315 3886 3
330 3792 590 3921 Ψῗῗζωῖῗὲὼῗῖ]
607 3795 966 3926 iiiimxiiii&
979 3794 1142 3910 3²¹²th
1155 3797 1356 3912 ttttlin·

306 3873 502 3987 coffieqnentilte.
512 3875 601 3989 'eifpn
698 3925 707 3954 ⁷
723 3925 900 3991 identificatae]
910 3877 1045 3982 iden'tifie'g
1052 3926 1091 3976 ed
1102 3942 1140 3991 pr.
1254 3929 1264 3956 ⁸
1280 3942 1344 3991 quae

305 4003 368 4051 quae
379 3996 423 4046 est,
436 3989 464 4038 B.
476 3990 571 4055 primae
581 4005 677 4047 mnus,
688 3989 728 4040 ed.
739 4005 776 4056 pr.
874 3992 884 4020 ⁹
900 3990 959 4056 t'uit]
971 4007 1021 4041 om
1033 3991 1072 4041 ed.
1102 4007 1121 4040 r.
1191 3991 1210 4023 ¹⁰
1225 3991 1273 4057 sic]
1285 3992 1357 4048 sicut.

305 4054 344 4102 ed.
356 4069 392 4118 pr.
524 4054 542 4085 ¹¹
559 4055 634 4120 sicut]
646 4071 696 4106 om
708 4056 747 4106 ed.
759 4072 796 4121 pr.
956 4057 975 4086 ¹¹
990 4008 1105 4122 utraqu&
1118 4063 1200 4108 utrum
1233 4072 1255 4114 e,
1267 4056 1306 4107 ed
1319 4073 1357 4122 pr.

304 4117 421 4247 :daqufl
436 4135 487 4168 om.
502 4119 541 4169 ed.
558 4136 595 4185 pr.
728 4121 746 4152 ¹¹
762 4120 859 4185 multis]
875 4120 966 4180 stultis,
981 4122 1020 4172 td.
1032 4137 1069 4186 pr.
1239 4121 1289 4187 eat]
1306 4138 1357 4174 om.
