<?xml version="1.0" encoding="UTF-8"?>
<!DOCTYPE html PUBLIC "-//W3C//DTD XHTML 1.0 Transitional//EN"
    "http://www.w3.org/TR/xhtml1/DTD/xhtml1-transitional.dtd">
<html xmlns="http://www.w3.org/1999/xhtml" xml:lang="en" lang="en">
 <head>
  <title>
</title>
<meta http-equiv="Content-Type" content="text/html;charset=utf-8" />
  <meta name='ocr-system' content='tesseract 3.04.00' />
  <meta name='ocr-capabilities' content='ocr_page ocr_carea ocr_par ocr_line ocrx_word'/>
</head>
<body>
  <div class='ocr_page' id='page_1' title='image "./trialoguscumsup00lechgoog_0010.png"; bbox 0 0 2864 4836; ppageno 0'>
   <div class='ocr_carea' id='block_1_1' title="bbox 213 1133 1212 1230">
    <p class='ocr_par' dir='ltr' id='par_1_1' title="bbox 213 1133 1212 1230">
     <span class='ocr_line' id='line_1_1' title="bbox 213 1133 1212 1230; baseline 0.002 -24"><span class='ocrx_word' id='word_1_1' title='bbox 213 1133 578 1210; x_wconf 87' lang='lat' dir='ltr'><strong>CONSPECTUS</strong></span> <span class='ocrx_word' id='word_1_2' title='bbox 620 1136 820 1211; x_wconf 87' lang='lat' dir='ltr'>OPERIS</span> <span class='ocrx_word' id='word_1_3' title='bbox 867 1133 1212 1230; x_wconf 82' lang='lat' dir='ltr'><strong>UTRIUSQUE.</strong></span> 
     </span>
    </p>
   </div>
   <div class='ocr_carea' id='block_1_2' title="bbox 137 1402 369 1460">
    <p class='ocr_par' dir='ltr' id='par_1_2' title="bbox 137 1402 369 1460">
     <span class='ocr_line' id='line_1_2' title="bbox 137 1402 369 1460; baseline 0.004 -1"><span class='ocrx_word' id='word_1_4' title='bbox 137 1402 369 1460; x_wconf 69' lang='lat' dir='ltr'>Pnousoouuuu</span> 
     </span>
    </p>
   </div>
   <div class='ocr_carea' id='block_1_3' title="bbox 480 1661 954 1736">
    <p class='ocr_par' dir='ltr' id='par_1_3' title="bbox 480 1661 954 1736">
     <span class='ocr_line' id='line_1_3' title="bbox 480 1661 954 1736; baseline 0.004 -3"><span class='ocrx_word' id='word_1_5' title='bbox 480 1661 954 1736; x_wconf 89' lang='lat' dir='ltr'><strong>TRlALOGUS.</strong></span> 
     </span>
    </p>
   </div>
   <div class='ocr_carea' id='block_1_4' title="bbox 631 1863 794 1922">
    <p class='ocr_par' dir='ltr' id='par_1_4' title="bbox 631 1863 794 1922">
     <span class='ocr_line' id='line_1_4' title="bbox 631 1863 794 1922; baseline 0 0"><span class='ocrx_word' id='word_1_6' title='bbox 631 1863 746 1922; x_wconf 82' lang='lat' dir='ltr'>Lruun</span> <span class='ocrx_word' id='word_1_7' title='bbox 770 1864 794 1922; x_wconf 92' lang='lat' dir='ltr'>I.</span> 
     </span>
    </p>
   </div>
   <div class='ocr_carea' id='block_1_5' title="bbox 651 2019 779 2079">
    <p class='ocr_par' dir='ltr' id='par_1_5' title="bbox 651 2019 779 2079">
     <span class='ocr_line' id='line_1_5' title="bbox 651 2019 779 2079; baseline 0.008 -2"><span class='ocrx_word' id='word_1_8' title='bbox 651 2019 697 2077; x_wconf 84' lang='lat' dir='ltr'>De</span> <span class='ocrx_word' id='word_1_9' title='bbox 710 2020 779 2079; x_wconf 83' lang='lat' dir='ltr'>Deo.</span> 
     </span>
    </p>
   </div>
   <div class='ocr_carea' id='block_1_6' title="bbox 159 2110 1183 2227">
    <p class='ocr_par' dir='ltr' id='par_1_6' title="bbox 159 2110 1183 2227">
     <span class='ocr_line' id='line_1_6' title="bbox 159 2110 197 2139; baseline 0 0"><span class='ocrx_word' id='word_1_10' title='bbox 159 2110 197 2139; x_wconf 74' lang='grc' dir='ltr'>ΛΡ.</span> 
     </span>
     <span class='ocr_line' id='line_1_7' title="bbox 163 2149 1183 2227; baseline 0 -19"><span class='ocrx_word' id='word_1_11' title='bbox 163 2170 187 2208; x_wconf 92' lang='lat' dir='ltr'>r.</span> <span class='ocrx_word' id='word_1_12' title='bbox 210 2149 308 2210; x_wconf 90' lang='lat' dir='ltr'>Deum</span> <span class='ocrx_word' id='word_1_13' title='bbox 323 2167 388 2210; x_wconf 85' lang='lat' dir='ltr'>esse</span> <span class='ocrx_word' id='word_1_14' title='bbox 403 2152 527 2227; x_wconf 86' lang='lat' dir='ltr'><strong>primam</strong></span> <span class='ocrx_word' id='word_1_15' title='bbox 541 2153 674 2211; x_wconf 91' lang='lat' dir='ltr'>omnium</span> <span class='ocrx_word' id='word_1_16' title='bbox 688 2171 784 2211; x_wconf 89' lang='lat' dir='ltr'>rerum</span> <span class='ocrx_word' id='word_1_17' title='bbox 799 2170 918 2211; x_wconf 89' lang='lat' dir='ltr'>causam</span> <span class='ocrx_word' id='word_1_18' title='bbox 996 2197 1001 2211; x_wconf 94' lang='lat'><strong>.</strong></span> <span class='ocrx_word' id='word_1_19' title='bbox 1086 2196 1092 2209; x_wconf 94' lang='lat'><strong>.</strong></span> <span class='ocrx_word' id='word_1_20' title='bbox 1176 2193 1183 2208; x_wconf 91' lang='lat'><strong>.</strong></span> 
     </span>
    </p>
   </div>
   <div class='ocr_carea' id='block_1_7' title="bbox 137 2098 157 2141">
    <p class='ocr_par' dir='ltr' id='par_1_7' title="bbox 137 2098 157 2141">
     <span class='ocr_line' id='line_1_8' title="bbox 137 2098 157 2141; baseline 0 0"><span class='ocrx_word' id='word_1_21' title='bbox 137 2098 157 2141; x_wconf 81' lang='lat' dir='ltr'>C</span> 
     </span>
    </p>
   </div>
   <div class='ocr_carea' id='block_1_8' title="bbox 142 2230 1185 3040">
    <p class='ocr_par' dir='ltr' id='par_1_8' title="bbox 142 2230 1185 3040">
     <span class='ocr_line' id='line_1_9' title="bbox 161 2230 1183 2311; baseline 0 -21"><span class='ocrx_word' id='word_1_22' title='bbox 161 2251 187 2290; x_wconf 90' lang='lat'>2.</span> <span class='ocrx_word' id='word_1_23' title='bbox 211 2230 308 2292; x_wconf 92' lang='lat' dir='ltr'>Deum</span> <span class='ocrx_word' id='word_1_24' title='bbox 322 2233 503 2309; x_wconf 89' lang='lat' dir='ltr'>superiorem</span> <span class='ocrx_word' id='word_1_25' title='bbox 517 2251 582 2292; x_wconf 89' lang='lat' dir='ltr'>esse</span> <span class='ocrx_word' id='word_1_26' title='bbox 596 2234 678 2293; x_wconf 90' lang='lat' dir='ltr'>omni</span> <span class='ocrx_word' id='word_1_27' title='bbox 691 2252 799 2311; x_wconf 84' lang='lat' dir='ltr'>genere</span> <span class='ocrx_word' id='word_1_28' title='bbox 905 2277 912 2291; x_wconf 88' lang='lat'><strong>.</strong></span> <span class='ocrx_word' id='word_1_29' title='bbox 995 2278 1001 2291; x_wconf 91' lang='lat'><strong>.</strong></span> <span class='ocrx_word' id='word_1_30' title='bbox 1086 2278 1092 2291; x_wconf 94' lang='lat'><strong>.</strong></span> <span class='ocrx_word' id='word_1_31' title='bbox 1176 2275 1183 2290; x_wconf 93' lang='lat'><strong>.</strong></span> 
     </span>
     <span class='ocr_line' id='line_1_10' title="bbox 161 2312 698 2391; baseline 0.002 -19"><span class='ocrx_word' id='word_1_32' title='bbox 161 2332 187 2388; x_wconf 80' lang='lat'>3.</span> <span class='ocrx_word' id='word_1_33' title='bbox 210 2312 381 2390; x_wconf 89' lang='lat' dir='ltr'>Disquisitio</span> <span class='ocrx_word' id='word_1_34' title='bbox 395 2314 492 2391; x_wconf 83' lang='lat' dir='ltr'>logica</span> <span class='ocrx_word' id='word_1_35' title='bbox 506 2315 698 2391; x_wconf 88' lang='lat' dir='ltr'>interponitur</span> 
     </span>
     <span class='ocr_line' id='line_1_11' title="bbox 160 2394 1185 2473; baseline -0.002 -20"><span class='ocrx_word' id='word_1_36' title='bbox 160 2416 187 2466; x_wconf 84' lang='lat'>4.</span> <span class='ocrx_word' id='word_1_37' title='bbox 211 2394 302 2466; x_wconf 89' lang='lat' dir='ltr'>Quod</span> <span class='ocrx_word' id='word_1_38' title='bbox 316 2394 397 2454; x_wconf 88' lang='lat' dir='ltr'>Deus</span> <span class='ocrx_word' id='word_1_39' title='bbox 412 2396 448 2453; x_wconf 92' lang='lat' dir='ltr'>sit</span> <span class='ocrx_word' id='word_1_40' title='bbox 462 2395 603 2472; x_wconf 90' lang='lat' dir='ltr'>quidquid</span> <span class='ocrx_word' id='word_1_41' title='bbox 617 2396 720 2455; x_wconf 91' lang='lat' dir='ltr'>melius</span> <span class='ocrx_word' id='word_1_42' title='bbox 734 2406 778 2454; x_wconf 89' lang='lat' dir='ltr'>est</span> <span class='ocrx_word' id='word_1_43' title='bbox 792 2413 856 2455; x_wconf 90' lang='lat' dir='ltr'>esse</span> <span class='ocrx_word' id='word_1_44' title='bbox 871 2414 960 2473; x_wconf 85' lang='lat' dir='ltr'>quam</span> <span class='ocrx_word' id='word_1_45' title='bbox 975 2414 1036 2454; x_wconf 90' lang='lat' dir='ltr'>non</span> <span class='ocrx_word' id='word_1_46' title='bbox 1050 2413 1114 2454; x_wconf 89' lang='lat' dir='ltr'>esse</span> <span class='ocrx_word' id='word_1_47' title='bbox 1179 2438 1185 2451; x_wconf 95' lang='lat'><strong>.</strong></span> 
     </span>
     <span class='ocr_line' id='line_1_12' title="bbox 160 2474 1183 2553; baseline -0.004 -19"><span class='ocrx_word' id='word_1_48' title='bbox 160 2491 188 2550; x_wconf 91' lang='lat'>5.</span> <span class='ocrx_word' id='word_1_49' title='bbox 211 2474 257 2534; x_wconf 93' lang='lat' dir='ltr'>De</span> <span class='ocrx_word' id='word_1_50' title='bbox 271 2477 494 2553; x_wconf 87' lang='lat' dir='ltr'>proprietatibus</span> <span class='ocrx_word' id='word_1_51' title='bbox 508 2476 564 2535; x_wconf 88' lang='lat' dir='ltr'>Dei</span> <span class='ocrx_word' id='word_1_52' title='bbox 631 2517 1183 2535; x_wconf 90' lang='grc'><strong>.......</strong></span> 
     </span>
     <span class='ocr_line' id='line_1_13' title="bbox 160 2555 1184 2616; baseline -0.001 -2"><span class='ocrx_word' id='word_1_53' title='bbox 160 2559 189 2614; x_wconf 85' lang='grc'>6.</span> <span class='ocrx_word' id='word_1_54' title='bbox 211 2555 309 2616; x_wconf 90' lang='lat' dir='ltr'>Deum</span> <span class='ocrx_word' id='word_1_55' title='bbox 324 2575 388 2616; x_wconf 88' lang='lat' dir='ltr'>esse</span> <span class='ocrx_word' id='word_1_56' title='bbox 403 2558 511 2616; x_wconf 88' lang='lat' dir='ltr'>trinum</span> <span class='ocrx_word' id='word_1_57' title='bbox 542 2599 1184 2616; x_wconf 89' lang='grc'><strong>........</strong></span> 
     </span>
     <span class='ocr_line' id='line_1_14' title="bbox 161 2637 1184 2715; baseline 0 -19"><span class='ocrx_word' id='word_1_58' title='bbox 161 2654 188 2712; x_wconf 80' lang='lat'>7.</span> <span class='ocrx_word' id='word_1_59' title='bbox 212 2637 293 2696; x_wconf 90' lang='lat' dir='ltr'>Num</span> <span class='ocrx_word' id='word_1_60' title='bbox 307 2640 415 2697; x_wconf 68' lang='lat' dir='ltr'>ratione</span> <span class='ocrx_word' id='word_1_61' title='bbox 429 2639 620 2698; x_wconf 86' lang='lat' dir='ltr'>demonstrari</span> <span class='ocrx_word' id='word_1_62' title='bbox 635 2641 736 2715; x_wconf 85' lang='lat' dir='ltr'>possit,</span> <span class='ocrx_word' id='word_1_63' title='bbox 751 2638 849 2697; x_wconf 91' lang='lat' dir='ltr'>Deum</span> <span class='ocrx_word' id='word_1_64' title='bbox 865 2656 930 2698; x_wconf 86' lang='lat' dir='ltr'>esse</span> <span class='ocrx_word' id='word_1_65' title='bbox 940 2639 1048 2697; x_wconf 88' lang='lat' dir='ltr'>trinum</span> <span class='ocrx_word' id='word_1_66' title='bbox 1087 2683 1093 2695; x_wconf 94' lang='lat'><strong>.</strong></span> <span class='ocrx_word' id='word_1_67' title='bbox 1177 2681 1184 2696; x_wconf 93' lang='lat'><strong>.</strong></span> 
     </span>
     <span class='ocr_line' id='line_1_15' title="bbox 160 2718 344 2779; baseline 0.011 -2"><span class='ocrx_word' id='word_1_68' title='bbox 160 2722 187 2777; x_wconf 93' lang='lat'>8.</span> <span class='ocrx_word' id='word_1_69' title='bbox 210 2718 256 2779; x_wconf 90' lang='lat' dir='ltr'>De</span> <span class='ocrx_word' id='word_1_70' title='bbox 271 2720 344 2779; x_wconf 88' lang='lat' dir='ltr'>ideis</span> 
     </span>
     <span class='ocr_line' id='line_1_16' title="bbox 160 2801 623 2876; baseline -0.004 -15"><span class='ocrx_word' id='word_1_71' title='bbox 160 2821 188 2876; x_wconf 90' lang='lat'>9.</span> <span class='ocrx_word' id='word_1_72' title='bbox 210 2801 343 2873; x_wconf 86' lang='lat' dir='ltr'>Quarum</span> <span class='ocrx_word' id='word_1_73' title='bbox 357 2819 454 2860; x_wconf 89' lang='lat' dir='ltr'>rerum</span> <span class='ocrx_word' id='word_1_74' title='bbox 469 2802 526 2860; x_wconf 92' lang='lat' dir='ltr'>sint</span> <span class='ocrx_word' id='word_1_75' title='bbox 540 2802 623 2860; x_wconf 92' lang='lat' dir='ltr'>ideae</span> 
     </span>
     <span class='ocr_line' id='line_1_17' title="bbox 142 2881 1169 2959; baseline 0.001 -19"><span class='ocrx_word' id='word_1_76' title='bbox 142 2901 188 2941; x_wconf 83' lang='grc' dir='ltr'>ιο.</span> <span class='ocrx_word' id='word_1_77' title='bbox 211 2881 269 2941; x_wconf 92' lang='lat' dir='ltr'>Dei</span> <span class='ocrx_word' id='word_1_78' title='bbox 283 2883 444 2941; x_wconf 85' lang='lat' dir='ltr'>intellectus</span> <span class='ocrx_word' id='word_1_79' title='bbox 459 2892 487 2941; x_wconf 93' lang='lat' dir='ltr'>et</span> <span class='ocrx_word' id='word_1_80' title='bbox 502 2884 773 2959; x_wconf 69' lang='lat' dir='ltr'>potentissumis,</span> <span class='ocrx_word' id='word_1_81' title='bbox 789 2901 864 2959; x_wconf 89' lang='lat' dir='ltr'>quae</span> <span class='ocrx_word' id='word_1_82' title='bbox 878 2892 954 2953; x_wconf 89' lang='lat' dir='ltr'>sunt,</span> <span class='ocrx_word' id='word_1_83' title='bbox 970 2883 1169 2959; x_wconf 80' lang='lat' dir='ltr'>adaequantur</span> 
     </span>
     <span class='ocr_line' id='line_1_18' title="bbox 143 2963 1183 3040; baseline -0.002 -19"><span class='ocrx_word' id='word_1_84' title='bbox 143 2982 187 3022; x_wconf 81' lang='grc' dir='ltr'>ιι.</span> <span class='ocrx_word' id='word_1_85' title='bbox 211 2963 282 3022; x_wconf 94' lang='lat' dir='ltr'>Non</span> <span class='ocrx_word' id='word_1_86' title='bbox 296 2982 361 3023; x_wconf 85' lang='lat' dir='ltr'>esse</span> <span class='ocrx_word' id='word_1_87' title='bbox 376 2981 546 3040; x_wconf 86' lang='lat' dir='ltr'>processum</span> <span class='ocrx_word' id='word_1_88' title='bbox 561 2964 705 3023; x_wconf 88' lang='lat' dir='ltr'>infinitum</span> <span class='ocrx_word' id='word_1_89' title='bbox 720 2965 750 3022; x_wconf 91' lang='lat' dir='ltr'>in</span> <span class='ocrx_word' id='word_1_90' title='bbox 761 2964 834 3023; x_wconf 89' lang='lat' dir='ltr'>ideis</span> <span class='ocrx_word' id='word_1_91' title='bbox 904 3010 910 3022; x_wconf 90' lang='lat'><strong>.</strong></span> <span class='ocrx_word' id='word_1_92' title='bbox 995 3009 1001 3023; x_wconf 90' lang='lat'><strong>.</strong></span> <span class='ocrx_word' id='word_1_93' title='bbox 1085 3009 1091 3021; x_wconf 91' lang='lat'><strong>.</strong></span> <span class='ocrx_word' id='word_1_94' title='bbox 1177 3007 1183 3019; x_wconf 95' lang='lat'><strong>.</strong></span> 
     </span>
    </p>
   </div>
   <div class='ocr_carea' id='block_1_9' title="bbox 615 3235 807 3453">
    <p class='ocr_par' dir='ltr' id='par_1_9' title="bbox 615 3235 807 3453">
     <span class='ocr_line' id='line_1_19' title="bbox 615 3235 807 3294; baseline 0.005 -1"><span class='ocrx_word' id='word_1_95' title='bbox 615 3235 746 3293; x_wconf 78' lang='lat' dir='ltr'>Lruuu</span> <span class='ocrx_word' id='word_1_96' title='bbox 767 3236 807 3294; x_wconf 92' lang='lat'>11.</span> 
     </span>
     <span class='ocr_line' id='line_1_20' title="bbox 629 3394 795 3453; baseline 0.006 -1"><span class='ocrx_word' id='word_1_97' title='bbox 629 3394 676 3452; x_wconf 84' lang='lat' dir='ltr'>De</span> <span class='ocrx_word' id='word_1_98' title='bbox 689 3397 795 3453; x_wconf 84' lang='lat' dir='ltr'>mundo.</span> 
     </span>
    </p>
   </div>
   <div class='ocr_carea' id='block_1_10' title="bbox 158 3543 1284 4269">
    <p class='ocr_par' dir='ltr' id='par_1_10' title="bbox 164 3543 1183 3603">
     <span class='ocr_line' id='line_1_21' title="bbox 164 3543 1183 3603; baseline 0.001 -2"><span class='ocrx_word' id='word_1_99' title='bbox 164 3563 188 3601; x_wconf 92' lang='lat'>1.</span> <span class='ocrx_word' id='word_1_100' title='bbox 211 3543 257 3602; x_wconf 90' lang='lat' dir='ltr'>De</span> <span class='ocrx_word' id='word_1_101' title='bbox 273 3546 382 3603; x_wconf 84' lang='lat' dir='ltr'>unitate</span> <span class='ocrx_word' id='word_1_102' title='bbox 396 3543 499 3601; x_wconf 89' lang='lat' dir='ltr'>mundi</span> <span class='ocrx_word' id='word_1_103' title='bbox 539 3586 1183 3602; x_wconf 90' lang='grc'><strong>........</strong></span> 
     </span>
    </p>

    <p class='ocr_par' dir='ltr' id='par_1_11' title="bbox 163 3623 1182 3701">
     <span class='ocr_line' id='line_1_22' title="bbox 163 3623 1182 3701; baseline 0.002 -19"><span class='ocrx_word' id='word_1_104' title='bbox 163 3644 189 3682; x_wconf 86' lang='lat'>2.</span> <span class='ocrx_word' id='word_1_105' title='bbox 210 3623 256 3683; x_wconf 90' lang='lat' dir='ltr'>De</span> <span class='ocrx_word' id='word_1_106' title='bbox 271 3625 446 3695; x_wconf 85' lang='lat' dir='ltr'>aeternitate,</span> <span class='ocrx_word' id='word_1_107' title='bbox 461 3642 543 3694; x_wconf 90' lang='lat' dir='ltr'>aevo,</span> <span class='ocrx_word' id='word_1_108' title='bbox 557 3635 689 3701; x_wconf 88' lang='lat' dir='ltr'>tempore</span> <span class='ocrx_word' id='word_1_109' title='bbox 722 3667 1182 3684; x_wconf 90' lang='grc'><strong>......</strong></span> 
     </span>
    </p>

    <p class='ocr_par' dir='ltr' id='par_1_12' title="bbox 161 3704 1182 3782">
     <span class='ocr_line' id='line_1_23' title="bbox 161 3704 1182 3782; baseline 0.002 -19"><span class='ocrx_word' id='word_1_110' title='bbox 161 3725 189 3780; x_wconf 83' lang='lat'>3.</span> <span class='ocrx_word' id='word_1_111' title='bbox 211 3704 257 3764; x_wconf 89' lang='lat' dir='ltr'>De</span> <span class='ocrx_word' id='word_1_112' title='bbox 271 3706 486 3782; x_wconf 86' lang='lat' dir='ltr'>compositione</span> <span class='ocrx_word' id='word_1_113' title='bbox 500 3724 596 3764; x_wconf 89' lang='lat' dir='ltr'>rerum</span> <span class='ocrx_word' id='word_1_114' title='bbox 611 3715 772 3764; x_wconf 87' lang='lat' dir='ltr'>creatarum</span> <span class='ocrx_word' id='word_1_115' title='bbox 811 3749 1182 3765; x_wconf 88' lang='grc'><strong>.....</strong></span> 
     </span>
    </p>

    <p class='ocr_par' dir='ltr' id='par_1_13' title="bbox 160 3786 443 3864">
     <span class='ocr_line' id='line_1_24' title="bbox 160 3786 443 3864; baseline -0.004 -18"><span class='ocrx_word' id='word_1_116' title='bbox 160 3806 188 3858; x_wconf 89' lang='lat'>4.</span> <span class='ocrx_word' id='word_1_117' title='bbox 213 3786 335 3846; x_wconf 88' lang='lat' dir='ltr'>Materia</span> <span class='ocrx_word' id='word_1_118' title='bbox 348 3789 443 3864; x_wconf 88' lang='lat' dir='ltr'>prima</span> 
     </span>
    </p>

    <p class='ocr_par' dir='ltr' id='par_1_14' title="bbox 160 3867 1181 3941">
     <span class='ocr_line' id='line_1_25' title="bbox 160 3867 1181 3941; baseline 0.002 -15"><span class='ocrx_word' id='word_1_119' title='bbox 160 3883 188 3941; x_wconf 89' lang='lat'>5.</span> <span class='ocrx_word' id='word_1_120' title='bbox 211 3867 257 3926; x_wconf 91' lang='lat' dir='ltr'>De</span> <span class='ocrx_word' id='word_1_121' title='bbox 271 3869 392 3927; x_wconf 67' lang='lat' dir='ltr'>homiui*</span> <span class='ocrx_word' id='word_1_122' title='bbox 406 3869 504 3927; x_wconf 90' lang='lat' dir='ltr'>anima</span> <span class='ocrx_word' id='word_1_123' title='bbox 517 3869 690 3927; x_wconf 89' lang='lat' dir='ltr'>intellectiva</span> <span class='ocrx_word' id='word_1_124' title='bbox 704 3880 732 3927; x_wconf 88' lang='lat' dir='ltr'>et</span> <span class='ocrx_word' id='word_1_125' title='bbox 747 3869 909 3928; x_wconf 87' lang='lat' dir='ltr'>sensitiva.</span> <span class='ocrx_word' id='word_1_126' title='bbox 993 3912 1000 3927; x_wconf 91' lang='lat'><strong>.</strong></span> <span class='ocrx_word' id='word_1_127' title='bbox 1083 3914 1090 3926; x_wconf 94' lang='lat'><strong>.</strong></span> <span class='ocrx_word' id='word_1_128' title='bbox 1174 3912 1181 3928; x_wconf 96' lang='lat'><strong>.</strong></span> 
     </span>
    </p>

    <p class='ocr_par' dir='ltr' id='par_1_15' title="bbox 159 3949 1284 4189">
     <span class='ocr_line' id='line_1_26' title="bbox 159 3949 1284 4027; baseline 0.002 -20"><span class='ocrx_word' id='word_1_129' title='bbox 159 3952 188 4007; x_wconf 89' lang='lat'>6.</span> <span class='ocrx_word' id='word_1_130' title='bbox 210 3949 257 4009; x_wconf 89' lang='lat' dir='ltr'>De</span> <span class='ocrx_word' id='word_1_131' title='bbox 271 3952 392 4010; x_wconf 88' lang='lat' dir='ltr'>cerebro</span> <span class='ocrx_word' id='word_1_132' title='bbox 407 3960 435 4009; x_wconf 87' lang='lat' dir='ltr'>et</span> <span class='ocrx_word' id='word_1_133' title='bbox 449 3951 582 4010; x_wconf 86' lang='lat' dir='ltr'>sensibus</span> <span class='ocrx_word' id='word_1_134' title='bbox 596 3961 656 4009; x_wconf 87' lang='lat' dir='ltr'>tam</span> <span class='ocrx_word' id='word_1_135' title='bbox 670 3951 789 4010; x_wconf 89' lang='lat' dir='ltr'>internis</span> <span class='ocrx_word' id='word_1_136' title='bbox 804 3968 893 4027; x_wconf 88' lang='lat' dir='ltr'>quam</span> <span class='ocrx_word' id='word_1_137' title='bbox 908 3951 1035 4010; x_wconf 83' lang='lat' dir='ltr'>externis</span> <span class='ocrx_word' id='word_1_138' title='bbox 1085 3993 1091 4006; x_wconf 92' lang='lat'><strong>.</strong></span> <span class='ocrx_word' id='word_1_139' title='bbox 1175 3992 1182 4006; x_wconf 92' lang='lat'><strong>.</strong></span> <span class='ocrx_word' id='word_1_140' title='bbox 1245 3967 1284 4025; x_wconf 81' lang='lat'>93</span> 
     </span>
     <span class='ocr_line' id='line_1_27' title="bbox 160 4031 1283 4104; baseline -0.001 -14"><span class='ocrx_word' id='word_1_141' title='bbox 160 4045 187 4104; x_wconf 83' lang='grc'>7.</span> <span class='ocrx_word' id='word_1_142' title='bbox 210 4031 256 4090; x_wconf 91' lang='lat' dir='ltr'>De</span> <span class='ocrx_word' id='word_1_143' title='bbox 271 4033 485 4091; x_wconf 87' lang='lat' dir='ltr'>sensationibus</span> <span class='ocrx_word' id='word_1_144' title='bbox 537 4073 1182 4090; x_wconf 90' lang='grc'><strong>........</strong></span> <span class='ocrx_word' id='word_1_145' title='bbox 1246 4044 1283 4104; x_wconf 82' lang='lat'>97</span> 
     </span>
     <span class='ocr_line' id='line_1_28' title="bbox 159 4112 614 4189; baseline 0.004 -19"><span class='ocrx_word' id='word_1_146' title='bbox 159 4115 186 4170; x_wconf 91' lang='lat'>8.</span> <span class='ocrx_word' id='word_1_147' title='bbox 209 4112 256 4172; x_wconf 91' lang='lat' dir='ltr'>De</span> <span class='ocrx_word' id='word_1_148' title='bbox 269 4113 483 4173; x_wconf 69' lang='lat' dir='ltr'>immortalitate</span> <span class='ocrx_word' id='word_1_149' title='bbox 498 4114 614 4189; x_wconf 85' lang='lat' dir='ltr'>spiritus</span> 
     </span>
    </p>

    <p class='ocr_par' dir='ltr' id='par_1_16' title="bbox 158 4193 1284 4269">
     <span class='ocr_line' id='line_1_29' title="bbox 158 4193 1284 4269; baseline -0.003 -15"><span class='ocrx_word' id='word_1_150' title='bbox 158 4213 187 4269; x_wconf 89' lang='lat'>9.</span> <span class='ocrx_word' id='word_1_151' title='bbox 209 4193 256 4254; x_wconf 89' lang='lat' dir='ltr'>De</span> <span class='ocrx_word' id='word_1_152' title='bbox 270 4195 417 4255; x_wconf 86' lang='lat' dir='ltr'>intellectu</span> <span class='ocrx_word' id='word_1_153' title='bbox 432 4205 461 4254; x_wconf 93' lang='lat' dir='ltr'>et</span> <span class='ocrx_word' id='word_1_154' title='bbox 474 4195 621 4255; x_wconf 86' lang='lat' dir='ltr'>voluntate</span> <span class='ocrx_word' id='word_1_155' title='bbox 636 4195 762 4254; x_wconf 90' lang='lat' dir='ltr'>hominis</span> <span class='ocrx_word' id='word_1_156' title='bbox 811 4237 1182 4252; x_wconf 92' lang='lat'><strong>.....</strong></span> <span class='ocrx_word' id='word_1_157' title='bbox 1229 4208 1284 4267; x_wconf 89' lang='lat'>105</span> 
     </span>
    </p>
   </div>
   <div class='ocr_carea' id='block_1_11' title="bbox 0 0 1436 4836">
    <p class='ocr_par' dir='ltr' id='par_1_17' title="bbox 0 0 1436 4836">
     <span class='ocr_line' id='line_1_30' title="bbox 0 0 1436 4836; baseline 0 3"><span class='ocrx_word' id='word_1_158' title='bbox 0 0 1436 4836; x_wconf 95' lang='lat' dir='ltr'> </span> 
     </span>
    </p>
   </div>
  </div>
 </body>
</html>
