2864 4836
136 442 231 487 canta
501 423 843 487 TRIALOGUS.

138 587 266 646 strictius
280 587 408 665 obligati,
423 588 491 665 quia
509 588 590 664 quod
609 588 734 664 amplius
754 599 806 659 est,
821 589 930 648 nedum
945 587 1054 647 amalo
1074 599 1125 658 est,
1141 588 1194 647 sed

138 686 216 761 sapit
237 686 383 745 avaritiam
407 697 436 744 et
460 687 580 762 exponit
604 687 743 762 cupidum
767 687 897 763 periculo
922 688 1069 763 spirituali.
1113 687 1192 746 Nam

136 783 213 859 'quid
227 782 302 841 valet
315 783 385 843 illud
399 784 480 860 quod
494 795 633 860 superest,
648 802 715 843 cum
730 803 791 843 non
810 785 929 861 prodest
946 785 1061 861 corpori
1076 794 1193 844 mortuo

140 880 173 939 in
194 881 348 957 sepulchro
366 900 422 941 nec
439 883 562 955 animae,
579 883 633 942 nisi
648 882 685 941 de
706 894 816 959 quanto
832 883 885 941 sibi
907 883 1035 959 proderit
1056 883 1093 942 ad
1108 882 1193 941 meri-

139 987 204 1038 tum
219 979 278 1038 sive
291 980 444 1038 virtutem?

181 1074 317 1134 Pseustr's.
360 1076 456 1136 Video
464 1078 545 1154 quod
555 1078 662 1154 allegas
671 1080 843 1155 scriptruam
854 1081 1003 1156 antiquam
1013 1080 1192 1156 conuptam¹
1290 1100 1318 1166 αξ

139 1183 230 1251 atque
257 1174 441 1235 falsissimam
469 1185 498 1235 et
526 1176 667 1235 dotationi
694 1178 873 1252 approbatae
902 1178 1096 1249 contrariam;
1129 1178 1194 1254 quis

134 1273 222 1332 'enim
235 1273 347 1331 dubitat
360 1274 432 1349 quin
446 1273 550 1333 falsum
564 1275 609 1344 sit,
623 1274 704 1351 quod
718 1275 789 1333 nihil
802 1274 950 1333 intulimus
965 1275 995 1331 in
1014 1274 1093 1334 hunc
1107 1294 1192 1332 mun-

139 1369 223 1442 dum,
237 1389 304 1430 cum
319 1382 429 1430 certum
444 1374 487 1443 sit,
500 1371 580 1449 quod
594 1390 699 1431 omnes
713 1372 857 1447 potentias
872 1374 986 1431 animae
1001 1382 1117 1431 nostrae
1131 1391 1193 1432 non
1302 1361 1309 1374 ⁸

138 1469 305 1547 organicas,
319 1479 348 1529 et
360 1488 414 1547 per
426 1487 612 1546 consequens
622 1472 737 1528 virtutes
752 1468 895 1529 naturales
909 1469 1057 1529 intulimus
1071 1470 1101 1528 in
1115 1470 1193 1529 hunc

140 1554 308 1627 mundum?
343 1566 441 1639 Quam
453 1567 557 1626 falsum
568 1586 639 1645 ergo
650 1578 693 1627 est
707 1568 788 1645 quod
802 1568 872 1626 nihil
886 1568 1051 1626 intulimus!
1083 1567 1121 1627 Et
1135 1568 1193 1626 evi·

138 1663 258 1723 dentius
271 1663 344 1723 falsa
357 1673 401 1723 est
419 1666 537 1724 secunda
555 1665 695 1742 particula
712 1673 808 1724 textus
827 1664 952 1741 apostoli
967 1682 1057 1741 quam
1077 1663 1193 1739 allegas,

140 1759 261 1831 scilicet,
275 1760 356 1838 quod
377 1779 439 1820 non
463 1763 584 1821 dubium
606 1762 675 1822 nihil
697 1762 781 1821 inde²
801 1761 911 1820 auferre
933 1760 1114 1838 possumus³,
1131 1771 1194 1819 tum

137 1858 212 1935 'quia
222 1858 367 1935 potentias
377 1861 521 1919 naturales
531 1861 646 1919 animae
658 1858 770 1917 auferre
781 1876 937 1935 possumus
949 1859 986 1917 de
1000 1858 1058 1916 hoe
1072 1858 1193 1928 mundo,

136 1957 174 2016 in
194 1957 300 2033 qulbus
321 1956 482 2016 secundum
497 1969 578 2016 tuum
598 1957 747 2016 arbitrium
767 1957 1015 2033 praemiabimur‘,
1030 1955 1075 2014 vel
1088 1955 1112 2013 si
1126 1972 1193 2014 nos·

140 2064 221 2114 trum
238 2053 410 2112 demeritum
430 2055 535 2131 exiget,
556 2054 733 2131 punicum,
755 2064 817 2112 tum
838 2054 926 2114 etiam
945 2054 1014 2130 quia
1032 2053 1194 2112 secundum

141 2151 235 2211 fidem
258 2162 391 2210 nostram
412 2158 519 2229 ‘opera
543 2152 658 2210 illorum
682 2162 841 2228 sequuntur
863 2149 962 2221 illos⁶,'
985 2162 1013 2209 et
1034 2151 1076 2209 sie
1093 2150 1195 2209 merita

141 2250 204 2309 sive
229 2248 369 2307 demerita
393 2249 504 2309 auferre
528 2266 685 2325 possumus
710 2250 747 2308 de
771 2249 829 2308 hoc
851 2249 970 2308 mundo.
1012 2247 1051 2307 Et
1071 2265 1132 2324 quo
1156 2247 1195 2306 ad

141 2347 255 2406 tertiam
276 2347 445 2423 particulam
471 2356 566 2406 textus
590 2346 723 2423 apostoli,
745 2347 826 2422 quod
847 2346 987 2405 habentes
1008 2345 1145 2405 alimenta
1167 2355 1195 2403 et

141 2445 328 2522 tegumenta⁷
355 2443 392 2504 de
420 2444 473 2504 illis
501 2444 643 2503 debemus
676 2444 714 2502 ad
744 2445 905 2503 maximum
933 2446 1102 2512 contentari,
1130 2443 1196 2518 quis

142 2542 257 2603 dubitat
277 2543 347 2619 quin
361 2543 481 2602 verbum
502 2542 571 2600 illud
586 2542 622 2600 sit
636 2540 792 2616 insipidum
812 2551 842 2600 et
862 2540 1010 2611 incultum,
1021 2542 1115 2615 pruno
1129 2539 1197 2614 quia

142 2640 184 2701 de
197 2641 375 2699 naturalibus
389 2640 526 2716 potentiis
545 2639 660 2698 animae
679 2648 707 2696 et
727 2638 764 2697 de
783 2638 929 2699 habitibus
943 2638 984 2697 eis
1001 2638 1093 2696 insitis
1107 2636 1196 2695 debe-

142 2756 212 2799 mus
233 2737 355 2814 amplius
376 2737 557 2796 contentari?
599 2736 674 2807 Quis
695 2736 807 2795 dubitat
827 2737 898 2813 quin
919 2737 1040 2795 verbum
1061 2734 1132 2794 illud
1156 2755 1197 2792 se-

142 2836 234 2896 cundo
247 2836 284 2894 sit
296 2835 410 2906 falsum,
425 2836 543 2911 quiade
558 2836 667 2895 meritis
680 2837 794 2907 nostris,
809 2838 884 2912 quae
899 2853 961 2895 non
975 2845 1042 2894 sunt
1061 2835 1199 2894 alimenta

143 2932 192 2993 vel
205 2942 382 3009 tegumenta,
394 2932 535 2993 debemus
549 2933 746 2994 contentari⁸i
786 2932 879 2992 Tertio
889 2934 965 3010 quia,
978 2951 1045 2993 cum
1060 2933 1198 2991 alimenta

143 3031 200 3093 ista
213 3041 243 3089 et
256 3040 424 3106 tegumenta
438 3048 500 3089 non
514 3031 572 3089 sint
586 3032 672 3089 nobis
686 3031 771 3091 finale
790 3032 960 3107 praemium,
976 3049 1038 3088 non
1058 3030 1200 3089 debemus

144 3139 214 3190 ante
233 3129 435 3189 executionem
454 3129 528 3188 illius
548 3131 668 3206 praemii
680 3131 811 3207 finaliter
825 3130 994 3189 contentari.
1036 3127 1074 3188 Et
1095 3127 1199 3198 ulaine,

144 3245 216 3289 cum
229 3244 318 3286 nemo
332 3227 368 3286 sit
382 3227 512 3304 prudens
524 3228 574 3303 qui
589 3227 658 3285 nihil
673 3226 760 3287 habet
774 3246 843 3304 prae
857 3228 992 3285 manibus
1006 3225 1088 3302 quod
1102 3225 1199 3301 ipsum

145 3343 209 3385 non
224 3333 303 3401 tegat
316 3324 361 3384 vel
380 3326 493 3395 nutriat,
508 3342 571 3383 non
590 3325 731 3383 debemus
752 3325 914 3401 adaequate
934 3324 970 3382 de
990 3322 1043 3381 illis
1058 3322 1200 3378 alimentis

144 3433 175 3482 et
197 3423 371 3499 tegumentis
391 3423 422 3480 in
442 3420 500 3481 hoc
520 3422 618 3481 seculo
636 3423 806 3480 contentari.
848 3419 929 3492 Quid
949 3417 1038 3495 rogo⁹
1058 3417 1133 3475 valet
1152 3416 1201 3476 illa

145 3530 285 3598 corrupta
299 3520 442 3580 sententia
455 3530 550 3579 textus
564 3520 689 3595 apostoli
704 3536 792 3595 quarn
806 3517 934 3593 allegas?

188 3618 352 3677 Phroneszr.
396 3617 492 3677 Video
520 3618 601 3693 quod
627 3616 757 3692 captiose
782 3616 876 3674 latitas
900 3613 938 3673 ad
965 3614 1200 3691 impugnandum
1234 3639 1316 3703 eam

144 3727 259 3779 ternam
269 3717 337 3775 fidei
347 3717 504 3792 scripturae
515 3733 605 3791 quem
619 3732 680 3773 non
691 3713 833 3789 intelligis.
877 3713 949 3772 ldeo
964 3713 1090 3789 primum
1105 3713 1200 3772 discas

181 3934 190 3963 ¹
207 3930 362 3996 corruptam]
370 3930 516 3995 scripturam
523 3936 673 3995 corruptam.
684 3931 713 3980 C.
723 3931 844 3980 secundae
853 3946 948 3985 manus,
955 3930 992 3978 ed.
1002 3945 1038 3993 pr.
1104 3927 1114 3956 ¹
1130 3927 1200 3992 inde]

146 4013 199 4049 om.
218 3996 312 4047 ΑΜ.
377 3995 546 4060 'possumus]
564 4011 695 4060 possumus
714 3996 745 4044 de
765 3996 812 4044 hoc
829 3995 930 4050 mundo,
949 3993 1041 4043 ΑΒΕ.
1107 3992 1118 4022 ¹
1151 4008 1202 4042 rae·

147 4060 564 4126 miabtmur]praemiabuntur.ed.
577 4077 614 4125 pr.
783 4059 949 4124 ⁶puniemur]
962 4058 1101 4123 punientur,
1146 4075 1201 4123 .pr.

147 4127 243 4178 ‘eid
312 4128 359 4176 adv.
371 4139 409 4188 13.
515 4125 732 4190 ⁷ettegumentu]
745 4141 793 4175 om.
806 4126 900 4174 A.B.C.
914 4124 952 4173 ed.
965 4140 1001 4189 pr.
1117 4123 1201 4174 ⁸con·

150 4142 359 4257 tenuriffirius
370 4192 515 4248 contentari.
526 4191 565 4241 ed.
576 4207 613 4256 pr.
711 4191 722 4219 ⁰
739 4191 813 4255 rogo]
825 4205 893 4254 ergo,
906 4189 938 4237 D.

192 4293 373 4335 calamuus.
674 4291 693 4331 0
