2864 5242
10 23 1356 333 u

60 854 158 890 caum
253 868 255 871 ·
414 833 765 897 TRIALOGUS.
1195 850 1259 916 309

57 989 113 1049 fuit
140 994 182 1052 eis
208 994 389 1069 gratissimus
416 996 533 1055 indubie
561 1007 681 1072 propter
708 995 853 1054 servitium
880 995 1109 1070 rependendum.

58 1086 122 1147 Sex
137 1101 234 1148 autem
242 1093 435 1168 gratitudiites
454 1094 611 1170 aliquando
630 1093 735 1170 collegi
749 1111 785 1152 ex
801 1093 859 1151 fide
873 1094 1022 1169 evangelii,
1038 1111 1111 1169 quas
1146 1101 1304 1177 ffl‘gfflfflt

58 1185 208 1247 Christus¹
224 1190 351 1249 dominis
366 1193 575 1268 temporalibus
586 1192 767 1250 ostendebat
802 1189 906 1247 Priino
920 1190 1000 1266 quod
1012 1189 1110 1248 Chris·
1146 1184 1283 1258 igffissffl.

56 1295 114 1354 tus,
132 1287 182 1361 qui
203 1296 246 1345 est
259 1286 407 1347 Dominus
428 1290 568 1365 temporis
590 1289 689 1365 etqui
711 1289 852 1364 potuisset
876 1289 956 1347 nasci
977 1288 1111 1364 quando·
1145 1265 1290 1340 ffipaconn-

56 1400 175 1460 cunque
185 1386 313 1455 voluerit,
322 1386 410 1463 elegit
419 1388 501 1445 nasci
511 1386 630 1463 quando
642 1387 736 1462 magis
746 1385 843 1444 floruit
853 1386 1016 1445 dominium
1028 1403 1111 1444 secu-

56 1480 126 1552 lare,
141 1491 173 1539 ut
186 1482 281 1558 patet¹
295 1482 393 1542 Lucae
409 1484 435 1542 ii.
448 1502 454 1542 :
477 1486 562 1542 ‘exiit
576 1485 703 1543 edictum
718 1503 735 1542 a
750 1483 876 1542 Caesare
891 1484 1044 1559 Augusto,’
1056 1494 1111 1542 etc.

56 1575 182 1636 Secundo
206 1581 275 1655 quia
300 1579 430 1639 Christus
458 1581 600 1658 potuisset
625 1581 777 1652 dominari,
803 1582 827 1639 si
852 1581 998 1650 voluisset,
1023 1599 1111 1658 supra

56 1677 160 1733 omnia
186 1695 277 1753 regna
305 1677 415 1749 muudi,
440 1678 532 1736 noluit
556 1680 587 1736 in
612 1679 734 1736 minimo
760 1677 921 1736 diminuere
949 1677 1113 1736 dominium

56 1773 197 1844 seculare,
213 1792 280 1832 cum
296 1774 400 1835 Matth.
415 1776 471 1834 viii.
491 1777 640 1857 scribitur:
671 1775 777 1833 ‘Filius
797 1775 925 1833 hominis
944 1792 1005 1833 non
1024 1775 1113 1834 babet

55 1870 108 1928 ubi
133 1883 221 1947 caput
244 1890 331 1931 suum
354 1872 490 1932 reclinet.¹
544 1870 644 1944 Tertii,
669 1873 737 1949 quia
762 1871 902 1942 Christus,
923 1882 956 1931 ut
983 1872 1113 1931 seculare

56 1968 222 2027 dominium
239 1970 373 2030 redderet
393 1972 537 2047 integrum
556 1970 593 2030 ad
608 1971 745 2030 dominos
761 1970 914 2039 seculares,
929 1970 996 2030 fecit
1015 1987 1111 2029 sacer-

56 2065 144 2125 dotes
169 2067 268 2151 templi
290 2069 334 2127 sui
356 2070 393 2127 de
416 2070 475 2128 suis
496 2069 633 2127 dominiis
654 2067 780 2144 spoliari,
802 2077 834 2125 ut
858 2078 938 2144 patet
962 2085 1051 2143 supra
1075 2086 1113 2126 ex

55 2162 130 2223 Luc.
152 2167 210 2223 xix.
255 2163 362 2236 Quarto
381 2167 450 2242 quia
472 2165 604 2224 Christus
627 2184 682 2242 pro
707 2184 739 2224 se
764 2175 793 2223 et
817 2183 872 2224 suo
895 2165 999 2242 pusillo
1023 2184 1113 2242 grege

56 2262 143 2321 solvit
171 2263 309 2322 tributum
340 2263 468 2334 Caesari,
493 2274 525 2322 ut
549 2274 629 2339 patet
653 2262 758 2321 Matth.
784 2262 866 2320 avii.¹
920 2261 1021 2333 Omitto
1045 2264 1114 2338 quia

57 2358 192 2420 Christus
208 2361 286 2420 dedit
298 2362 441 2437 judicium
456 2379 569 2420 summe
589 2361 774 2430 autenticum,
790 2359 871 2437 quod
885 2361 964 2418 bona
979 2359 1112 2419 Caesaris

55 2455 157 2517 forent
171 2476 208 2516 ex
225 2477 339 2518 summa
360 2458 553 2518 eleemosina⁴
569 2460 622 2517 sibi
642 2458 748 2528 danda,
763 2469 795 2516 ut
813 2468 892 2534 patet
907 2456 1010 2517 Matth.
1026 2459 1112 2516 xxii:

58 2555 188 2614 ‘reddite
203 2574 277 2632 quae
293 2568 359 2615 sunt
370 2555 504 2616 Caesaris
515 2555 652 2626 Caesari,'
664 2566 719 2614 etc.
754 2554 792 2614 Et
802 2563 888 2625 sexto,
900 2557 968 2632 quia
979 2555 1112 2614 Christus

55 2662 192 2713 tenentes
213 2672 356 2730 pauperes
377 2654 565 2713 dominorum
589 2653 762 2713 secularium
782 2655 869 2730 pavit,
892 2653 1011 2724 sanavit,
1033 2664 1062 2712 et
1083 2655 1113 2711 in

58 2752 225 2810 obedientia
249 2751 382 2811 iacienda
409 2749 479 2812 illis⁶
503 2752 698 2829 multipliciter
726 2752 868 2821 instruxit,
893 2761 925 2810 ut
953 2761 1034 2828 patet
1061 2752 1113 2809 ex¹

58 2849 184 2909 decursu
209 2851 350 2926 evangelii
375 2861 404 2909 et
429 2850 541 2927 scriptis
566 2849 698 2927 apostoli,
723 2848 875 2925 quomodo
904 2850 977 2907 servi
1005 2848 1113 2907 debent

57 2947 186 3006 dominis
208 2949 266 3007 suis
287 2949 415 3019 obedire,
430 2960 459 3007 et
480 2948 561 3025 quod
582 2958 626 3008 est
647 2946 791 3005 infinitum
810 2944 876 3022 plus
895 2963 984 3022 quam
1003 2946 1111 3021 aliquid

57 3045 190 3116 istorum,
205 3047 297 3122 quae⁷
311 3047 452 3106 mundani
470 3046 713 3123 praeponderant,
729 3043 862 3102 Christus
882 3043 1019 3103 dominos
1037 3054 1111 3103 tem-

57 3145 174 3219 porales
197 3144 273 3216 fecit,
295 3145 417 3204 redemit
438 3155 466 3203 et
488 3144 610 3202 finaliter
630 3142 807 3220 praeminuit.
850 3140 930 3213 Quid
949 3159 1021 3218 ergo
1040 3141 1113 3201 ultra

58 3241 159 3301 debuit
173 3241 229 3301 eis⁸
248 3242 353 3315 iacere,
368 3254 397 3302 et
416 3260 479 3301 non
502 3241 588 3300 fecit?
624 3239 800 3298 Recolerent
820 3257 891 3315 ergo
905 3258 960 3316 pro
975 3241 1112 3299 omnibus
1147 3215 1293 3320 affi‘jggffi.

57 3341 119 3400 istis
143 3343 225 3400 istius
246 3343 325 3400 verbi
350 3342 474 3418 apostoli
500 3341 538 3399 ad
560 3339 674 3399 Coloss.
698 3339 752 3396 iii:
786 3340 875 3414 ‘grati
900 3338 1009 3398 estote.¹
1053 3338 1112 3398 Sed
1155 3336 1262 3360 ΜΝ

57 3449 149 3509 notet,
165 3458 248 3516 rogo,
264 3439 364 3510 fidelis,
379 3451 520 3516 quantam
539 3436 775 3513 ingratitudinem
795 3436 961 3495 sensibilem
980 3436 1111 3495 Domino

58 3537 264 3612 rependerunt.
318 3535 397 3595 Nam
422 3538 480 3595 cito
505 3546 572 3611 post
601 3535 803 3593 ascensionem
832 3534 903 3609 ejus,
929 3535 997 3609 quia
1024 3532 1112 3592 intra¹

58 3652 171 3693 annum
192 3634 520 3710 quadringentesimum,
546 3633 608 3708 ejus
633 3631 847 3690 ordinationem
872 3631 1058 3707 praecipuam
1083 3632 1113 3689 in

58 3733 190 3791 dotando
210 3732 364 3791 ecclesiam
384 3741 570 3801 reversarunt,
591 3739 620 3788 et
638 3749 691 3807 per
710 3746 894 3804 consequens
914 3728 1113 3787 antichristum

58 3829 361 3906 indeturpationem¹⁰
373 3847 499 3905 sponsae
510 3847 580 3887 suae
591 3827 784 3903 multipliciter
793 3835 988 3901 procrearunt.
1025 3824 1113 3884 Unde

57 3940 177 3987 narrant
202 3927 377 3999 Chronicae‚
400 3927 481 4003 quod
503 3927 534 3984 in
560 3926 708 3984 dotatione
731 3924 871 3981 ecclesiae
895 3939 952 3981 vox
982 3924 1114 3999 angelica

59 4026 160 4086 audita
173 4036 218 4086 est
238 4028 268 4084 in
282 4033 348 4084 ae're
367 4034 437 4084 tunc
457 4022 622 4100 temporis¹¹
638 4024 680 4081 sic
695 4022 832 4081 dicentis:
863 4021 967 4080 ‘hodie
988 4022 1114 4080 effusum

93 4225 236 4274 ¹Christus
261 4222 444 4299 Christusfecit
455 4237 493 4277 ac,
505 4220 599 4298 ΑΒΕ.
612 4220 651 4270 ed.
663 4236 700 4285 pr.
809 4219 863 4296 ¹ut
907 4219 955 4284 tet]
968 4227 1113 4296 amputet,

59 4291 150 4419 ἓῖἰὲἶ·
217 4290 249 4384 ’·
267 4286 863 4417 tibididttbdtl·sssdabid?
884 4286 1114 4413 ⁰¹⁵dtiti·rit¹;;

60 4422 157 4471 A.B.C.
255 4419 324 4483 ‘ex]
338 4435 388 4467 orn.
401 4421 447 4473 A.;
466 4418 499 4471 iu,
509 4416 537 4464 B.
549 4416 587 4466 ed.
599 4431 636 4479 pr.
737 4415 838 4479 'quae]
851 4429 913 4478 quae
924 4420 1015 4491 tamen,
1027 4415 1065 4463 ed.
1078 4430 1114 4490 pr.
1163 4448 1165 4451 ψ

60 4488 70 4516 ¹
87 4485 136 4551 eis]
149 4502 199 4534 om.
212 4485 240 4534 Β.
253 4486 292 4535 ed.
304 4501 341 4549 pr.
353 4501 360 4544 ;
377 4484 408 4533 cf.
420 4484 484 4548 Jesa
496 4499 520 4531 v.
530 4498 560 4556 4’.
568 4481 645 4530 defuit
656 4480 699 4536 eis,
707 4480 745 4556 .D'
868 4480 886 4556 '¹
904 4494 960 4544 qma
971 4479 1046 4555 intra]
1059 4494 1115 4544 quia

60 4551 133 4607 inira.
147 4552 189 4607 B.;
207 4551 247 4615 qui
260 4550 330 4606 infra,
342 4550 381 4599 ed.
393 4565 430 4614 pr.
520 4548 537 4576 ¹⁰
554 4562 580 4596 ιιι
590 4544 800 4610 deturpationem]
812 4545 947 4620 utvidetur
958 4553 1114 4610 paratiorem,

60 4619 89 4668 B.
103 4616 225 4668 secundae
236 4631 330 4666 manus.
429 4615 446 4645 ¹¹
465 4620 523 4663 tunc
534 4611 665 4678 temporis]
677 4610 734 4662 talis
745 4618 869 4676 temporis.
881 4611 913 4661 A.
