2864 4836
17 380 22 445 ἶ
58 442 158 493 caasa
422 428 766 491 TRIALOGUS.

10 586 228 687 fjuecessaria
249 591 447 667 praetermisit,
461 602 493 649 ut
514 602 592 667 patet
614 591 650 649 de
672 601 784 667 septem
802 592 940 668 operibus
960 593 1114 670 spiritualis

51 688 288 758 misericordiae,
309 707 385 765 quae
409 688 517 747 debent
538 688 617 764 apud
640 689 740 748 fideles
762 699 791 747 et
812 690 976 766 specialiter
996 691 1116 766 presby-

10 780 44 865 {5‘3'
55 794 143 849 tems
156 805 220 847 esse
235 796 457 846 sacramentum.
501 785 561 844 Sed
575 785 648 844 hoc¹
663 798 887 853 sacramentum,
901 789 968 847 licet
983 790 1019 847 sit
1033 789 1115 847 valde

10 880 33 963 :f
57 885 269 954 necessarium,
285 885 353 961 quia
366 883 482 944 tamen'
495 894 573 944 caret
594 884 676 943 lucro
698 884 901 960 temporalium
921 896 950 944 et
970 896 1013 946 est
1033 905 1115 963 prae·

10 990 13 1012 ²
58 983 166 1063 positis
193 983 364 1053 taediosum,
390 984 457 1042 ideo
485 994 529 1042 est
557 982 708 1040 infideliter
736 984 977 1058 praetermissum.
1029 983 1117 1043 Unde

13 1110 17 1115 ·
56 1078 174 1141 uidetur
194 1081 265 1139 mihi
290 1080 428 1156 singulos,
451 1081 501 1156 qui
523 1081 676 1138 instituunt
697 1079 770 1138 tales
790 1080 919 1156 privatos
944 1081 1062 1141 ordines
1087 1092 1116 1140 et

45 1175 135 1238 ‘mat
149 1177 321 1254 generaliter
333 1177 457 1253 regulas,
477 1187 508 1235 ut
526 1176 593 1235 talia
608 1186 790 1235 sacramenta
804 1178 1002 1237 universaliter
1016 1197 1034 1238 a
1048 1180 1116 1237 sub

42 1264 130 1336 *dtis
148 1276 206 1334 sint
224 1285 352 1351 accepta,
371 1276 401 1332 in
419 1274 516 1333 Deum
535 1272 746 1351 blasphemare,
767 1275 929 1350 specialiter
948 1294 1016 1335 cum
1035 1276 1116 1336 Deus

57 1371 124 1433 vult
133 1372 243 1432 salvare
256 1372 364 1432 multos
378 1373 439 1432 sine
453 1373 623 1449 acceptione
634 1371 802 1448 hujusmodi
813 1375 995 1433 sacramenti.
1031 1373 1116 1446 Quae

59 1487 137 1546 ergo
154 1469 369 1529 antichristiana
387 1470 595 1546 praesumptio,
610 1469 771 1544 praelatum
786 1486 915 1529 asserere
934 1481 963 1530 et
982 1470 1116 1530 infunda-

30 1580 37 1587 '
59 1565 158 1627 hiliter
170 1567 352 1638 confirmare,
367 1567 448 1643 quod
466 1584 556 1626 nemo
571 1567 725 1626 salvabitur
745 1565 807 1624 sine
826 1567 996 1642 acceptione
1016 1567 1116 1644 hujus·

61 1662 147 1725 modi
159 1666 348 1724 sacramenti!
384 1663 489 1724 Utrum
509 1674 605 1724 autem
624 1665 690 1723 licet
705 1664 747 1722 sic
764 1673 854 1722 uncto
872 1664 1018 1725 infirmato
1038 1676 1117 1742 post·

61 1761 188 1822 modum
212 1763 347 1822 incedere
371 1780 457 1839 super
477 1773 591 1833 terram,
613 1771 642 1821 et
665 1771 761 1820 utrum
781 1772 897 1837 oportet
918 1764 1117 1839 presbyterum

61 1858 172 1919 habere
191 1859 354 1920 evidentem
371 1860 511 1930 notitiam,
526 1859 606 1936 quod
620 1860 661 1918 sic
677 1868 782 1919 unctus
796 1870 901 1919 terram
916 1859 1040 1935 amplius
1055 1877 1116 1918 non

61 1955 196 2027 calcabit,
211 1968 240 2017 et
258 1968 354 2018 utrum
374 1958 500 2017 reiterari
514 1958 619 2034 poterit
638 1956 696 2016 hoc
712 1956 950 2026 sacramentumt,
970 1967 1013 2015 est
1033 1957 1116 2016 dubi-

60 2053 151 2116 tabile
165 2055 244 2131 apud
257 2056 372 2115 multos.
408 2056 468 2114 Sed
481 2056 613 2132 relinquo
628 2055 739 2115 stolidis
752 2055 921 2133 hujusmodi
936 2056 1117 2115 difficultates

61 2150 214 2212 inutiliter‘
227 2154 454 2230 pertractandas,
468 2173 560 2213 unum
575 2172 708 2212 asserens
727 2171 745 2212 a
762 2153 832 2211 mihi
852 2153 1018 2230 probabili⁵,
1037 2153 1119 2230 quod

62 2249 108 2310 sic
121 2249 281 2310 infirmatus
295 2260 324 2309 et
339 2263 444 2311 unctus
458 2270 493 2310 ac
509 2251 698 2328 postmodum
713 2252 743 2309 in
762 2269 885 2327 corpore
900 2252 1117 2321 convalescens,

61 2365 134 2408 cum
161 2348 227 2407 vivit
255 2358 371 2424 tempus
403 2351 555 2425 posterius,
584 2367 644 2408 non
677 2359 747 2408 tunc
774 2349 875 2426 recipit
903 2359 1117 2409 sacramentum

61 2443 214 2504 ultimum⁰
227 2445 382 2505 unctionis.

478 2874 571 2934 CnP.
595 2875 705 2934 XXVI.

188 3042 234 3102 De
247 3046 384 3104 ministras
397 3047 528 3117 ecclessiae,
537 3051 703 3124 praesertim
718 3050 749 3107 de
763 3049 984 3107 mndatantibus.

106 3216 228 3275 Aleiln'a.
272 3217 337 3288 Dic,
353 3236 434 3297 rogo,
449 3219 543 3290 frater,
558 3222 590 3278 de
607 3221 740 3296 specibus
759 3223 951 3279 mabritrorum
970 3222 1115 3291 ecccleszbe,

63 3315 134 3392 quia
147 3316 259 3374 videtur
272 3317 343 3376 mihi
357 3319 439 3393 quod
453 3320 482 3376 in
497 3320 551 3378 ista
564 3321 684 3378 materia
699 3319 842 3395 superflue
856 3329 973 3394 tempus
987 3337 1115 3394 occupas

64 3423 95 3472 et
109 3412 231 3472 derides.

106 3509 267 3569 Phrenesis.
310 3509 433 3570 Constat
456 3511 535 3584 mihi,
556 3512 637 3587 quod
660 3512 753 3570 irrisio
776 3513 808 3570 in
832 3529 902 3570 casu
927 3513 963 3570 sit
987 3513 1063 3571 licita
1088 3524 1116 3570 et

64 3607 211 3666 meritoria
225 3608 361 3679 irridenti,
376 3626 443 3667 cum
458 3607 598 3679 Christus,
614 3607 716 3666 Helias
735 3618 765 3667 et
783 3608 948 3684 apostolus⁷
962 3609 1116 3666 irriserunt.

64 3703 166 3776 Quare
190 3723 262 3780 ergo
287 3722 347 3762 non
371 3705 438 3764 licet
462 3707 546 3764 nobis
567 3706 598 3763 in
620 3705 844 3763 declarationem
867 3706 933 3764 fidei
955 3706 1117 3765 haereticos

64 3801 201 3860 irridere?
233 3801 312 3874 Quia
326 3812 425 3861 tamen
440 3804 527 3862 virtus
541 3803 622 3861 istius
636 3803 774 3861 irrisionis
787 3804 949 3862 consistens
969 3804 1001 3861 in
1019 3804 1117 3862 medio

100 3994 187 4059 ¹hoc]
199 3994 249 4043 hoc
260 4002 305 4052 est,
317 3995 346 4043 Β.
358 3994 480 4045 secundae
491 4011 586 4045 manus.
671 3995 791 4059 'tamen]
805 4011 869 4052 cum.
882 3995 920 4046 ed.
932 4011 970 4060 pr.
1043 3995 1119 4047 ‘hoc

67 4068 248 4110 sacramentum
272 4059 322 4109 hoc
333 4068 513 4110 sacramentum
524 4068 646 4110 extremae
657 4061 787 4116 unctionis,
800 4061 832 4109 D.
844 4061 882 4110 ed.
895 4076 931 4124 pr.
1019 4060 1029 4088 ⁴
1045 4060 1118 4108 inuti-

67 4125 135 4189 liter]
148 4140 197 4174 om.
210 4125 242 4173 Α.
266 4125 302 4175 .C.
393 4124 403 4154 ⁸
419 4125 505 4173 amihi
516 4124 799 4238 probabilinrobebila
811 4125 849 4174 ed.
861 4140 898 4189 pr.
964 4125 974 4153 ⁸
991 4124 1116 4188 ultimum]

67 4190 179 4245 ultimae,
190 4189 229 4239 ed.
240 4204 277 4253 pr.
358 4189 385 4246 ,ἵ
402 4189 542 4253 apostolus]
554 4197 643 4254 aposto
655 4190 669 4245 ',
682 4189 740 4239 B.C.
752 4189 873 4239 mundae
883 4204 979 4239 manus.
