2864 4836
137 459 237 495 cunm
508 432 847 495 TRIALOGUS.

141 597 230 656 modi
243 606 287 657 est
297 598 468 669 nobiscum;
490 608 519 655 ct
529 596 571 656 sic
582 597 613 654 in
623 595 812 673 replicatione
823 597 917 672 prima
927 596 1032 656 falsum
1044 599 1199 658 assumitur

142 704 174 755 et
189 713 253 753 non
266 713 401 772 sequens.

188 792 260 866 Quo
281 793 319 852 ad
338 793 492 863 secundam,
507 801 587 870 patet
607 801 639 850 ut
660 809 756 868 supra,
770 792 852 869 quod
872 793 976 852 falsum
998 794 1153 853 assumitur
1169 805 1199 852 et

144 908 210 950 non
223 909 359 969 sequens.
403 890 483 949 Nam
497 908 604 966 corpus
618 889 726 949 Christi
745 901 865 950 nonest
879 909 946 967 pars
960 892 1004 950 sui
1018 892 1117 968 ipsius,
1131 892 1198 951 licet

144 990 184 1049 sit
198 1007 266 1066 pars
279 989 361 1049 istius
374 991 466 1067 panis,
482 989 532 1066 qui
545 997 590 1046 est
605 989 761 1065 ipsummet
777 1006 885 1065 corpus
899 988 1013 1060 Christi,
1028 991 1102 1048 sicut
1116 989 1197 1049 Deus

144 1103 209 1146 non
223 1086 319 1146 differt
338 1107 356 1146 a
375 1106 415 1159 se,
431 1088 497 1146 lioet
516 1089 551 1146 sit
569 1107 696 1165 persona
715 1106 790 1164 quae
805 1107 823 1145 a
836 1105 963 1163 persona
982 1087 1036 1146 alia
1051 1087 1154 1159 differt,
1169 1099 1198 1147 et

144 1203 252 1245 omnes
276 1185 341 1244 illae
369 1203 513 1262 personae
538 1198 605 1245 sunt
629 1189 753 1269 ipsemet
776 1185 869 1244 idern¹
894 1184 983 1244 Deus.
1028 1186 1199 1263 Oporteret²

145 1284 236 1354 enim,
260 1285 285 1342 si
309 1302 417 1360 corpus
441 1283 547 1343 Christi
572 1286 609 1343 sit
636 1302 704 1361 pars
731 1284 775 1342 sui
805 1284 902 1359 ipsius,
927 1282 1008 1360 quod
1036 1285 1197 1343 secundum

145 1383 225 1442 idem
239 1393 400 1460 componat
414 1401 446 1442 se
465 1384 571 1459 ipsum,
585 1383 665 1460 quod
685 1392 728 1440 est
747 1382 935 1458 impossibile.
978 1382 1017 1440 Et
1036 1401 1072 1440 ex
1092 1383 1198 1441 eodem

145 1493 236 1561 patet,
253 1482 333 1559 quod
355 1483 489 1558 probatio
511 1482 707 1540 conclusionis
728 1481 828 1539 tertiae
851 1499 910 1539 non
932 1479 1076 1551 infertur³,
1091 1481 1199 1540 scilicet

145 1580 229 1658 quod
243 1598 349 1657 corpus
363 1579 472 1639 Christi
486 1580 572 1638 distat
586 1598 603 1638 a
617 1597 665 1651 se;
689 1578 859 1637 conceditur
873 1588 980 1649 tamen,
995 1579 1076 1654 quod
1090 1597 1198 1655 corpus

146 1678 255 1739 Christi
268 1687 313 1736 est
326 1677 408 1735 multi
422 1695 514 1753 panes
528 1696 545 1735 a
560 1695 591 1735 se
606 1676 756 1747 distantes,
770 1687 801 1734 ut
816 1686 895 1752 patet
909 1674 945 1734 de
963 1676 1060 1734 multis
1074 1678 1199 1754 panibus

146 1776 325 1836 consecratis
338 1776 368 1834 in
380 1774 488 1850 Anglia
495 1795 503 1847 3
526 1774 579 1833 sed
593 1792 654 1833 non
666 1775 808 1849 sequitur*
819 1784 982 1849 propterea,
995 1773 1076 1849 quod
1091 1792 1198 1850 corpus

146 1874 254 1934 Christi
275 1872 501 1950 multiplicetur⁸,
524 1872 591 1931 licet
612 1872 662 1930 sit⁶
683 1871 765 1929 multi
790 1889 881 1946 panes
902 1881 962 1928 tarn
983 1872 1060 1929 varie
1082 1873 1196 1945 situati;

146 1971 201 2033 sed
214 1971 238 2030 si
252 1989 319 2030 cum
334 1972 395 2029 istis
409 1971 535 2046 panibus
550 1989 655 2046 corpus
667 1969 774 2028 Christi
790 1969 864 2027 soret
883 1969 1007 2027 identice
1029 1970 1076 2029 illa
1097 1971 1194 2041 multa,

145 2070 221 2129 ratio
239 2069 309 2127 satis
326 2068 520 2145 procederet⁷.
563 2068 601 2127 Et
616 2079 694 2144 patet
709 2068 763 2127 ista
780 2068 942 2144 responsio,
958 2069 1087 2128 terminis
1101 2069 1131 2126 in
1145 2088 1198 2128 sua

143 2166 324 2244 exponentia
337 2166 478 2225 resolutis.

597 2533 693 2595 CAP.
715 2534 752 2591 X.

279 2689 389 2766 Corpus
404 2689 525 2747 Domrirr'
537 2710 590 2747 non
605 2691 767 2748 drittensrbne
780 2698 855 2748 lenus
869 2709 929 2747 cunr
938 2701 1013 2765 perne
1026 2696 1071 2747 est.

186 2846 321 2904 Preustzi.
364 2847 470 2906 Adhuc
483 2848 569 2906 video
584 2846 664 2923 quod
678 2865 738 2906 non
759 2849 906 2906 erubescis
925 2845 1124 2905 contradicere
1139 2857 1198 2904 tarn
1233 2869 1331 2935 sglumas
1374 2858 1378 2866 ¹

143 2944 329 3021 philosophis
354 2963 443 3021 quam
469 2945 614 3020 thcologis
638 2944 684 3003 in⁸
707 2946 956 3021 propositionibus
981 2962 1089 3021 perse
1115 2944 1198 3001 notis.
1294 2950 1353 3018 “¹3⁸¹

145 3041 325 3118 Supponunt
339 3042 417 3101 enim
439 3060 545 3101 omnes
564 3043 628 3101 sani
648 3043 759 3118 capitis,
775 3042 856 3118 quod
875 3041 1054 3117 impossibile
1073 3050 1117 3099 est
1137 3057 1200 3098 csse
1247 3032 1290 3136 ”2¹⁶
1308 3030 1382 3135 ⁵:22⁰

144 3139 205 3197 duo
226 3157 352 3216 corpora
372 3141 403 3197 in
425 3140 532 3198 eodem
554 3139 629 3209 loco,
652 3139 733 3216 quod
754 3150 853 3198 tamen
874 3139 1024 3197 manifeste
1047 3138 1143 3195 innuis
1164 3136 1200 3194 de
1234 3128 1276 3177 Μ’
1323 3143 1329 3177 i
1385 3167 1390 3176 ·

145 3254 271 3313 corpore
285 3237 371 3313 panis
385 3247 413 3295 et
427 3256 551 3313 corpore
565 3235 681 3296 Christi.
934 3303 936 3306 ,

189 3333 354 3393 Phrenesis.
396 3334 510 3394 Leviter
533 3352 638 3394 mones
666 3344 695 3392 et
718 3333 880 3392 verecunde
909 3334 960 3391 tibi
988 3334 1053 3408 ipsi,
1078 3334 1101 3390 si
1126 3334 1201 3391 bene

146 3450 276 3509 saperes.
319 3431 398 3491 Nam
416 3442 449 3495 ut
468 3431 568 3490 dicunt
586 3431 681 3508 logici,
701 3433 803 3490 omnia
821 3447 945 3506 corpora
966 3430 1067 3489 mundi
1086 3441 1152 3488 sunt
1172 3432 1201 3488 in

144 3527 252 3588 codem
267 3529 334 3588 loco
349 3547 470 3606 magno,
485 3531 558 3589 etin
573 3528 793 3605 particularibus
808 3528 880 3586 locis
895 3538 962 3586 sunt
982 3529 1123 3603 quotlibet
1137 3547 1201 3587 cor-

143 3643 219 3703 pora
243 3637 504 3703 quantumcunque
533 3627 676 3686 distincta
735 3624 793 3684 Sed
822 3624 868 3684 ut⁹
897 3635 1017 3702 tangam
1044 3626 1200 3702 propius¹⁰,

144 3725 312 3785 secundum
332 3728 528 3786 communiter
547 3725 700 3802 loquentes
719 3724 874 3801 theologos
889 3742 995 3801 corpus
1008 3725 1201 3801 glorificatum

179 3900 187 3928 ¹
206 3899 406 3965 illae-ipsemet
414 3900 493 3965 idem]
505 3899 707 3965 ipsae-illemet,
720 3898 783 3948 Α.Β.
794 3899 832 3948 ed.
844 3915 881 3963 pr.
1036 3897 1046 3926 ²
1062 3897 1200 4027 oporteret]

145 3972 256 4030 oportet,
269 3966 301 4014 Α.
313 3967 351 4015 ed.
363 3981 401 4030 pr.
535 3966 544 3993 ³
562 3961 675 4028 insertur]
686 3964 802 4020 aufertur,
814 3965 852 4013 ed.
858 3980 901 4092 fr.
1053 3963 1062 3990 ⁴
1079 3963 1188 4026 sequitur

143 4036 254 4125 eportet,
266 4030 295 4080 B.
307 4032 429 4082 secundae
440 4046 536 4124 inaptus.
655 4030 664 4058 ⁸
681 4029 857 4105 multiplioetur
882 4030 914 4078 sit
925 4027 1100 4092 multipliciter,
1112 4027 1150 4122 ed
1162 4044 1200 4104 pr.

147 4095 384 4225 dl‘lllltfdl·
415 4160 481 4226 m]
494 4095 664 4226 οἱῖῗὲἓῗῗῗ]
677 4093 1200 4225 ‘ld‘l‘ltttiltssiplimalli

148 4241 224 4276 manu
235 4225 327 4291 scripti.
