2864 4836
498 404 752 484 JOANNIS
786 404 996 468 WICLIF
1189 425 1274 463 urant

223 584 341 626 sensum
362 576 458 626 textus
478 567 611 643 apostoli,
626 577 655 627 et
675 566 865 643 postmodum
885 566 1007 644 objicias
1032 578 1185 643 quantum
1204 564 1274 624 velis

223 665 364 741 Loquitur
377 665 457 723 enim
474 665 632 741 apostolus,
647 665 734 725 sicut¹
750 666 873 742 pertinet
891 682 945 724 suo
965 666 1138 741 proposito,
1153 665 1192 724 de
1209 675 1274 723 tem·

223 762 370 839 poralibus
391 762 590 838 adjacentibus
611 763 724 822 homini
744 764 776 822 in
790 781 843 823 suo
863 762 999 822 introitu²
1011 763 1060 821 vel
1074 764 1160 822 exitu
1176 760 1275 823 deboc

223 859 345 930 mundo,
359 859 412 919 sed
427 861 482 931 dic,
497 861 522 920 si
538 861 625 933 nosti,
647 860 717 938 quid
738 861 774 920 de
794 861 898 920 talibus
917 861 1134 937 temporalibus
1153 857 1274 920 intuleris

223 960 253 1016 in
267 957 346 1017 hunc
365 959 529 1017 mundum?
570 957 722 1036 Numquid
741 958 818 1018 fuisti
837 959 918 1019 dives
936 958 1104 1018 haereticus
1122 968 1275 1035 anteqmm

223 1055 300 1115 fuisti
315 1066 399 1115 natus
413 1055 450 1115 de
464 1057 564 1116 matris
582 1058 685 1116 utero?
726 1056 787 1116 Aut
805 1055 947 1134 numquid
965 1056 1169 1132 congregabis
1187 1064 1275 1115 teum

223 1153 334 1213 divitias
348 1154 378 1212 in
393 1154 567 1230 sepulchro?
588 1153 737 1231 intelligas
751 1155 845 1231 iginu,
859 1154 958 1224 idiota,
971 1151 1009 1211 de
1023 1152 1199 1230 adjacentia
1210 1163 1276 1212 tem·

223 1252 374 1327 poralium,
390 1251 427 1310 de
442 1253 546 1328 quibus
560 1253 632 1311 nihil
645 1253 793 1313 intulimus
807 1254 838 1312 in
851 1252 929 1311 hunc
948 1250 1105 1325 mundum,
1120 1250 1215 1312 sicut⁸
1226 1266 1277 1310 mc

223 1367 290 1409 cum
311 1350 412 1426 spiritu
433 1360 535 1410 nostro
556 1350 716 1428 quidquam
736 1367 840 1410 eorum
860 1349 971 1409 auferre
991 1366 1158 1426 possumus
1174 1349 1213 1409 de
1224 1348 1277 1408 boe

223 1446 352 1519 mundo;
382 1459 412 1507 et
431 1448 487 1507 sic⁴
506 1465 560 1525 pro
575 1458 706 1525 tempore
727 1448 826 1508 medio
847 1448 988 1507 debemus
1008 1463 1063 1523 pro
1087 1446 1236 1507 alimentis
1251 1454 1278 1505 et

223 1546 398 1622 tegumentis
411 1546 610 1622 adjacentibus
624 1546 794 1606 contentari.
836 1545 875 1605 Et
888 1554 1030 1622 quantum
1040 1543 1081 1604 ad
1095 1554 1181 1604 tuam
1194 1541 1277 1622 mpli-

224 1661 288 1702 cem
303 1644 446 1719 argutiam
467 1643 557 1704 debes
570 1643 757 1704 verecundari
777 1642 857 1720 quod
878 1661 939 1703 non
960 1643 997 1702 sit
1015 1641 1111 1718 digna
1128 1640 1277 1701 mmoria

224 1739 283 1799 Sed
304 1741 334 1799 in
348 1742 430 1800 tertia
450 1741 636 1818 replicatione
657 1741 838 1819 quadruplici
863 1751 908 1801 est
931 1738 997 1800 tibi⁵
1017 1737 1103 1799 color
1123 1740 1277 1809 maximus,

224 1838 290 1897 ideo
311 1839 348 1898 ad
369 1838 447 1898 illam
468 1858 520 1915 per
534 1841 749 1900 ordinationem
762 1838 957 1917 respondebo.
1000 1837 1060 1898 Sed
1080 1838 1123 1899 ad
1142 1840 1277 1901 ruborem

222 1947 304 1994 tuum
326 1937 422 1996 dicam
443 1939 474 1995 in
494 1939 645 2015 principio,
660 1939 741 2015 quod
761 1939 850 1997 uteris
870 1937 967 1997 multis
987 1937 1132 2014 pictatiis‘
1148 1939 1182 1997 in
1201 1945 1277 1998 textu

224 2033 357 2109 apostoli,
369 2035 486 2112 quando
501 2037 553 2094 tibi
569 2036 707 2095 deficiunt
721 2046 901 2111 argumenta
944 2034 1016 2093 Non
1026 2035 1109 2094 enim
1122 2034 1196 2095 dicit
1208 2051 1277 2113 spo·

224 2131 322 2202 stolus,
337 2131 418 2207 quod
438 2131 580 2192 debemus
594 2134 724 2208 praecise
730 2133 863 2210 finaliter
877 2132 921 2192 vel
934 2132 977 2190 ad
986 2132 1149 2191 martrinum
1167 2133 1207 2192 de
1220 2131 1277 2193 isb's

224 2230 310 2287 bonis
329 2230 460 2306 corporis
479 2231 649 2301 contentari,
667 2230 719 2290 sed
739 2230 903 2307 specificat²
920 2248 973 2307 per
991 2229 1133 2289 alimenta
1150 2241 1182 2290 et
1198 2242 1275 2308 tegu-

223 2339 330 2401 menta,
342 2330 423 2406 quod
435 2330 471 2389 de
482 2331 568 2390 bonis
583 2330 716 2390 fortunae
726 2331 813 2391 nobis
823 2330 1031 2407 adjacentibus,
1042 2347 1121 2407 quae
1133 2340 1203 2391 sunt
1211 2329 1276 2389 ton

224 2428 349 2498 maixime,
360 2429 501 2487 debemus
515 2446 583 2486 cum
597 2429 798 2488 moderamine
812 2428 982 2498 contentari,
997 2445 1058 2487 non
1074 2446 1200 2506 negans,
1210 2427 1276 2505 quin

225 2525 365 2583 debemus
380 2527 540 2584 contentari
553 2526 589 2584 de
604 2526 679 2584 bonis
689 2526 793 2596 mediis,
805 2544 882 2602 quae
893 2536 959 2586 sunt
969 2526 1048 2585 bona
1059 2526 1213 2597 naturalia,
1224 2543 1276 2585 nec

224 2641 335 2698 negans
350 2624 402 2681 sed
413 2622 574 2698 implicans,
586 2623 667 2700 quod
677 2625 818 2683 debemus
833 2625 920 2682 etiam
934 2624 1096 2683 contentari
1110 2635 1141 2684 et
1151 2624 1276 2702 gaudere

224 2720 261 2779 de
277 2720 354 2778 benis
368 2723 511 2790 maximis,
526 2738 601 2797 quae
621 2731 688 2781 sunt
706 2721 786 2780 bona
805 2722 913 2797 gratiae
932 2731 961 2780 et
974 2721 1092 2792 virtutis,
1107 2732 1138 2781 et
1159 2723 1276 2783 finaliter

225 2817 261 2875 de
276 2816 343 2876 Deo
357 2817 497 2878 debemus
508 2821 634 2877 maxime
645 2819 781 2894 gratulari
789 2839 797 2891 ;
819 2819 871 2878 sed
886 2818 955 2896 quid
969 2818 1026 2877 hoc
1040 2818 1079 2878 ad
1093 2822 1275 2898 propositum

225 2918 383 2975 sententiae
404 2918 585 2992 assignatae?
628 2917 666 2976 Et
691 2928 834 2994 quantum
858 2918 897 2976 ad
920 2919 1064 2975 secundant
1086 2928 1170 2977 tuam
1195 2937 1276 2996 argu-

224 3016 303 3085 tiam,
317 3026 405 3090 patet,
427 3014 506 3091 quod
527 3016 613 3074 currit
637 3017 692 3074 sub
713 3017 817 3075 eadem
838 3016 974 3075 instantia
994 3015 1112 3089 irivola;
1144 3018 1276 3078 sednon

225 3123 319 3171 nocet.
361 3112 400 3171 Et
414 3113 601 3172 conformiter
620 3114 723 3172 dicitur
737 3115 775 3173 ad
794 3117 902 3173 lrrlrirm
916 3127 996 3174 tuam
1017 3115 1178 3191 pictatiam.
1221 3114 1275 3175 Sed

225 3209 336 3286 quoad
355 3210 489 3281 ultimam,
505 3229 579 3286 quae
599 3211 686 3270 habet
705 3212 834 3271 colorem
853 3214 1022 3283 maximum,
1041 3213 1185 3290 intellige,
1201 3210 1275 3291 quod

225 3309 353 3383 prudens
373 3310 523 3386 apostolus
542 3309 672 3384 intelligit
686 3328 738 3386 per
757 3310 893 3369 alimenta
913 3311 1010 3370 cibum
1029 3320 1058 3369 et
1071 3321 1188 3387 potum,
1205 3328 1275 3388 quae

225 3406 262 3465 ad
284 3407 491 3483 perficiendum
513 3426 588 3483 opus
609 3409 787 3466 meritorium
811 3409 956 3469 sufficiunt
976 3409 1093 3481 viatori;
1126 3410 1198 3470 ideo
1219 3425 1275 3468 nou

226 3505 303 3574 dicit,
319 3505 400 3580 quod
415 3505 556 3564 debemus
570 3506 677 3563 habere
691 3506 829 3577 lauticias,
844 3509 942 3565 vinum
958 3505 1017 3565 vel'
1031 3506 1165 3566 edulium
1179 3525 1276 3584 sump-

226 3612 351 3670 tuosum,
367 3602 419 3661 sed
434 3602 602 3661 alimentum
616 3604 696 3679 quod
715 3605 800 3662 nobis
819 3603 942 3663 sufficiat
959 3604 996 3664 ad
1016 3606 1203 3677 merendum,
1218 3621 1275 3664 uon

226 3717 346 3774 negans,
361 3701 432 3775 quin
443 3701 473 3758 in
488 3719 557 3760 casu
572 3718 631 3777 quo
646 3702 681 3758 sit
695 3701 799 3760 lautius
813 3712 842 3760 et
856 3702 893 3759 ad
913 3699 1085 3761 merendum
1105 3703 1274 3779 expeditius,

226 3813 293 3853 cum
313 3798 468 3872 gratiarum
490 3800 604 3858 actione
626 3799 723 3858 debita
744 3800 830 3858 debet
851 3801 935 3858 sumi.
976 3799 1014 3858 Et
1036 3800 1087 3870 sic,
1112 3811 1146 3859 ut
1167 3801 1275 3860 videtu

259 3979 264 4007 ¹
283 3978 358 4043 sicut]
370 3978 438 4033 illud,
450 3978 488 4027 ed.
500 3996 536 4045 pr.
669 3979 678 4008 ²
695 3979 808 4044 introitu]
821 3980 928 4036 interitu,
939 3979 978 4030 ed.
989 3995 1026 4044 pr.
1175 3982 1187 4012 ⁸
1203 3978 1275 4042 sicul]

225 4043 267 4098 sic,
280 4045 342 4092 ΑΕ.
453 4044 460 4072 ⁴
478 4045 524 4108 sic]
538 4060 587 4093 om.
600 4044 692 4095 A.B.C.
704 4046 742 4094 ed.
755 4062 792 4110 pr.
895 4045 905 4074 ³
920 4046 978 4110 tibi]
990 4061 1040 4095 om.
1053 4045 1094 4101 A..
1107 4046 1136 4096 B.
1148 4047 1276 4099 secundat,

225 4108 254 4156 C.
267 4109 360 4171 primae
372 4125 466 4159 manus.
532 4111 542 4138 ⁶
560 4111 643 4160 mullis
654 4111 773 4204 pictatiis]
785 4110 884 4159 incultis
895 4110 999 4176 plcatiis,
1011 4110 1049 4160 cd.
1062 4127 1100 4175 pr.
1174 4112 1184 4140 '
1202 4110 1276 4177 speci·

225 4170 291 4234 sicat]
304 4175 451 4236 specivocal,
463 4175 500 4225 ed.
513 4192 549 4240 pr.
682 4176 733 4239 vel]
745 4184 776 4232 el,
789 4177 827 4225 ed.
839 4192 876 4240 pr.
