2864 4836
122 434 229 478 cansa
496 408 844 473 TRIALOGUS.

125 570 271 633 Sodoma
290 582 320 633 et
333 571 481 634 Gomorra
501 590 570 632 cum
590 589 644 633 suo
664 572 777 650 populo
797 583 865 633 sunt
888 572 1042 633 subversa¹
1061 583 1094 632 ut
1108 583 1188 652 patet

126 668 264 733 Geumi
287 671 346 730 xix.
386 670 434 730 Ex
457 670 640 731 binoctium
664 669 762 730 Deus¹
784 671 881 731 subito
908 673 1030 748 percutit
1054 671 1189 732 homiues

128 785 232 847 uque
252 767 294 829 ad
312 778 447 840 mortem,
466 779 499 828 ut
519 777 599 847 patet
619 766 746 829 Genesis
765 767 908 842 xxxviii¹;
938 779 967 829 et
987 788 1025 828 ex
1045 770 1130 830 hinc‘
1144 788 1189 831 se·

127 864 268 927 mudum
287 865 369 944 leges
381 865 544 967 'homiuum
562 866 636 927 tales
656 865 828 928 sodomitici
844 866 1027 946 singulariter
1046 879 1116 929 sunt
1136 887 1188 935 oc.-

127 963 278 1027 ddendi'.

546 1385 642 1446 CAP.
665 1386 780 1447 XXIII.

574 1541 755 1604 Casama.

172 1688 301 1749 Ambo.
343 1688 433 1767 Rogo
450 1690 530 1750 dicas
542 1689 587 1749 'de
605 1693 735 1751 castitate
754 1693 925 1768 generaliter
938 1694 1008 1752 vitio
1027 1692 1073 1752 isti
1092 1709 1188 1768 oppo·
1293 1700 1305 1725 ⁰

129 1787 199 1859 nita,
223 1787 353 1864 quiade
380 1799 504 1865 peccato
528 1789 585 1848 isto
614 1790 775 1866 specialiter
801 1800 848 1849 est
875 1789 1090 1848 abhominabile
1118 1788 1189 1848 mihi

130 1884 217 1963 toqui
223 1903 234 1958 ς
255 1886 309 1946 sed
327 1886 365 1946 de
384 1887 556 1946 necessitate
575 1886 686 1947 videtur
702 1897 857 1964 peecatum
875 1887 953 1947 istud
971 1887 1139 1964 procedere,
1158 1896 1190 1944 ut

132 1983 270 2061 superius
283 1985 441 2056 asserebas,
452 2002 522 2043 nam
535 1986 734 2062 quodcunque
748 2003 824 2062 opus
838 1993 957 2044 naturae
971 1984 1059 2043 habet
1072 1993 1190 2043 antece·

134 2080 212 2143 dem
224 2080 265 2141 ad
277 2082 374 2159 ipsum
388 2082 590 2155 necessitans¹,
605 2083 657 2142 sed
670 2082 729 2142 boc
747 2092 792 2142 est
810 2100 887 2160 opus
906 2093 1034 2154 naturae,
1049 2100 1121 2159 ergo
1135 2091 1190 2142 etc.

133 2178 176 2239 Et
185 2179 242 2240 ista
252 2181 448 2240 communiter
457 2191 501 2240 est
514 2181 637 2241 tedoad
651 2181 853 2241 necessitatem
864 2181 895 2240 in
909 2182 1059 2259 productis
1070 2180 1191 2258 siugulis

133 2276 360 2338 inducendum¹.
404 2276 484 2338 Sicut
504 2279 583 2338 enlm
605 2281 635 2338 in
659 2279 852 2356 productione
874 2281 1020 2339 secundae
1045 2297 1190 2356 personae

134 2374 252 2436 divinae
265 2386 310 2437 est
324 2394 412 2436 causa
425 2376 611 2448 necessitans,
627 2376 666 2436 ita
679 2377 791 2437 videtur
804 2378 885 2454 quod
898 2379 930 2436 in
946 2378 1138 2454 productione
1153 2378 1191 2436 ad

134 2483 220 2535 extra
247 2474 399 2552 cujustibet
425 2485 589 2547 creaturae;
621 2473 704 2551 quia¹
729 2486 815 2551 capta
838 2475 975 2534 volitione
1002 2475 1098 2533 divina
1122 2493 1191 2534 cum

133 2570 327 2649 dispositione
351 2581 380 2630 et
404 2590 492 2631 causa
519 2590 693 2650 quacunque
722 2583 819 2631 creata
842 2573 994 2631 sufficienti
1019 2573 1057 2631 ad
1080 2572 1191 2649 produ·

134 2669 266 2730 cendum
279 2669 332 2729 A!
345 2669 491 2741 effectum,
506 2688 615 2749 quaero
630 2671 654 2728 si
669 2672 806 2748 sequitur,
821 2673 893 2730 ‘ista
907 2673 1055 2731 causantis
1073 2689 1188 2748 ponun-

134 2780 193 2840 tur,
206 2784 280 2845 ergo
297 2767 356 2828 boc
370 2770 514 2829 causabile
536 2769 740 2846 consequitur?
784 2769 815 2828 Si
834 2770 884 2841 sic,
904 2771 1067 2846 completae
1087 2788 1191 2829 causae

135 2868 261 2927 istorum
285 2866 323 2925 ad
347 2867 402 2927 ista
429 2870 612 2938 necessitant,
634 2877 663 2925 et
687 2869 729 2927 sic
753 2869 952 2939 ascendendo,
974 2887 1127 2946 quousque
1153 2868 1191 2927 ad

135 2982 259 3025 causam
283 2966 408 3043 prImam
432 2975 461 3025 et
483 2964 614 3026 ultimam
639 2966 676 3024 sit
700 2965 864 3025 deventum.
908 2965 938 3025 Si
964 2978 1061 3026 autem
1085 2985 1191 3026 causae

136 3063 302 3138 assignatae
334 3080 396 3121 non
424 3064 599 3122 necessitant
632 3062 670 3121 ad
698 3062 922 3139 producendum
951 3063 1014 3121 A.¹⁰
1043 3062 1189 3135 effectum,

136 3170 208 3218 tunc
222 3177 291 3218 cum
305 3161 489 3237 requiruntur
503 3161 583 3231 aliae,
596 3179 658 3220 non
671 3177 775 3220 omues
790 3179 895 3220 causae
909 3161 945 3219 A.
958 3160 1073 3220 luerunt
1087 3160 1191 3238 prius¹¹

135 3259 313 3334 assignatae.
354 3257 393 3316 Et
408 3269 440 3316 ut
455 3276 601 3335 suppon0,
615 3258 697 3318 Deus
712 3259 926 3318 distinctissime
941 3260 1071 3335 iutelligit
1085 3277 1190 3320 ornnes

136 3372 242 3416 causas
261 3356 459 3434 cujuscunque
479 3357 641 3428 causabilis,
660 3357 726 3416 licet
744 3358 830 3416 nobis
849 3357 954 3417 luerint
972 3358 1109 3416 infinitae.
1152 3357 1190 3416 Et

135 3455 193 3514 ista
213 3455 286 3513 ratio
306 3464 405 3514 movet
425 3472 473 3514 me
495 3472 563 3514 cum
584 3455 646 3514 aliis
665 3454 748 3515 sactis
769 3454 928 3532 superius¹¹
948 3455 986 3514 ad
1003 3454 1190 3529 credendum,

134 3552 219 3632 quod
232 3553 333 3612 omnia
346 3552 441 3613 lutura
455 3555 492 3614 de
505 3555 678 3615 necessitate
692 3554 858 3614 evenient¹¹.

170 3725 178 3754 ¹
196 3731 254 3775 sunt
266 3725 395 3789 subversa]
408 3726 534 3776 submersa
549 3734 615 3783 sunt.
631 3727 659 3776 B.
676 3727 770 3792 primae
783 3743 878 3784 manus.
891 3729 929 3779 ed.
946 3744 998 3794 pr.;
1021 3732 1145 3788 subversa.
1159 3732 1191 3780 A.

134 3790 145 3819 ¹
163 3789 245 3854 Deus]
258 3798 326 3855 patet
335 3791 401 3855 quod
409 3791 486 3847 Deus.
498 3792 527 3840 B.
536 3793 630 3857 primae
641 3809 736 3850 manus,
745 3792 783 3843 ed.
795 3810 833 3858 pr.
898 3796 907 3823 ¹
922 3794 985 3844 Gen.
995 3795 1092 3845 xxxviii.
1101 3798 1190 3845 8-10.

135 3855 310 3920 ‘etexhiuc]
323 3856 430 3913 exhinc,
442 3857 535 3907 ulte.
635 3858 800 3922 ¹occidendi]
813 3859 946 3914 occisied.
960 3876 996 3924 pr.
1082 3861 1192 3910 ¹neoes·

135 3920 226 3985 siuns]
238 3922 379 3978 necessitas,
389 3922 429 3971 ed.
440 3938 477 3986 pr.
575 3922 584 3951 ¹
602 3922 942 4037 inducendumynducmdis,
955 3926 984 3974 C.
1093 3926 1103 3954 ¹
1120 3926 1189 3990 quis]

135 4001 203 4043 uam,
214 3986 254 4035 ed.
266 4002 317 4051 pr.;
336 4002 385 4036 om.
398 3987 431 4035 D.
513 3987 585 4052 ¹A.]
598 4003 647 4037 om.
659 3988 722 4038 cod.
735 3990 767 4037 A.
791 4025 806 4045 .‚
818 3989 851 4038 D.
863 3990 984 4040 secundam
996 4004 1090 4046 manus,
1102 3991 1141 4040 ed.
1154 4006 1190 4054 pr.

135 4052 156 4081 ¹¹
172 4050 218 4127 A.)
230 4067 280 4100 om.
292 4052 356 4102 Cod.
368 4053 430 4101 A.B.
501 4053 517 4082 ¹¹
535 4068 623 4103 causae
635 4054 666 4102 Α.
679 4053 776 4103 suerunt
788 4055 865 4118 prius]
877 4070 965 4105 causae
978 4053 1075 4104 luenmt
1086 4055 1190 4120 plenius,

136 4117 165 4166 Β.
178 4131 273 4182 pumae
284 4132 380 4172 manus.
391 4117 430 4168 ed.
442 4134 479 4182 pr.
490 4135 497 4177 ;
513 4118 641 4175 affuerunt,
653 4118 716 4169 Cod
728 4120 792 4168 ΑΕ.
910 4122 927 4150 ¹¹
944 4119 1066 4183 superius]
1079 4121 1191 4186 superius

136 4197 191 4246 cap.
203 4182 244 4239 iu,
255 4182 294 4232 ed.
306 4198 344 4247 pr..
491 4184 509 4213 ¹³
526 4182 650 4247 evenient]
663 4184 783 4241 eveniant,
795 4183 833 4233 cd.
845 4199 882 4249 pr.
