2864 4836
528 432 783 511 Josnfms
824 435 1036 498 morer
1235 458 1318 496 mn

275 595 426 655 sententia.
470 593 528 654 Sed
543 612 629 672 super
642 613 704 654 uno
723 598 862 656 mussito:
887 596 999 656 videtur
1012 595 1096 669 mihi,
1111 599 1198 674 quod
1210 593 1318 667 innuis,

275 694 379 752 melius
399 691 504 752 fuisse²
523 692 635 752 homini
656 703 686 752 et
706 694 758 754 toti
779 694 901 765 mundo,
923 695 1003 770 quod
1023 695 1089 771 ipse
1112 697 1157 755 sic
1171 702 1316 772 peciam,

274 809 363 868 quam
378 791 458 867 quod
472 793 593 850 omnino
607 801 749 868 perpetuo
763 793 794 849 in
809 801 885 850 statu
898 791 1083 850 innocentiae
1098 793 1309 868 permansisset

314 887 478 947 Phrenesis.
521 889 664 948 Concedo
687 890 738 947 tibi
761 907 852 958 soror,
874 888 954 965 quod
978 907 1016 947 ex
1040 889 1188 950 infinitate
1215 890 1318 949 divine

274 987 487 1046 misericordiae
501 997 653 1063 peccatum
667 985 725 1045 hoc
739 987 854 1062 profuit,
869 987 953 1045 etsie
968 1005 1004 1044 ex
1023 987 1214 1047 ordinatione
1233 987 1318 1046 divim

274 1085 377 1143 melius
398 1084 449 1142 fuit
469 1083 550 1160 quod
571 1083 662 1142 homo
683 1083 784 1143 fuisset
807 1085 849 1143 sic
870 1084 968 1160 lapsus
992 1101 1010 1142 a
1033 1095 1112 1144 statu
1132 1084 1318 1153 innocentiae.

273 1200 362 1258 quam
381 1181 462 1258 quod
481 1183 511 1241 in
529 1191 605 1240 statu
623 1182 809 1240 innocentiae
828 1182 985 1258 perpetuo³
998 1182 1175 1257 generaliter
1192 1198 1318 1260 permun-

273 1277 364 1348 sisset,
389 1297 458 1336 nam
483 1279 579 1354 plures
604 1278 738 1337 homines
763 1280 918 1337 occasione
943 1280 1055 1356 peccati
1079 1282 1170 1356 primi
1197 1279 1318 1340 hominis

273 1374 387 1434 fuerunt
410 1375 544 1452 producti
568 1376 633 1452 plus
657 1377 775 1434 virtuosi
799 1387 828 1434 et
851 1377 881 1434 in
906 1378 1005 1452 patrie
1022 1377 1088 1453 plus
1112 1378 1202 1439 beati
1253 1378 1320 1438 Ideo

273 1473 443 1531 benedictus
462 1473 499 1532 sit
513 1472 603 1544 Deus,
618 1474 668 1548 qui
687 1483 840 1550 peccatum
861 1484 921 1532 tam
939 1493 1027 1550 grave
1046 1475 1101 1534 scit
1118 1485 1183 1535 tam
1202 1477 1321 1554 gratim

272 1569 310 1628 ad
324 1569 487 1645 proiectum
506 1571 621 1646 generis
640 1569 760 1630 humani
779 1573 962 1630 convertere!
1001 1570 1081 1630 Nam
1096 1572 1134 1632 de
1150 1592 1262 1652 genere
1273 1571 1321 1633 hu·

272 1685 363 1726 mano
378 1677 421 1726 tot
436 1678 520 1726 erunt
535 1668 669 1727 homines
684 1669 791 1739 salvati,
807 1680 879 1745 quot
897 1669 1020 1728 fuissent
1033 1679 1128 1730 stante
1143 1671 1234 1748 plene
1252 1680 1320 1730 suu

272 1765 465 1836 innocentiae,
479 1775 509 1824 et
523 1766 610 1823 etiam
624 1766 689 1841 plus
707 1767 784 1825 beati
792 1785 801 1839 3
823 1776 853 1825 et
866 1768 999 1843 propter⁴
1013 1766 1071 1826 hoc
1089 1778 1170 1828 totus
1190 1784 1321 1830 numem

272 1862 477 1923 damnatorum
492 1863 576 1922 cedet
589 1862 701 1922 mundo
716 1863 755 1922 ad
769 1864 931 1940 profectum
944 1874 974 1923 et
985 1865 1112 1940 gloriam
1125 1867 1287 1929 beatorum

695 2398 790 2459 CAP.
812 2399 908 2460 XXV.

516 2579 561 2636 De
575 2582 728 2638 necesstiate
741 2583 944 2641 sisearnalebm‘s
960 2581 1079 2642 Chresti.

313 2751 435 2808 Alsilu'a.
478 2751 584 2822 Video,
595 2751 705 2823 frater⁵,
716 2754 798 2829 quod
809 2772 896 2831 super
907 2755 979 2813 haec
990 2757 1080 2815 mtrlta
1091 2757 1182 2818 dubia
1192 2761 1249 2820 alia
1260 2770 1320 2821 sunt

272 2865 416 2917 connexa,
439 2859 471 2906 ut
495 2859 573 2925 puta,
597 2852 620 2908 si
644 2868 764 2909 necesse
790 2851 843 2909 suit
864 2852 1011 2911 Christum
1035 2856 1181 2916 incarnari
1206 2871 1321 2936 propter

273 2943 499 3004 satisfactionem
524 2949 637 3022 peccati
663 2949 784 3007 humani
807 2952 932 3025 generis,
957 2962 986 3009 et
1010 2955 1203 3027 postmodum
1228 2958 1320 3034 ipsum

272 3043 366 3100 mori?
409 3043 554 3115 Secundo,
569 3063 658 3120 quare
678 3057 831 3121 peccatum
851 3047 958 3106 diaboli
973 3051 1045 3108 sicut
1061 3063 1217 3126 peccatum
1231 3055 1322 3114 homi·

273 3140 318 3198 nis
333 3159 394 3198 non
409 3142 527 3199 deletur.
569 3143 608 3200 Et
622 3145 706 3201 tertio
721 3143 847 3203 Pseustis
862 3147 969 3221 objicit,
985 3148 1065 3223 quod
1084 3149 1139 3207 illis
1156 3151 1323 3213 hominibus

273 3239 322 3314 qui
336 3238 551 3297 damnabuntur
566 3239 640 3298 soret
654 3242 766 3312 melius,
781 3241 861 3318 quod
875 3245 1103 3320 protoplastum
1118 3246 1249 3310 hominis
1265 3271 1322 3311 non

273 3347 429 3410 peccasset,
453 3347 482 3395 et
507 3337 576 3413 quid
598 3339 717 3414 prodest
737 3340 829 3399 beatis
850 3341 880 3397 in
902 3343 1002 3416 patria,
1025 3344 1106 3418 quod
1128 3345 1260 3408 damnati
1281 3351 1324 3410 sui

272 3435 388 3508 generis
405 3434 499 3493 taliter
513 3435 585 3493 sint⁷
599 3437 700 3510 puniti.

314 3530 476 3588 Phrenesis.
519 3530 624 3602 Placet,
640 3551 730 3604 soror,
746 3534 827 3609 quod
841 3533 913 3594 haec
928 3537 981 3594 tria
996 3527 1083 3596 dubia
1097 3549 1157 3598 tam
1171 3542 1326 3604 efficaciter

273 3637 340 3684 sunt
354 3627 479 3686 inducta.
522 3629 579 3687 Pro
586 3632 681 3705 petino
695 3631 825 3689 notanda
838 3643 905 3690 sunt
919 3634 1017 3704 multa,
1032 3646 1061 3693 et
1074 3637 1170 3711 primo
1192 3643 1325 3700 omnium

274 3733 373 3782 notata
387 3724 505 3784 historia
523 3729 635 3802 peccati
654 3728 780 3787 hominis
801 3731 981 3805 supponitur,
996 3733 1077 3807 quod
1095 3734 1161 3809 ipse
1180 3737 1325 3811 peccavit⁸

306 3927 312 3955 ¹
332 3927 423 3992 innuis]
435 3929 516 3986 nimis,
528 3931 566 3980 ed.
578 3947 615 3995 pr.
714 3933 723 3960 ²
740 3932 826 3998 fuisse]
838 3934 931 3991 fuisset,
943 3935 972 3984 B.
983 3937 1022 3985 ed.
1033 3953 1071 4002 pr.
1164 3940 1174 3969 ³
1191 3945 1325 4010 perpetuo]

272 4000 393 4067 perpetuo
404 4001 436 4048 et,
449 3993 477 4041 B.
489 3995 582 4058 primae
595 4013 688 4052 manus,
701 3999 739 4047 ed.
751 4015 788 4062 pr.
964 4000 972 4029 ¹
989 4003 1101 4077 propter]
1114 4014 1220 4068 praeter,
1231 4009 1325 4059 AER.

273 4073 366 4120 pnmae
377 4074 472 4114 manus,
483 4059 521 4108 ed.
534 4076 571 4123 pr.
669 4062 678 4090 ⁵
695 4062 780 4127 frater]
793 4064 868 4113 irater
879 4063 1017 4122 Phrenesis,
1030 4068 1114 4132 edepr.
1214 4073 1225 4101 ⁸
1241 4083 1326 4138 proto·

272 4121 393 4210 plasium]
421 4123 475 4171 libri
504 4140 577 4174 manu
603 4127 694 4190 scripti,
715 4130 897 4204 prothoplastum
927 4131 1089 4192 (abstractum
1116 4149 1163 4198 pro
1187 4142 1324 4202 concreto)

299 4185 359 4248 sint]
372 4195 435 4242 sunt.
447 4188 485 4236 ed.
495 4204 531 4252 pr.
630 4193 640 4220 ¹¹
657 4193 779 4256 peccavit]
792 4202 885 4258 peccat,
896 4196 934 4244 ed.
946 4211 982 4258 pr.
