2864 4836
137 472 235 516 carna
501 452 841 517 TRIALOGUS.

140 612 239 674 andi
279 613 318 674 Et
332 616 520 678 confirmatur
533 636 570 678 ex
589 616 656 688 hoc,
670 616 751 695 quod
768 617 929 694 baptisatos
942 625 1059 676 nostros
1072 613 1196 674 dicimus

139 711 312 789 regulariter
341 713 479 792 Spiritum
506 714 646 776 Sanctmn
670 717 804 794 accipere
826 733 864 774 eo
888 715 954 791 ipso
980 731 1040 791 quo
1068 711 1196 788 legitime

139 808 342 887 baptismum
377 813 470 872 multo
497 814 593 890 magis
616 812 675 873 boc
699 831 771 890 ergo
799 812 851 872 luit
875 830 975 872 verum
1000 812 1030 870 in
1055 811 1198 888 primitiva

141 907 277 970 ecclesia.
318 908 378 971 Sed
392 911 422 969 in
444 921 525 971 textu
543 911 655 983 dicitru,
669 911 751 989 quod
764 910 867 970 Petnrs
887 920 917 969 et
936 907 1089 987 Johannes
1103 909 1198 985 impo-

140 1007 254 1066 nebant
267 1025 371 1068 manus
386 1027 472 1087 super
485 1010 550 1069 illos
563 1020 592 1069 et
606 1010 788 1086 accipiebant
803 1010 943 1086 Spiritum
959 1006 1108 1078 Sanctum,
1123 1024 1159 1065 ac
1174 1007 1197 1065 si

143 1118 210 1163 non
230 1114 296 1164 aute
317 1105 412 1164 illum¹
432 1109 626 1185 accepissent,
640 1126 700 1185 quo
721 1108 813 1167 modo
834 1125 905 1183 ergo
927 1114 1063 1183 perante
1085 1104 1198 1164 lucrant

141 1201 272 1278 legitim
288 1204 443 1280 baptisati?
485 1204 551 1265 Nec
569 1207 662 1277 obest,
677 1207 731 1265 sed
746 1207 882 1265 convenit
895 1204 1091 1280 baptisantem
1111 1220 1198 1279 super

141 1301 321 1375 baptisatum
349 1320 454 1362 manus
481 1304 642 1380 imponere.
699 1303 842 1373 Similiter,
870 1312 903 1361 ut
930 1310 1010 1379 patet
1037 1299 1091 1359 ex’
1118 1309 1198 1370 textu

140 1398 273 1458 Actuum
285 1399 350 1470 viii,
365 1399 467 1460 Petrus
480 1411 510 1460 et
527 1400 678 1479 Johannes
696 1401 888 1478 imponebant
906 1417 1012 1458 manus
1033 1415 1119 1473 super
1133 1396 1197 1456 illos

142 1506 173 1556 et
194 1496 376 1572 accipiebant
398 1497 535 1574 Spiritum
557 1497 705 1558 Sanctum.
748 1497 780 1557 Si
801 1498 886 1573 igitur
907 1495 1037 1572 praecise
1057 1512 1095 1553 ex
1116 1503 1198 1553 textu

142 1595 202 1653 isto
223 1594 410 1666 convincitru,
432 1596 686 1655 continuationem
706 1613 772 1655 esse
794 1593 1040 1672 appropriandam
1060 1593 1196 1667 epr'scopri,

143 1701 261 1768 oportet
274 1692 372 1768 quod⁸
391 1693 446 1768 ipsi
467 1693 621 1769 imponant
642 1711 730 1769 super
750 1692 930 1752 confirmatis
950 1690 1024 1750 suis⁴
1037 1707 1151 1760 manus,
1166 1699 1197 1748 ut

144 1787 285 1865 Spin'tum
301 1787 440 1848 Sanctum
459 1791 612 1866 accipiant.
655 1789 715 1850 Sed
733 1791 789 1848 ista
808 1788 930 1864 Spiritus
946 1785 1044 1846 Sancti
1063 1786 1197 1862 acceptio

144 1903 202 1946 nec
216 1887 337 1946 docetur
350 1887 381 1946 in
395 1876 482 1964 signo
496 1888 623 1948 sensibili
637 1905 693 1947 nec
706 1887 794 1946 etiarn
808 1887 937 1958 ratione;
958 1884 1111 1960 quomodo
1125 1900 1197 1958 ergo

143 2002 183 2046 ex
197 1985 255 2044 isto
268 1995 349 2044 textu
365 1986 556 2058 concluditur,
570 1985 651 2063 quod
669 1986 801 2062 episcopi
820 1984 890 2043 dant
907 1983 965 2042 hoc
984 1990 1198 2041 sacramentum

142 2082 243 2160 pueris
267 2101 343 2160 quos
365 2084 558 2143 confirmant?
596 2083 635 2143 Et
656 2093 799 2161 quantum
823 2081 861 2141 ad
882 2081 981 2140 oleum
1002 2096 1063 2156 quo
1084 2088 1200 2155 ungunt

142 2197 262 2258 pueros,
282 2190 312 2240 et
330 2181 450 2258 peplum
468 2181 578 2241 lineum
599 2181 680 2259 quod
699 2181 887 2258 complexum
907 2189 952 2239 est
972 2178 1069 2255 capiti,
1086 2177 1199 2237 videtur

143 2277 228 2355 quod
246 2279 282 2338 sit
300 2279 371 2338 ritus
389 2279 460 2338 levis
477 2279 664 2339 infundabilis
677 2279 730 2339 ex'
748 2282 896 2356 scriptura.
939 2277 1075 2337 Similiter
1088 2275 1199 2334 videtur

143 2377 227 2456 quod
246 2379 300 2438 ista
319 2380 502 2439 confirmatio
522 2379 686 2438 introducta
704 2397 792 2456 supra
805 2379 954 2455 apostolos
973 2375 1155 2453 blasphemat
1168 2377 1199 2434 in

143 2474 253 2547 Deum,
267 2477 337 2554 quia
355 2479 457 2536 asserit
477 2487 652 2548 constanter,
667 2476 748 2553 quod
764 2478 880 2552 apricopi
894 2476 965 2535 dunt
983 2475 1096 2533 noviter
1110 2472 1199 2548 Spiri-

143 2584 210 2633 tum
229 2573 370 2634 Sanctum
389 2576 434 2634 vel
454 2577 518 2652 ejus
540 2575 689 2634 dationem
707 2576 847 2634 roborant
866 2583 896 2632 et
917 2573 1110 2642 confirmant,
1140 2570 1199 2629 hoc

144 2682 245 2733 autem
265 2683 310 2733 est
326 2672 392 2750 plus
411 2692 500 2751 quam
520 2674 588 2733 dare
611 2672 750 2751 Spiritum
770 2672 918 2733 Sanctum
958 2669 1094 2748 Apostoli
1116 2665 1200 2728 vero⁶

145 2787 209 2829 non
227 2769 335 2829 audent
355 2770 397 2831 sic
417 2770 523 2842 dicere,
540 2771 593 2830 sed
614 2770 694 2849 quod
711 2780 865 2830 oraverunt
885 2787 940 2847 pro
962 2769 1041 2845 ipsis,
1055 2777 1088 2826 ut
1108 2765 1200 2826 aDco

143 2868 313 2945 acciperent
328 2866 466 2946 Spiritum
485 2868 634 2929 Sanctum.
676 2868 828 2947 Numquid
842 2886 913 2944 ergo
929 2866 1073 2927 Caesarea
1087 2865 1200 2925 dotatio

144 2965 216 3026 lacit
227 2976 345 3026 nostros
358 2968 516 3044 episcopos
529 2986 594 3026 esse
609 2967 716 3044 dignos
728 2978 760 3026 ut
773 2968 829 3043 ipsi
843 2968 885 3026 sic
900 2966 1010 3025 donent
1021 2963 1201 3040 singulariter

146 3063 287 3141 Spiritum
309 3063 448 3125 Sanctum
472 3066 524 3124 ex'
548 3067 606 3125 hoc
628 3065 710 3144 quod
731 3066 787 3142 ipsi
809 3065 851 3123 sic
876 3062 984 3123 Christi
1008 3060 1152 3120 mandatis
1172 3069 1201 3117 et

145 3161 277 3223 consiliis
296 3163 522 3223 adversanturii
556 3163 680 3224 Videtur
698 3164 778 3223 enim
796 3161 877 3240 quod
891 3161 931 3220 si⁰
944 3169 1040 3219 textus
1054 3159 1108 3216 iste
1123 3156 1199 3216 adeo

145 3260 333 3339 ponderatur,
349 3261 430 3339 quod
448 3271 566 3339 oportet
584 3262 623 3322 ad
640 3263 893 3322 confirmationem
913 3276 1021 3336 papam
1039 3257 1107 3316 loco
1124 3254 1201 3314 Petri

146 3358 289 3418 accedere
313 3360 379 3435 plus
404 3360 612 3438 speculativum
637 3359 826 3437 praelatum¹⁰
850 3359 917 3417 loco
940 3355 1093 3434 Johannis.
1136 3350 1201 3411 Nec

146 3457 283 3516 debent²¹
295 3456 446 3534 dedignari
461 3458 498 3517 de
512 3459 570 3516 isto
584 3458 681 3517 officio
692 3458 758 3534 plus
768 3475 858 3535 quam
869 3454 971 3514 Petrus
982 3451 1200 3528 dedignabatur,

145 3555 229 3631 quod
243 3573 261 3614 a
275 3556 378 3614 ceteris
398 3556 541 3632 apostolis
563 3555 656 3615 iuerat
676 3555 800 3622 mt'ssuu
829 3554 1006 3612 communitas
1025 3552 1104 3610 enim
1122 3550 1202 3608 bona

145 3663 176 3711 et
190 3662 292 3711 sancta
306 3665 349 3711 est
363 3672 421 3711 una
434 3654 558 3729 srmplrci
569 3654 632 3729 ejus
641 3658 723 3728 parte
738 3650 804 3710 Deo
819 3651 974 3728 acceptior.
1212 3723 1213 3727 Ἰ

188 3748 354 3810 Phrenesis.
396 3751 518 3810 Videtur
542 3751 622 3822 mihi,
644 3768 736 3821 soror,
760 3748 841 3827 quod
865 3750 934 3809 satis
958 3759 1041 3809 acute
1062 3749 1199 3826 replicas;

179 3965 189 3995 ¹
208 3962 294 4028 illurn]
306 3963 377 4013 illum
390 3963 512 4028 spiritum,
524 3963 617 4013 A.B.C.
629 3963 667 4014 ed.
680 3979 717 4028 pr.
783 3962 794 3992 ¹
808 3962 851 4027 ex]
863 3963 897 4019 in.
909 3962 947 4012 ed.
960 3977 997 4027 pr.
1094 3961 1104 3990 ³
1121 3962 1186 4025 quod

146 4036 184 4084 ut.
195 4028 235 4078 ed.
246 4043 284 4093 pr.
358 4029 368 4057 ⁴
385 4027 855 4094 confirmatissuia]couf1rmatossuas,
867 4027 960 4077 A.B.C.
972 4027 1010 4077 ed.
1022 4042 1059 4092 pr.
1131 4027 1141 4056 ⁸
1157 4042 1187 4076 ex

147 4095 182 4150 in,
194 4093 232 4142 ed
245 4108 282 4158 pr.
379 4093 390 4122 ⁸
405 4108 464 4143 vero
488 4101 579 4148 autem,
591 4093 630 4142 ed.
642 4109 679 4159 pr.
779 4094 788 4122 ⁷
805 4092 847 4156 ex]
860 4101 893 4148 et.
904 4093 943 4142 ed.
954 4108 991 4169 pr.
1091 4092 1101 4121 ⁸
1116 4092 1200 4141 adver·

147 4159 245 4222 untur]
258 4159 424 4214 adversentur.
437 4158 469 4207 Α.
494 4160 531 4208 .C.
543 4160 583 4209 ed.
594 4174 632 4224 pr.
697 4160 707 4188 ⁹
724 4159 757 4222 si]
770 4159 813 4214 sic.
825 4158 864 4207 cd.
875 4173 929 4271 pn:
947 4173 976 4215 ει,
988 4158 1020 4205 D.
1097 4157 1116 4188 ¹⁰
1131 4173 1200 4222 prae·

146 4223 239 4286 latum]
252 4223 388 4287 praelatum
401 4225 576 4288 presbyterum.
589 4225 618 4273 C.
719 4226 734 4255 ¹¹
752 4224 855 4287 debent]
867 4224 975 4279 ceberet,
988 4222 1079 4273 ΑΒΕ.
