2864 4836
496 359 750 438 jorannus
795 361 1039 424 uretur
1218 381 1281 418 me

227 536 290 584 tum
304 543 421 586 movere
435 534 464 583 et
478 523 547 583 dare
561 524 616 583 sibi
631 524 753 600 gratiam
767 522 808 582 ad
827 526 1030 585 merendum
1045 527 1166 604 digne¹,
1178 538 1207 586 ut
1218 524 1282 584 aue

228 623 263 681 sit
277 620 416 699 adjutus¹.

268 717 306 777 Et
332 719 437 777 eadem
465 728 509 777 est
537 717 730 777 consideratio
758 718 795 778 de
827 717 939 779 fictitia
968 720 1113 781 clavium
1147 719 1283 781 aaudiat

227 814 305 875 Nam
335 815 498 875 fundationi
525 814 642 874 earum⁸
669 833 731 874 non
757 825 876 891 oportet
905 817 1042 877 fidelem
1074 820 1216 888 insistere,
1236 832 1283 875 cur

227 923 359 991 patenter
384 931 445 972 non
466 914 606 990 sequitur,
628 911 760 973 Christus
780 913 936 972 concessit
960 913 1065 975 Petro
1088 916 1224 976 imitatori
1238 913 1283 989 eiu

227 1013 384 1088 praecipuo
416 1010 504 1070 talem
537 1010 661 1070 clavium
688 1017 873 1085 potestatem,
904 1028 986 1087 ergo
1022 1031 1086 1088 per
1115 1015 1196 1073 idem
1219 1012 1283 1071 &bct

226 1109 388 1169 concedere
416 1109 592 1179 antichristo,
617 1109 648 1167 in
673 1109 731 1167 vita
752 1117 781 1165 et
805 1106 902 1165 verbis
930 1109 991 1167 sibi
1020 1112 1130 1187 magis
1155 1108 1283 1177 conuuin

225 1217 336 1266 tantam
369 1207 414 1265 vel
446 1207 589 1283 maJorem
621 1205 760 1265 ecclesiae
791 1212 985 1280 potestatem.
1051 1207 1194 1268 Christus
1224 1205 1283 1265 enm

226 1303 304 1363 dedit
326 1303 411 1362 Petro
432 1314 462 1362 et
482 1303 544 1362 aliis
564 1303 738 1362 habentibus
758 1301 832 1378 legis
845 1300 919 1359 Dei⁴
934 1304 1117 1376 scientiam,
1132 1314 1285 1383 peremta

226 1400 387 1459 secundum
407 1400 503 1476 legem
526 1400 601 1459 illius
625 1400 761 1459 scientiae
783 1398 944 1475 judicandi,
969 1409 1038 1460 tam
1067 1402 1196 1481 ligando
1213 1416 1284 1479 qm

225 1497 383 1557 solvendo³
407 1497 595 1557 conformiter
619 1498 757 1556 ecclesiae
781 1495 984 1572 triumphanti.
1042 1499 1114 1560 Sed
1138 1501 1228 1560 modo
1246 1497 1283 1557 hic

224 1594 326 1670 refuga
347 1613 409 1654 non
429 1595 488 1655 vult
508 1613 561 1672 per
580 1597 759 1671 superiorem
779 1590 934 1653 ecclesiam
952 1596 1002 1655 vel
1024 1614 1198 1673 personam
1215 1596 1284 1656 abu

225 1692 356 1768 regulari,
378 1693 431 1752 sed
453 1702 593 1770 tanquam
614 1691 797 1752 antichristus
817 1691 886 1750 sibi·
907 1694 1011 1752 statum
1032 1712 1139 1756 novas
1162 1696 1246 1774 leges,
1260 1702 1284 1750 et

225 1789 284 1848 vult
298 1789 368 1848 sub⁷
379 1808 477 1867 poena
490 1806 630 1849 censurae
640 1791 836 1865 gravissimae,
847 1788 929 1864 quod
942 1797 1011 1850 tota
1024 1792 1167 1853 militans
1177 1790 1285 1854 eccle&

225 1887 323 1947 credat
337 1887 400 1959 illis,
414 1887 455 1946 sic
471 1887 589 1965 quodsi
604 1887 675 1964 quid
688 1885 850 1947 secundum
863 1885 927 1947 illas
943 1885 1152 1962 diffinierint
1168 1892 1250 1952 stabit
1259 1897 1285 1946 ut

225 1983 406 2060 evangelium
427 1985 499 2064 Jesu
519 1983 632 2046 Christi
674 1983 710 2043 In
731 1983 803 2044 tales
823 1983 950 2044 infinitas
971 1985 1188 2064 blasphemias
1205 1985 1285 2047 insol-

225 2083 298 2142 vitur
311 2081 451 2142 infatuata
464 2083 595 2155 ecclesia,
606 2092 636 2142 et
650 2081 809 2158 specialiter
820 2099 873 2157 per
882 2080 1011 2141 caudam
1025 2082 1139 2161 hujus⁸
1148 2082 1284 2153 dmoouis

225 2179 283 2238 hoc
295 2188 340 2238 est
354 2180 475 2239 sectas¹⁰
488 2180 616 2251 fratntm,
630 2198 705 2257 quae
719 2177 757 2238 ad
771 2177 934 2238 illusionem
948 2179 1040 2238 istam
1051 2192 1084 2240 et
1097 2182 1176 2243 alias
1190 2178 1284 2243 seduc

225 2279 319 2337 tiones
333 2278 472 2337 ecclesiae
487 2278 677 2340 Luciferine¹¹
692 2279 865 2338 deserviunt

267 2374 326 2435 Sed
343 2376 397 2448 eia,
411 2376 516 2436 milites
535 2376 650 2448 Christi,
665 2377 779 2454 abjicite
798 2375 953 2452 prudenter
967 2376 1044 2436 haec
1065 2378 1194 2455 opera¹¹
1205 2388 1285 2455 atque

225 2475 339 2533 fictitias
366 2474 506 2551 principis
533 2476 726 2546 tenebrarum,
754 2483 784 2532 et
809 2473 962 2533 induimini
986 2472 1160 2535 Dominum
1189 2475 1284 2554 Jesum

226 2571 407 2643 Christum¹³,
422 2572 478 2629 iu¹⁴
496 2574 583 2631 armis
603 2573 662 2632 suis
681 2573 801 2633 fideliter
820 2572 1010 2641 confidentes,
1025 2572 1086 2631 et¹³
1104 2576 1236 2633 excutite
1251 2572 1285 2631 ab

226 2669 348 2728 ecclesia
368 2671 440 2729 tales
461 2672 599 2730 versutias
620 2672 788 2742 antichristi,
809 2671 948 2731 docentes
968 2669 1127 2746 populum,
1149 2672 1235 2749 quod
1254 2671 1282 2727 in

225 2767 283 2839 ipso
296 2768 352 2823 solo
366 2786 433 2825 curn
451 2768 515 2844 lege
535 2780 631 2828 suaet
650 2771 789 2828 membris
807 2769 894 2828 debet
907 2766 1066 2836 confidere,
1082 2780 1113 2827 et
1130 2769 1283 2845 operando

225 2863 280 2921 illis
295 2864 482 2924 conformiter
496 2884 533 2925 ex
553 2884 607 2925 suo
627 2884 715 2943 opere
735 2868 816 2926 bono
833 2866 943 2936 salvari,
958 2865 1126 2941 specialiter
1143 2866 1198 2926 si¹⁸
1213 2867 1282 2927 anti-

225 2960 322 3019 christi
336 2965 474 3022 versutias
489 2963 609 3022 fideliter
623 2963 787 3024 detestetur.

256 3134 264 3161 ¹
282 3132 368 3196 digne]
380 3133 488 3196 dignum,
501 3135 528 3183 B.
541 3135 635 3199 primae
647 3151 740 3184 manus.
879 3133 889 3163 ⁸
905 3135 939 3183 Et
950 3133 1036 3183 eadem
1047 3135 1155 3183 est-sit
1167 3133 1278 3197 adjutus]

224 3214 274 3247 om.
286 3198 320 3247 D.
464 3198 792 3264 'earum]eorum,ed.pr.
932 3196 1131 3262 ‘Dei]Deiet.
1146 3199 1281 3263 Eprium

225 3278 319 3319 manus,
331 3265 361 3314 C.
517 3264 527 3293 ⁶
543 3264 808 3329 ligando-solvendo]
821 3262 1069 3328 ligandi-solvendi,
1080 3263 1180 3314 ΑΜ.
1191 3264 1232 3313 ed.
1244 3278 1280 3326 pr.

224 3328 233 3355 ⁶
249 3328 308 3392 sibi]
321 3345 371 3378 orn.
383 3330 421 3381 ed,
433 3345 470 3393 pr.
553 3328 562 3357 l
579 3330 638 3394 sub]
650 3330 705 3385 sibi,
716 3330 754 3379 cd
767 3346 803 3394 pr.
869 3330 879 3357 ⁸
895 3326 1050 3391 diffinierint]
1063 3328 1209 3384 diffinirent,
1222 3327 1279 3377 RQ

223 3392 332 3457 ”hujus]
344 3394 417 3451 illius,
429 3394 468 3443 ed.
480 3410 516 3458 pr.
632 3396 651 3425 ¹⁰
667 3394 758 3458 sectas]
771 3394 931 3450 sectam.A.;
949 3399 1025 3449 secta.
1038 3392 1069 3442 C.
1171 3395 1189 3424 ¹¹
1207 3392 1279 3441 Luci·

223 3456 610 3585 fretterius·-
625 3457 1029 3590 teesttuntnu‘
1045 3457 1278 3588 Ἣ

225 3586 333 3644 A.B.C.;
351 3605 401 3638 orn.
413 3589 452 3640 ed.
465 3605 501 3653 pr.
