2864 4836
546 425 802 505 JOANNIS
842 425 1055 490 WICLIF
1250 446 1334 487 usin

280 587 403 665 dignum
416 606 513 665 poena
526 598 675 665 perpetua,
687 599 716 648 et
729 598 827 648 tamen
842 587 900 647 est¹
914 586 1037 665 ὤμω
1049 587 1139 665 quod
1153 588 1255 649 solum
1268 597 1333 646 tem·

280 688 416 764 poraliter
434 688 576 763 puniatur,
597 688 636 746 ita
655 686 735 764 quod
755 688 791 747 sit
810 687 937 765 dignitas
955 685 994 746 ad
1013 687 1260 757 contradictorie,
1274 684 1335 763 quia

280 786 323 845 sic
337 785 484 844 tolleretur
503 786 600 845 divina
618 785 735 862 justitia
779 784 844 845 Nec
862 784 999 863 sequitur,
1018 784 1099 843 istud
1119 797 1280 862 peccatam
1296 794 1335 842 est

280 882 401 958 dignum
426 883 522 958 puniri
546 895 697 959 perpetuo,
722 884 783 943 imo
806 883 845 943 de
869 881 947 943 iacto
971 883 1014 943 sic
1033 882 1178 959 punietur
1192 884 1250 943 nisi
1271 880 1333 942 an't

280 977 376 1037 divina
399 979 605 1052 misericordia,
629 997 701 1057 ergo
725 990 769 1040 est
794 980 917 1058 dignum
939 988 972 1039 ut
995 978 1090 1039 taiiter
1119 981 1271 1057 puniatur,
1293 976 1333 1037 vei

280 1075 377 1151 ipsum
391 1086 435 1136 est
450 1077 571 1153 dignum
586 1078 628 1137 sic
644 1078 757 1154 puniri;
778 1079 848 1155 quia
861 1079 903 1137 sic
913 1094 1003 1136 omne
1013 1087 1171 1153 peccatum
1181 1087 1333 1154 quantum·

279 1190 395 1251 cunque
417 1173 491 1234 soret
505 1174 615 1234 veniale
637 1175 759 1252 dignum
780 1175 924 1234 infinitum
944 1174 1069 1252 graviter
1088 1174 1199 1251 puniri,
1214 1186 1245 1235 et
1264 1176 1333 1252 quis,

279 1271 333 1331 nisi
349 1273 418 1331 assit
431 1271 488 1330 Dei
502 1272 707 1344 misericordia,
718 1272 811 1332 taliter
824 1274 968 1350 punietun
1010 1271 1082 1331 Ideo
1096 1272 1155 1332 ista
1168 1271 1333 1332 communis

279 1370 433 1441 distinctim
448 1369 529 1447 quod
543 1370 640 1446 aliqua
653 1381 697 1431 est
717 1371 843 1448 dignitas
856 1371 902 1430 vel
915 1371 1028 1448 peceati
1041 1369 1170 1446 gravitas
1187 1379 1240 1429 aut
1254 1369 1334 1429 meri-

278 1479 374 1527 torum
385 1467 511 1545 dignitas
521 1469 666 1527 secundum
674 1477 844 1546 praetentent
847 1468 1001 1546 justitient,
1010 1477 1040 1526 et
1050 1466 1150 1544 aliqua
1162 1469 1334 1544 ninplt‘ctier,

280 1567 357 1642 capit
377 1566 568 1639 calumniam;
598 1585 666 1627 eum
686 1568 862 1644 sequitur,si
880 1567 936 1626 ista
953 1565 1012 1626 est¹
1025 1565 1154 1642 dignitas
1174 1565 1334 1626 secundm

278 1673 462 1739 praesentem
474 1664 623 1740 justitiam,
636 1682 708 1741 ergo
722 1663 814 1724 modo
828 1674 873 1724 est
886 1663 1009 1741 dignum
1026 1673 1057 1722 et
1071 1663 1186 1739 justum
1206 1673 1240 1722 ut
1258 1662 1334 1741 apud

279 1779 428 1822 summum
445 1762 576 1838 judicem
597 1764 637 1821 ita
658 1762 717 1835 fiat,
732 1773 761 1822 et
781 1780 834 1839 per
855 1778 1040 1838 consequens
1060 1777 1122 1818 non
1143 1769 1191 1820 est
1211 1761 1333 1838 dignum

279 1869 328 1918 aut
352 1860 473 1936 justum,
501 1858 582 1936 quod
607 1859 862 1920 contradictorium
891 1876 976 1920 suum
1000 1857 1144 1929 adveniat,
1170 1858 1242 1935 quia
1265 1869 1333 1918 tunc

279 1955 470 2017 contradictio
498 1955 572 2016 foret
600 1975 675 2017 vera
726 1956 860 2018 Concedi
889 1967 988 2017 tamen
1015 1955 1113 2027 debet,
1139 1955 1225 2032 quod
1252 1955 1333 2015 multi

278 2055 412 2132 praesciti
427 2064 494 2114 sunt
507 2056 538 2114 in
551 2056 644 2131 gratia
663 2055 825 2116 secundum
843 2064 1029 2132 praesentem
1040 2053 1192 2130 justitiam,
1207 2063 1237 2113 et
1250 2053 1331 2113 multi

277 2153 480 2228 praedestinati
495 2163 619 2229 peccant
632 2155 756 2230 graviter
769 2152 931 2214 secundum
944 2162 1129 2230 praesentem
1143 2151 1313 2229 injustitiam
1320 2170 1329 2225 ;

277 2250 410 2326 praesciti
431 2259 529 2308 tamen
554 2269 704 2328 nunquam
725 2252 843 2311 suntin
863 2252 957 2327 gratia
977 2249 1071 2310 finalis
1091 2251 1331 2326 perseverantiae,

277 2349 351 2408 sicut
364 2365 420 2406 nec
441 2347 646 2423 praedestinati
666 2359 734 2408 sunt
754 2349 876 2408 finaliter
889 2348 1035 2408 obstinati.
1077 2347 1117 2407 Et
1137 2348 1168 2405 in
1189 2348 1248 2408 ista
1266 2365 1328 2407 ma·

277 2447 348 2505 teria
361 2456 477 2523 oportet
490 2447 627 2518 recolere,
642 2447 795 2524 quomodo
813 2445 904 2518 Deus,
924 2444 962 2505 ad
981 2447 1064 2523 cujus
1084 2445 1273 2506 dilectionem
1286 2444 1328 2505 vei

278 2545 381 2604 odium
403 2555 517 2603 taxatur
540 2562 638 2621 poena
659 2545 703 2604 vel
728 2546 900 2629 praemium,
922 2546 1071 2603 neminem
1096 2553 1194 2621 potest
1220 2546 1332 2604 noviter

279 2643 396 2720 diligere
411 2643 456 2700 vel
475 2642 590 2714 odisse;
612 2661 664 2719 per
684 2643 742 2703 hoc
762 2644 840 2703 enim
860 2644 1056 2719 cognoscitur,
1069 2642 1152 2720 quod
1171 2645 1329 2719 praescitus

277 2740 438 2798 infinitum³
450 2742 565 2817 gravius
579 2750 682 2817 peccat
696 2759 785 2819 quam
803 2742 1043 2818 praedestinatus,
1057 2760 1113 2801 nec
1133 2753 1202 2802 sunt
1221 2744 1330 2820 partes⁴

278 2838 307 2894 in
322 2837 422 2912 gratia,
438 2838 482 2897 vel
498 2849 628 2915 peccato.

709 3149 804 3209 CAP.
827 3150 896 3210 VII.

590 3307 635 3365 De
643 3310 744 3384 gratt'a
753 3309 1019 3385 praedestinatione.

319 3454 441 3513 Altiht‘a.
483 3454 606 3515 Videtur
625 3454 703 3527 mihi,
725 3456 811 3515 frater
831 3455 997 3527 Phronesis,
1017 3455 1097 3534 quod
1116 3456 1171 3516 ista
1190 3457 1332 3517 sententia

279 3552 315 3609 sit
329 3552 444 3611 insolita
459 3563 487 3611 et
507 3554 661 3629 profunda.
704 3554 764 3613 Sed
782 3572 857 3631 rogo
877 3554 924 3614 dic
938 3572 1041 3631 parum
1061 3553 1196 3631 amplius,
1211 3554 1252 3614 si⁸
1264 3572 1331 3631 pec-

279 3659 343 3707 cata
357 3649 487 3722 redeunt,
502 3661 535 3710 ut
556 3653 585 3709 in
600 3654 656 3711 ista
676 3653 796 3711 materia
817 3652 937 3729 quidam
959 3653 1068 3723 dicunt,
1082 3654 1155 3712 etin
1175 3671 1236 3731 quo
1250 3652 1332 3713 diffe-

279 3757 345 3805 runt
369 3749 461 3823 gratia
485 3749 757 3825 praedestinationis
784 3761 813 3809 et
837 3751 930 3827 gratia
959 3750 1120 3810 secundum
1147 3762 1331 3827 praesentem

275 3844 423 3920 justitiam.

318 3942 483 4003 Phrenesis.
526 3944 562 4003 In
590 3945 685 4023 prima
712 3947 833 4005 materia
866 3946 977 4017 dicitur,
1005 3945 1088 4022 quod
1116 3944 1169 4005 ad⁸
1197 3946 1330 4005 notitiam

311 4072 318 4101 ¹
337 4073 385 4136 est]
398 4089 456 4129 non,
469 4075 531 4124 A.C.
544 4074 664 4125 secundae
675 4091 770 4131 manus,
783 4075 816 4125 D.
997 4074 1008 4104 ²
1023 4083 1061 4125 est
1086 4074 1126 4132 sit,
1138 4075 1231 4125 A.B.C.
1243 4075 1282 4125 ed.
1294 4090 1331 4140 pr.

277 4136 437 4203 ’infinitum]
450 4154 499 4188 orn.
513 4139 545 4188 D.
620 4139 740 4206 Ἥκω]
752 4141 936 4207 pares,A.B.C.
1017 4140 1064 4192 'si
1089 4140 1330 4206 quomodo,A,B.C.

277 4201 286 4230 ⁶
304 4202 348 4267 ad]
361 4203 435 4268 apud,
446 4203 485 4253 ed.
497 4220 534 4270 pr.
