2864 4836
50 497 144 540 canc
418 472 768 535 TRIALOGUS.
1195 478 1257 549 259

53 652 165 695 namus
185 653 266 713 ergo,
281 635 363 713 quod
383 637 456 695 inter
476 653 581 696 omnes
601 654 705 696 sensus
727 637 914 708 extrinsecos,
935 654 1011 714 quos
1026 636 1108 698 Deus
1143 647 1280 722 mat*

54 733 110 795 dat
122 733 245 805 laomim
259 743 353 794 tactus
366 743 396 794 et
409 743 511 812 gustus
525 735 636 794 suntin
651 735 710 794 suis
722 734 838 811 judiciis
852 736 946 811 magis
960 735 1039 807 certi,
1055 734 1166 803 sede,
1144 728 1283 811 ''mim''

53 830 124 892 illos
137 849 240 891 sensus
254 831 404 893 haeresis
396 843 450 892 ista
465 831 693 892 confunderet
670 849 732 891 sine
747 849 845 902 causa,
860 829 1020 910 foretlcrgo
1034 833 1108 892 anti-
1142 818 1284 934 mffi‘m

54 927 247 991 christianum
274 940 488 990 sacramentum
516 928 597 1007 quod
628 928 703 991 istud
731 930 846 991 faceret.
902 929 982 990 Nam
1009 931 1109 1008 quoad

54 1033 169 1099 ιαιιιιιι,
194 1026 232 1087 de
256 1035 425 1087 sacramento
443 1028 545 1106 panai¹
570 1038 650 1106 patet
678 1030 879 1117 experimento
904 1027 1002 1089 certo'
1026 1027 1108 1106 quod

53 1125 220 1186 haereticus
243 1144 305 1186 non
325 1127 452 1205 negabit,
474 1125 555 1205 quod
575 1128 629 1186 iste
650 1128 736 1204 panis
757 1139 895 1199 sacratus,
917 1127 1003 1188 dum³
1026 1127 1110 1189 firerit

54 1224 151 1302 pistus
169 1226 288 1296 noviter,
304 1224 456 1302 dispariter
474 1225 621 1302 frangitur,
638 1235 670 1283 ut
688 1234 768 1302 patet
788 1224 825 1284 de
844 1223 1062 1303 frangibilitate⁴
1081 1235 1110 1285 et

55 1336 136 1382 sono
148 1321 180 1380 in
193 1325 413 1400 comparatione
428 1322 466 1382 ad
480 1341 587 1400 panem
602 1324 762 1398 antiquum,
777 1332 807 1381 et
821 1323 983 1400 specialiter
996 1324 1027 1382 in
1040 1343 1110 1384 aura

55 1417 181 1479 humida
204 1420 342 1480 tenaciter
365 1420 581 1480 adhaerentem.
624 1419 683 1480 Sed
707 1420 776 1480 talia
797 1419 967 1493 accidentia,
990 1421 1108 1483 durities

56 1517 193 1577 mollities
214 1517 368 1595 fragilitas⁸
386 1527 416 1578 ct
434 1519 583 1590 tenacitas,
597 1536 652 1578 nec
666 1529 791 1595 possunt
810 1537 863 1597 per
883 1537 994 1581 seesse
1009 1522 1109 1581 necin

56 1613 122 1676 aliia
132 1615 334 1676 >accidentibus
352 1615 515 1693 subjecturi,
529 1634 602 1693 ergo
621 1616 788 1694 relinquitur
801 1615 882 1694 quod
895 1618 932 1676 sit
946 1618 1109 1695 subjectum

56 1711 187 1790 aliquod,
208 1722 239 1772 ut
259 1714 344 1790 panis
365 1713 410 1772 vel
431 1711 523 1773 aliud⁰
542 1714 615 1773 haec
637 1714 811 1791 subjectans.
854 1713 931 1774 Cum
952 1716 1031 1775 enim
1051 1716 1110 1776 hoc

57 1821 274 1872 sacramemum
301 1830 424 1871 manens
451 1812 531 1872 idem
559 1813 697 1871 continue
721 1830 800 1872 nunc
827 1823 872 1872 est
900 1813 1004 1873 durum
1029 1833 1108 1875 nunc

56 1907 158 1981 molle,
171 1926 251 1969 nunc
269 1907 437 1988 frangibile'
456 1919 486 1969 et
499 1927 578 1969 nunc
599 1919 696 1981 tenax,
717 1919 797 1987 patet
817 1909 1008 1988 philosophis,
1027 1912 1109 1989 quod

57 2013 173 2084 praeter
186 2006 336 2083 qualitates
350 2018 486 2085 quattuor
496 2017 612 2086 oportet
626 2007 695 2067 dare
711 2008 874 2084 subjectum
889 2007 1016 2085 aliquod,
1028 2010 1109 2088 quod

58 2105 90 2164 in
104 2103 160 2164 illis
177 2104 270 2165 taliter
289 2115 503 2177 transmutatur,
518 2106 587 2184 quia
606 2106 686 2165 aliter
704 2116 851 2184 oporteret
869 2125 975 2185 negare
990 2106 1109 2169 distinc-

57 2206 170 2266 tionem
197 2206 297 2266 talium
325 2207 527 2279 accidentium,
553 2206 599 2266 vel
626 2206 707 2285 quod
733 2208 765 2266 in
792 2207 841 2267 tali
869 2209 1110 2267 transmutatione

58 2314 274 2365 sacramentum
295 2322 404 2366 novum
425 2306 562 2365 continue
584 2315 627 2365 est
648 2317 794 2379 creatum;
826 2306 907 2384 quod
931 2308 956 2366 si
983 2307 1110 2384 primum

58 2403 152 2475 detur,
166 2413 235 2463 ttmc
254 2403 365 2463 nullum
383 2403 519 2463 accidens
540 2404 722 2480 distinguitur
741 2422 760 2463 a
780 2403 919 2463 materiali
941 2405 1108 2475 substantia,

58 2510 88 2560 et
104 2517 171 2560 cum
185 2512 304 2561 manent
319 2501 487 2573 accidentia,
502 2501 549 2561 illa
563 2500 659 2561 forent
677 2501 833 2561 materialis
852 2503 1019 2572 substantia,
1035 2502 1108 2561 sicut

57 2598 165 2675 primo.
208 2597 343 2657 Similiter
360 2600 391 2657 in
403 2605 574 2658 sacramento
592 2601 689 2658 calicis
702 2599 801 2677 quoad
815 2618 934 2660 sensum
947 2607 1051 2677 gustas
1065 2609 1108 2659 est

57 2694 162 2755 eadem
177 2696 378 2768 consideratio,
393 2714 460 2756 cum
474 2707 570 2773 potest
585 2699 762 2775 contingere,
776 2699 856 2776 quod
867 2701 966 2758 vinum
980 2699 1152 2758 existens
1141 2750 1153 2774 ,
1230 2747 1240 2771 ,

57 2794 89 2854 in
101 2793 245 2870 principio
259 2794 343 2854 dulce
358 2804 387 2853 ct
401 2794 535 2871 sapidum
546 2813 599 2873 per
609 2797 861 2856 conservationem
875 2796 906 2854 in
916 2815 984 2856 vase
999 2789 1185 2897 dictur-{Le

58 2910 138 2963 nam,
153 2891 227 2951 foret
241 2910 341 2951 acrum
355 2902 383 2950 et
398 2894 520 2951 omnino
535 2894 701 2970 insipidum.
743 2895 781 2953 Et
795 2906 937 2972 quantum
951 2913 1007 2955 nos
1021 2869 1185 2972 gustu⁸⁸⁸0

57 2990 104 3052 vel
123 2993 235 3051 ratione
256 3008 412 3068 possumus
429 2991 567 3067 judicare,
587 3001 701 3068 oportet
720 2993 789 3052 dare
808 2993 926 3070 aliquod
946 2994 1109 3071 subjectum

58 3088 140 3168 quod
163 3089 195 3148 in
218 3088 273 3148 illis
296 3087 479 3166 qualitatibus
507 3088 735 3148 transmutetur⁸.
787 3089 942 3161 Quantitas
967 3091 1054 3161 enim,
1078 3100 1110 3148 ut

57 3186 241 3266 profunditas
260 3186 306 3245 vel
330 3185 506 3263 superficies,
528 3204 589 3245 non
610 3188 712 3264 recipit
735 3188 989 3247 denominationes
1011 3188 1111 3265 hujus·

57 3285 142 3346 modi
164 3284 342 3362 qualitatum,
364 3302 432 3344 cum
453 3295 523 3344 tunc
543 3286 574 3342 in
595 3286 675 3343 omni
696 3304 820 3362 corpore
840 3286 965 3345 habente
984 3285 1111 3363 longitu-

58 3382 160 3443 dinem
177 3382 357 3442 latitudinem
377 3391 405 3441 et
419 3381 645 3459 profunditatem
660 3383 735 3442 foret
751 3386 897 3461 quantitas
916 3384 1008 3443 taliter
1022 3383 1111 3443 infor·

57 3488 147 3540 mata.
190 3479 316 3557 Oportet
329 3497 401 3557 ergo
416 3490 529 3556 praeter
542 3481 735 3556 quantitatem
754 3480 824 3540 dare
843 3481 1014 3558 subjectum,
1029 3481 1112 3557 quod

58 3595 113 3656 per
126 3576 277 3654 qualitates
291 3575 458 3654 hujusmodi
473 3577 615 3649 alteretru,
631 3595 699 3637 cum
718 3578 856 3637 continue
876 3579 912 3638 sit
927 3597 1004 3637 nova
1017 3596 1112 3656 quan·

59 3676 129 3737 titas
142 3673 297 3734 rarefacta·
307 3674 351 3734 vel
366 3675 496 3735 densata.

102 3771 161 3833 Sed
189 3772 257 3849 quia
283 3774 315 3832 in
342 3772 397 3832 ista
424 3773 544 3832 materia
572 3772 756 3849 multiplicavi
783 3773 854 3833 alias
878 3784 1057 3850 argumenta,
1083 3785 1113 3833 et

93 3969 265 4084 1ικιιιιελιοιιι.
277 3971 316 4021 cd.
328 3986 365 4036 pr.
491 3970 597 4035 ’certo]
610 3987 660 4020 om
673 3971 767 4021 Amne
889 3969 1065 4034 'dum]cum,
1078 3969 1112 4046 D.

58 4035 68 4066 ⁴
85 4033 191 4099 frngib'
203 4035 274 4101 tate]
287 4035 428 4101 fragilitate.
440 4037 472 4085 Α.
485 4036 607 4088 secundae
617 4051 712 4084 manus.
853 4032 1011 4099 'fragilitasJ

58 4099 202 4158 bilitasfficd
214 4116 251 4166 pr.
382 4100 706 4166 ‘aliud]aliquid,A...BC
700 4099 822 4215 οιιέςΙ
944 4098 1100 4162 'frangibie

58 4163 154 4228 fragile,
166 4165 199 4214 Α.
309 4165 319 4194 ⁸
336 4166 523 4230 transmutetur]
533 4171 716 4220 transmutatur
729 4164 753 4213 Α
955 4164 965 4193 ⁹
982 4164 1101 4215 rarefacta

58 4229 386 4288 rarefactnsubstantiac..
399 4230 440 4288 D..
453 4229 791 4296 Eprimaemanuswedpr

566 4330 613 4371 82
