2864 4836
136 439 238 482 cam.
511 410 853 474 TRIALOGUS.

136 576 292 655 cupiditas
315 585 346 635 et
369 576 501 636 defectus
524 575 592 636 fidei
613 577 670 636 sint
693 577 723 633 in
745 593 841 635 causa
885 573 969 646 Quis,
991 588 1075 648 rogo,
1099 570 1207 628 iaceret

138 691 279 735 scurram
303 674 495 733 mediatorem
518 691 613 743 suum,
635 684 666 732 ut
687 674 763 749 regis
785 672 938 748 paratioris
959 681 987 730 et
1008 669 1208 729 clementioris

140 772 297 848 colloquio
321 772 483 848 potiretur?
526 770 624 830 Sancti
653 771 753 846 igitur¹
779 772 809 829 in
837 770 922 829 coelo
950 770 1017 828 licet
1046 785 1106 826 non
1135 765 1209 825 sint²

142 887 270 931 scurrae
281 870 334 930 sed
347 871 526 947 incorporati
539 869 586 928 in³
596 868 714 928 Christo
728 886 780 945 per
794 869 917 944 gratiam
933 867 1097 935 Salvatoris,
1109 877 1208 924 tamen

144 969 249 1029 minus
273 986 305 1028 se
329 968 438 1027 habent
461 969 492 1026 in
517 967 737 1044 comparatione
761 965 800 1026 ad
824 967 913 1036 illum,
935 984 1025 1042 quam
1050 982 1150 1024 scurra
1172 963 1209 1022 ad

144 1083 253 1144 regem
266 1075 422 1126 terrenum.
463 1065 591 1140 Expedit
605 1075 703 1123 tamen
718 1065 756 1124 ad
770 1066 859 1123 vitam
879 1074 1048 1122 sanctorum
1061 1061 1210 1121 attendere

144 1174 179 1225 et
192 1163 259 1223 illos
273 1165 354 1240 sequi
373 1165 403 1222 in
423 1165 554 1222 moribus
572 1174 723 1240 tamquam
743 1164 842 1228 duces,
858 1162 895 1222 de
909 1173 1020 1239 quanto
1040 1161 1096 1238 ipsi
1112 1159 1211 1218 Chris-

146 1273 216 1324 tum
239 1261 424 1321 choraulam⁴
444 1263 532 1321 totius
553 1261 694 1320 ecclesiae
715 1271 782 1320 sunt
803 1260 901 1321 secuti.
947 1259 987 1317 Et
1007 1260 1075 1336 quia
1094 1258 1212 1317 stultum

147 1370 198 1421 est
217 1360 250 1419 iu
270 1361 435 1438 periculoso
454 1360 556 1418 itinere
577 1361 652 1418 viam
672 1360 784 1436 regiam
798 1370 828 1417 et
842 1377 975 1419 securam
989 1357 1165 1433 relinquere⁶
1184 1365 1213 1413 et

149 1458 290 1520 semitam
304 1459 444 1517 incertam
458 1458 517 1516 sive
531 1458 713 1533 incognitam
729 1459 862 1533 arripere,
874 1456 985 1515 videtur
999 1455 1081 1532 quod
1094 1464 1212 1532 patente

151 1558 214 1616 vita
237 1555 345 1616 Christi
374 1567 402 1614 et
430 1557 489 1614 suis
517 1556 632 1631 regulis,
658 1556 729 1614 alias
757 1556 829 1614 vitas
858 1555 999 1613 debemus
1024 1563 1212 1630 postponere.

151 1652 245 1713 Unde
255 1654 359 1712 beatus
372 1652 545 1728 cypntnust
560 1652 705 1727 profunde
719 1663 748 1710 et
762 1652 901 1711 subtiliter
914 1652 1039 1711 inculcat
1052 1652 1136 1708 istam
1148 1667 1213 1707 sen-

151 1750 292 1812 mutiam:
313 1756 320 1781 ‘
330 1751 363 1820 si,
374 1751 475 1827 inquit,
488 1749 568 1809 solus
578 1749 708 1810 Christus
719 1749 881 1810 audiendus
892 1761 944 1819 est,
956 1749 1026 1824 quid
1037 1749 1122 1807 nobis
1133 1747 1213 1824 quod

152 1848 245 1909 ceteri
259 1849 351 1908 sancti
371 1849 614 1924 praeceperuntl’
644 1848 683 1907 Et
696 1832 765 1907 hinc
779 1847 929 1924 apostolus
940 1846 1048 1904 Paulus
1063 1844 1212 1921 praecipit,

155 1946 240 2026 quod
261 1947 298 2006 de
316 1946 415 2006 tanto*
435 1947 480 2005 sui
499 1948 632 2005 conversi
651 1948 708 2005 sint
727 1948 771 2006 sui
785 1944 960 2004 imitatores⁸
976 1945 1012 2003 de
1027 1954 1136 2020 quanto
1151 1943 1214 2018 ipse

155 2052 203 2106 cst
216 2043 343 2103 imitator
357 2042 473 2114 Christi,
489 2054 518 2102 et
533 2043 569 2102 de
584 2054 665 2103 tanto
679 2045 776 2121 ipsum
790 2044 909 2102 audiant
924 2044 960 2102 de
975 2052 1086 2120 quanto
1103 2043 1133 2100 in
1148 2043 1213 2118 ipso

154 2142 285 2220 loquitur
307 2141 447 2202 Christus.
490 2143 615 2218 Insuper
635 2143 747 2201 videtur
769 2142 874 2213 multis,
896 2141 975 2218 quod
997 2142 1076 2199 curia
1097 2142 1150 2198 ista
1172 2141 1213 2198 sic
1292 2207 1299 2233 ι

157 2240 337 2301 canonisans
351 2250 468 2300 sanctos
482 2240 653 2317 blaspheme
670 2242 836 2318 praesumit,
852 2258 919 2298 cum
933 2237 1091 2298 subducta'
1105 2238 1213 2296 revela·
1298 2306 1303 2317 ,

155 2338 248 2408 tione,
272 2347 333 2397 tam
357 2337 471 2415 plane¹⁰
495 2339 610 2414 ignorat
637 2340 820 2397 sanctitatem
849 2337 985 2406 defuncti,
1011 2355 1100 2413 quam
1128 2337 1213 2414 plane

157 2440 276 2515 ignorat
290 2435 441 2515 Johannes
455 2438 595 2514 presbiter
609 2437 653 2496 vel
668 2436 849 2496 Soldanus¹¹.
892 2436 930 2494 Et
945 2446 1056 2494 certum
1069 2445 1122 2504 est,
1134 2433 1214 2509 quod

157 2537 276 2597 testium
301 2536 445 2612 depositio
469 2535 539 2593 nihil
561 2536 674 2612 probat,
696 2554 766 2594 cum
791 2536 942 2611 supposita
962 2534 1088 2592 veritatis
1113 2533 1216 2590 notitia

161 2634 355 2696 canonisandi
370 2651 404 2692 ac
419 2632 533 2692 detecta
547 2651 641 2710 papae
661 2633 781 2691 fideliter
801 2634 862 2691 sine
877 2631 1040 2701 mendacio,
1055 2630 1136 2707 quod
1150 2648 1215 2690 raro

160 2732 207 2791 vel
227 2749 380 2808 nunquam
401 2732 496 2791 evenit
517 2732 621 2801 adhuc,
643 2732 787 2808 depositio
808 2742 949 2807 quantum
970 2731 1008 2789 ad
1032 2731 1216 2808 propositum

163 2829 236 2890 nibil
264 2830 378 2905 probat,
403 2838 465 2887 tum
493 2829 561 2906 quia
585 2831 728 2889 sententia
750 2830 864 2888 alterius
887 2829 993 2906 judicis
1016 2828 1217 2888 sententiantis

162 2929 326 2990 secundum
351 2928 475 3005 allegata
498 2939 528 2987 et
549 2930 679 3004 probata,
702 2931 751 3006 qui
773 2931 864 3006 judex
889 2930 962 2988 soret
986 2930 1098 2988 mundo
1122 2929 1217 3004 magis

162 3027 335 3097 autenticus,
348 3037 462 3086 tanturn
483 3029 618 3102 probaret
637 3029 710 3086 sicut
728 3047 823 3105 papae
843 3029 985 3086 sententia
1004 3029 1035 3085 in
1056 3027 1111 3086 hac
1126 3035 1218 3101 parte,

164 3136 229 3184 tum
258 3126 346 3183 etiam
371 3127 440 3201 quia
468 3126 667 3184 testimonium
694 3126 797 3184 horum
824 3125 1033 3200 deponentium
1055 3125 1160 3200 probat
1182 3124 1220 3181 ad

166 3223 337 3290 maximum,
352 3223 433 3300 quod
454 3223 513 3282 dati
534 3224 625 3281 sancti
647 3225 828 3281 conversatio
851 3223 903 3280 luit
918 3223 997 3293 talis;
1028 3232 1056 3280 et
1077 3240 1144 3280 curn
1162 3221 1219 3279 hoc

166 3331 232 3392 stat,
246 3321 328 3397 quod
341 3339 434 3397 usque
449 3321 487 3380 ad
501 3330 625 3379 mortem
640 3319 692 3378 suit
707 3321 857 3396 hypocrita
877 3330 904 3377 et
924 3320 1092 3394 praescitus.
1135 3317 1219 3388 Quae

167 3419 255 3494 igitur
268 3420 475 3495 praesumptio,
490 3437 577 3494 supra
592 3420 714 3493 allegata
728 3428 757 3475 et
770 3418 893 3493 probata
907 3415 1076 3473 affirmare¹²
1088 3426 1117 3473 et
1132 3433 1221 3474 cano·

206 3609 211 3636 ¹
230 3605 315 3670 igitur]
328 3621 378 3655 om.
390 3606 428 3655 ed.
438 3622 477 3720 yar.
641 3604 651 3632 ²
667 3602 728 3666 sint]
741 3608 806 3658 sunt,
817 3601 856 3651 ed.
868 3618 905 3666 pr.
1052 3601 1062 3629 ³
1079 3601 1115 3665 in]
1128 3617 1178 3650 om.
1189 3601 1221 3650 Α.

168 3670 179 3701 ⁴
195 3669 351 3734 choraulam]
364 3687 437 3721 corau
447 3687 495 3727 am,
508 3671 562 3719 libri
574 3685 648 3718 manu
660 3668 752 3731 scripti.
906 3667 916 3696 ⁶
933 3666 1077 3730 relinquere]
1090 3667 1222 3724 dimittere,

170 3735 266 3787 A.B.C.
278 3736 317 3785 ed.
329 3752 367 3800 pr.
506 3736 515 3764 ⁰
533 3734 681 3798 Cyprianus]
695 3733 832 3798 Cyprianus
843 3732 1001 3782 distinctione
1012 3741 1107 3787 octava,
1119 3732 1157 3782 ed.
1169 3749 1221 3796 pr.;

171 3801 236 3852 Cod.
248 3802 277 3850 B.
286 3802 312 3850 in
323 3801 433 3865 margine
440 3801 589 3864 adscriptum
601 3799 690 3852 habet:
709 3800 752 3847 'ln
762 3813 864 3854 canone,
872 3798 1031 3848 distinctione
1040 3799 1068 3858 3!
1096 3797 1222 3846 Sententia

170 3867 237 3916 enim
253 3882 282 3915 ex
294 3867 411 3930 Cypriani
426 3866 531 3931 epistola
545 3867 576 3914 ad
589 3865 722 3915 Caecilium
740 3865 805 3921 data,
821 3872 895 3927 atque
905 3865 931 3912 in
948 3866 1058 3927 Corpore
1075 3862 1140 3926 Juris
1152 3864 1222 3917 Can..

172 3933 202 3981 P.
213 3932 238 3986 i..
250 3931 357 3981 distinct.
371 3934 393 3987 8.
406 3947 427 3981 c.
440 3948 462 3988 o.
475 3932 577 3996 repetita
588 3930 718 3994 profertur.
820 3929 829 3957 ⁷
847 3929 877 3978 de
889 3929 970 3993 tanto]
982 3929 1013 3977 de
1024 3935 1124 3992 quanto,
1135 3926 1173 3975 ed.
1186 3943 1223 3991 pr.

172 3996 182 4026 ⁸
199 3996 349 4060 imitatores]
361 3997 514 4051 imitatiores,
526 3997 564 4046 ed.
576 4012 613 4059 pr.
740 4002 744 4006 “
798 3995 807 4023 ⁹
824 3994 955 4057 subducta]
969 3993 1076 4047 seducta,
1089 3992 1122 4040 D.
1134 3992 1172 4040 ed.
1184 4007 1221 4056 pr.

174 4061 194 4092 ¹⁰
209 4061 295 4127 plane]
307 4061 387 4126 plene,
399 4062 438 4110 ed.
452 4078 488 4127 pr.
611 4062 627 4089 ¹¹
645 4059 773 4123 soldanus]
786 4059 910 4111 zoldanus,
923 4059 979 4106 libri
991 4058 1062 4107 MSS.
1074 4058 1116 4106 i.e.
1128 4057 1226 4113 Sullan,

172 4127 310 4177 Turcurum
328 4127 473 4192 imperator;
498 4126 623 4191 Johannes
640 4126 773 4190 presbyter,
790 4124 842 4173 scil.
852 4123 893 4172 ille
909 4125 950 4187 qui
968 4124 992 4171 in
1004 4130 1113 4173 extremo
1130 4124 1224 4172 oriente

174 4207 276 4255 regnare
287 4192 423 4241 dicebatur.
522 4191 540 4221 ¹²
556 4190 688 4254 affinnare]
701 4189 853 4244 confirmare,
865 4188 900 4236 D.
