2864 4836
611 436 866 514 Jonnnrs
894 430 1107 498 iurem
1315 455 1392 492 um.

342 597 511 672 tingentem,
526 607 614 672 patet,
629 598 710 674 quod
730 598 861 657 absolute
880 599 1076 659 necessarium
1095 598 1144 656 sit¹
1159 614 1224 656 esse
1242 597 1393 654 veritatem

342 695 570 770 contingentem.
613 695 766 767 Quantum
786 697 824 755 ad
844 698 989 758 secundam
1010 697 1176 755 instantiam
1201 704 1292 763 tuam,
1313 701 1394 770 patet

342 811 379 850 ex
400 793 493 863 dictis,
515 793 596 868 quod
618 812 680 852 non
701 794 825 871 objicit²,
848 813 916 854 cum
937 796 1114 866 conceditur,
1136 793 1218 871 quod
1239 793 1325 851 Deus
1350 800 1393 849 est

342 891 482 968 quidquid
503 892 607 950 melius
628 903 757 951 estesse
778 911 869 969 quam
894 911 956 951 non
979 911 1053 964 esse,
1074 904 1104 951 et
1126 911 1188 950 non
1212 891 1391 960 conceditur,

341 989 422 1064 quod
436 987 518 1048 Deus
532 991 619 1047 solum
634 1003 678 1049 est
692 990 762 1049 illud
776 991 858 1066 quod
872 991 976 1049 melius
990 1000 1035 1049 est
1048 1009 1112 1050 esse
1125 1008 1216 1067 quam
1231 1007 1296 1048 non
1310 1006 1390 1059 esse;

341 1103 409 1145 cum
429 1087 524 1162 posita
543 1087 753 1160 incarnatione,
767 1088 850 1147 Deus
868 1100 912 1147 est
931 1089 1104 1160 humanitas,
1119 1100 1148 1147 et
1163 1088 1269 1146 melius
1284 1097 1331 1146 est
1344 1086 1392 1145 ali·

341 1184 411 1260 quid
426 1202 488 1242 non
501 1203 566 1244 esse
582 1185 802 1255 humanitatem,
818 1196 849 1244 ut
864 1196 935 1262 puta
948 1185 1093 1256 deitatem,
1108 1185 1212 1262 quam³
1224 1195 1272 1244 est
1285 1184 1393 1261 aliquid

320 1324 323 1343 .
340 1299 405 1341 esse
419 1282 638 1353 humanitatem,
653 1301 689 1342 eo
704 1283 785 1360 quod
799 1300 861 1340 non
875 1294 918 1342 est
933 1284 1035 1342 melius
1049 1283 1158 1360 aliquid
1170 1301 1238 1343 esse
1258 1281 1391 1342 humani·

319 1356 323 1485 Ι
340 1389 438 1450 tatem,
453 1398 541 1457 quam
555 1393 599 1439 est
614 1382 677 1458 ipsa
691 1381 862 1440 humanitas.
905 1380 963 1440 Sed
978 1382 1014 1440 de
1029 1382 1086 1440 isto
1100 1380 1227 1440 inferius.

788 1612 883 1672 CAP.
906 1613 942 1670 V.

690 1754 736 1812 Dc
744 1756 962 1830 proprietatibus
975 1754 1040 1812 Dei.

146 1901 277 1979 mmm
378 1885 542 1946 Phromsis.
585 1887 630 1946 Ex
651 1888 712 1946 istis
733 1887 848 1947 duobus
868 1889 1017 1964 principiis
1035 1899 1096 1946 tam
1115 1887 1273 1963 praeclaris
1292 1887 1390 1947 inferri

144 1954 301 2066 3⁸¹3,ssle
337 1995 433 2061 potest
457 2003 650 2062 quaecunque
671 1988 773 2061 passio,
794 1986 839 2043 vel
858 1987 1016 2062 proprietas
1041 2004 1116 2063 quae
1140 1985 1259 2045 infuerit
1283 1987 1389 2047 deitati.

143 2067 293 2192 ffiffim
336 2083 417 2142 Deus
432 2085 510 2142 enim
524 2083 678 2160 estfactus,
693 2085 761 2159 quia
775 2084 878 2142 melius
892 2095 936 2143 est
950 2084 1059 2160 aliquid
1079 2102 1144 2142 esse
1161 2084 1284 2160 justum,
1299 2102 1388 2162 quam

251 2175 257 2194 '
336 2191 380 2239 est
394 2181 502 2257 aliquid
522 2199 583 2239 non
600 2199 664 2240 esse
681 2182 800 2258 justum,
816 2200 852 2240 eo
872 2183 952 2257 quod
973 2182 1114 2258 dirigens*
1133 2181 1260 2258 aliquid⁸
1273 2192 1305 2241 ut
1324 2200 1388 2241 esse

336 2278 430 2347 debet,
446 2289 489 2336 est
504 2278 607 2336 melius
621 2297 709 2355 quarn
729 2279 888 2338 directione
908 2280 957 2337 tali
976 2281 1121 2356 indigens.
1163 2278 1296 2338 Primum
1316 2296 1387 2356 ergo

335 2375 463 2451 dirigens
477 2386 594 2451 oportet
608 2395 671 2435 esse
685 2379 804 2453 justum,
816 2396 847 2437 se
861 2378 973 2437 habens
984 2379 1114 2454 undique
1124 2376 1198 2436 sicut
1209 2375 1308 2437 debet.
1351 2377 1388 2435 Et

271 2486 278 2501 “
336 2493 372 2535 ex
388 2474 494 2533 eodem
508 2483 588 2550 patet
602 2474 683 2550 quod
694 2474 776 2534 Deus
791 2487 834 2534 est
845 2477 1005 2553 intelligens,
1020 2478 1088 2553 quia
1101 2475 1204 2534 melius
1217 2487 1265 2535 est
1279 2475 1386 2553 aliquid

334 2591 399 2632 esse
413 2572 586 2646 intelligens,
602 2589 690 2648 quarn
705 2573 765 2631 est⁶
779 2574 888 2650 aliquid
902 2592 967 2633 esse
982 2591 1044 2632 non
1064 2573 1237 2648 intelligens,
1252 2590 1289 2631 eo
1307 2571 1387 2650 quod

331 2671 378 2729 illa
392 2688 438 2729 res
451 2688 528 2746 quae
543 2669 635 2727 intus⁷
648 2669 726 2745 legit,
742 2670 882 2747 quidquid
894 2671 970 2747 juste
985 2672 1108 2741 ordinat,
1120 2680 1165 2728 est
1178 2670 1283 2729 melior
1298 2688 1386 2748 quarn

331 2769 439 2844 aliquid
453 2768 534 2843 quod
550 2787 610 2826 non
625 2769 667 2826 sic
682 2780 789 2829 causat.
831 2769 885 2827 Et⁸
905 2789 941 2828 ex
962 2771 1067 2829 eodem
1082 2770 1194 2828 videtur
1207 2769 1291 2845 quod
1305 2768 1387 2829 Deus

332 2877 375 2924 est
389 2867 489 2924 omnia
504 2866 668 2924 necessario
688 2848 806 2942 semper
825 2885 960 2936 noscens,
978 2886 1045 2925 curn
1065 2866 1198 2926 absolute
1217 2868 1384 2927 necessario

331 2965 426 3023 noscit
441 2983 471 3022 se
486 2965 592 3039 ipsum,
608 2982 675 3022 curn
690 2964 727 3022 de
742 2983 773 3023 se
788 2983 819 3023 se
832 2966 930 3041 ipsum
946 2976 1056 3035 noscat,
1071 2975 1100 3023 et
1113 2964 1217 3022 melius
1233 2974 1288 3035 est,
1303 2964 1384 3042 quod

331 3081 419 3122 causa
438 3072 599 3138 eognoscat
615 3063 757 3139 quidquid
768 3063 863 3134 efficit,
879 3082 967 3139 quarn
981 3064 1062 3140 quod
1077 3064 1113 3121 sit
1127 3081 1216 3122 causa
1236 3080 1299 3121 non
1314 3081 1384 3140 cog·

141 3169 262 3249 mquam
330 3179 457 3219 noscens
482 3160 622 3235 quidquid
647 3161 741 3218 efficit.
788 3160 825 3218 Et
850 3179 886 3218 ex
912 3162 1018 3220 eodem
1040 3161 1176 3236 sequitur,
1199 3159 1282 3236 quod
1305 3160 1384 3219 Deus

329 3254 447 3335 semper
459 3258 528 3317 scit⁹
542 3260 641 3328 omnm,
657 3277 725 3317 cum
735 3258 839 3316 melius
850 3260 885 3316 sit
900 3260 1026 3334 aliquam
1041 3276 1103 3317 rem
1122 3276 1187 3316 esse
1201 3258 1382 3318 immobilem

329 3357 470 3415 scientem
485 3357 595 3426 omnia,
611 3373 700 3431 quarn
714 3373 779 3414 esse
794 3355 948 3432 aliquam¹⁰
962 3374 1024 3413 rem
1039 3372 1100 3413 non
1115 3355 1259 3413 scientem
1273 3356 1382 3415 omnia.

328 3454 367 3512 Et
386 3473 423 3512 ex
437 3456 500 3513 isto
521 3455 607 3530 plane
629 3452 757 3525 infertur,
779 3454 859 3530 quod
881 3472 979 3523 omne,
995 3454 1075 3530 quod
1097 3453 1150 3511 luit
1171 3453 1215 3512 vel
1237 3455 1301 3525 erit,
1322 3467 1365 3515 est
1372 3473 1381 3525 ς

329 3552 397 3627 quia
415 3553 439 3609 si
459 3552 567 3627 aliquid
587 3552 638 3610 fuit
657 3553 702 3610 vel
722 3553 782 3623 erit,
802 3552 884 3610 Deus
904 3552 1088 3627 eognoscet¹¹
1108 3551 1178 3609 illud
1198 3568 1281 3624 esse;
1311 3553 1381 3613 etsi

328 3649 516 3723 cognoscet¹²
540 3650 609 3707 illud
634 3668 708 3719 esse,
733 3662 803 3709 tunc
828 3651 982 3726 cognoscit
1007 3650 1076 3708 illud
1101 3667 1174 3718 esse,
1199 3668 1269 3708 cum
1294 3650 1381 3710 non¹⁸

328 3762 424 3830 potest
437 3755 563 3830 incipere
578 3754 623 3812 vel
637 3755 768 3814 desinere
783 3755 942 3832 quidquam
956 3773 1096 3826 noscere;
1117 3764 1146 3813 et
1166 3754 1191 3813 si
1205 3752 1291 3814 Deus
1311 3775 1380 3834 cog·

360 3912 366 3940 ¹
385 3910 429 3974 sit]
442 3919 486 3966 est,
500 3910 532 3959 D.
591 3910 601 3938 ⁹
618 3909 713 3973 objicit]
727 3911 758 3958 A.
772 3911 801 3960 C.
813 3911 852 3960 ed.
864 3928 914 3975 pr.;
927 3911 1084 3974 objectivum.
1094 3910 1122 3960 B.
1179 3910 1190 3941 ³
1206 3911 1296 3978 mmm]
1308 3914 1380 3979 quod,

326 3977 364 4025 ed.
376 3992 412 4041 pr.
481 3976 612 4039 ‘dirigens
637 3984 673 4024 est
685 3976 800 4039 dirigens,
812 3978 844 4025 A.
910 3976 1124 4090 ⁶alifluid]aliud,
1138 3975 1197 4027 B.C.
1307 3978 1379 4043 ‘est1

326 4058 374 4090 om.
387 4042 425 4090 ed.
438 4057 473 4106 pr.
522 4042 614 4090 'intus
639 4041 783 4097 intellectus,
795 4042 833 4091 ed.
845 4058 882 4106 pr.
894 4058 950 4091 curn
986 4043 1202 4106 primaemanus.
1255 4043 1380 4110 'et]om.

326 4107 363 4155 ed.
377 4123 412 4170 pr.
560 4110 570 4135 ⁹
588 4107 644 4170 scit]
658 4108 695 4157 ed.
708 4123 744 4171 pr.
754 4109 790 4155 sit.
922 4110 939 4136 ¹⁰
955 4107 1076 4171 aliquam]
1089 4107 1171 4162 aliam.
1183 4106 1223 4157 cd.
1233 4123 1272 4174 pr.
1283 4124 1342 4160 cum
1354 4110 1381 4159 B.

306 4171 344 4235 ,¹¹
362 4172 701 4285 cogoscetlcomoscit.ed.
713 4188 749 4236 pr.
810 4173 827 4200 ¹²
843 4173 987 4236 cognoscet]
1002 4172 1186 4236 cognoscit,ed
1199 4188 1236 4237 pr.
1284 4175 1304 4211 Β
1319 4174 1380 4240 non]

307 4251 376 4293 ,om
421 4252 472 4299 .pr.
