2864 4836
498 421 754 499 JoANNJS
791 421 1000 483 Wrcrrr
1188 440 1276 478 narn.

228 566 293 636 isto,
308 567 388 642 quod
404 567 560 625 serviamus
574 565 642 625 Deo
655 584 692 624 ex
707 575 768 625 tota
786 577 886 625 nostra
906 567 1035 642 potentia
1048 575 1078 624 et
1093 566 1208 635 virtute,
1221 561 1277 620 dili·

228 681 390 740 gamusque
412 664 509 739 ipsum
529 682 566 722 ex
587 674 650 722 toto
671 663 760 723 corde
780 664 824 723 in¹
839 673 902 722 tota
922 663 1020 722 anima
1039 673 1069 720 et
1083 673 1148 722 tota
1169 655 1278 719 mente¹

229 771 328 820 nostra
342 761 380 820 ad
394 761 611 821 similitudinem
622 762 782 821 Trinitatis.
823 761 863 820 Et
876 762 938 820 sine
948 761 1005 819 hac
1015 771 1098 837 parte
1113 758 1240 818 caritatis
1252 767 1278 814 et

228 834 338 935 grande
351 858 429 917 nulla
443 860 531 918 virtus
545 859 664 918 moralis
678 861 753 919 inest
770 859 892 920 homini.
933 857 971 917 Et
984 869 1052 936 post
1070 859 1150 917 hanc
1169 867 1278 934 partem

227 956 353 1033 justitiae
373 967 490 1033 oportet
510 957 660 1016 hominem
682 976 795 1017 servare
815 957 902 1017 aliam
923 956 961 1016 ad
981 956 1142 1034 quemlibet
1164 955 1277 1014 fratrem

229 1065 368 1114 nostrum.
410 1054 449 1114 Et
463 1074 530 1114 cum
544 1066 665 1132 utraque
679 1058 799 1115 istarum
814 1054 956 1115 servatur⁸
970 1056 1000 1113 in
1019 1053 1122 1130 spiritu
1136 1061 1277 1130 separato,

228 1164 316 1229 patet,
338 1152 419 1230 quod
440 1153 476 1212 sit
497 1153 585 1212 virtus
606 1153 690 1212 altior
710 1172 799 1231 quam
820 1153 965 1231 appetitus
984 1151 1149 1221 sensitivus,
1172 1151 1278 1226 inqua

229 1254 316 1311 virtus
336 1250 503 1328 hujusmodi
528 1251 565 1309 sit
586 1250 713 1311 fundata.
754 1252 793 1310 Et
813 1261 880 1328 post
900 1251 985 1309 istam
1003 1249 1143 1326 justitium
1165 1255 1279 1325 oportet

230 1350 332 1410 adesse
335 1349 544 1428 sornludtium,
559 1368 634 1426 quae
648 1360 765 1409 moveat
777 1350 929 1408 hominem
944 1345 982 1407 ad
1001 1347 1175 1424 patiendum
1189 1361 1278 1422 usque

229 1449 267 1507 ad
287 1457 412 1506 mortem
431 1457 460 1505 et
479 1448 708 1523 aggrediendum
728 1448 830 1506 mortis
848 1447 1008 1516 articulum,
1023 1446 1061 1504 si⁴
1079 1454 1207 1521 oportet,
1227 1459 1278 1519 pro

230 1544 401 1604 defensione
414 1545 547 1621 justitiae.
590 1544 628 1603 Et
641 1545 715 1604 haec
729 1547 817 1604 virtus
831 1555 875 1604 est
889 1545 918 1603 in
933 1545 1034 1602 virtute
1048 1561 1111 1601 uon
1131 1542 1278 1619 organica,

230 1662 298 1702 cum
319 1644 433 1701 animus
453 1642 484 1701 in
505 1643 568 1720 ejus
589 1644 784 1720 completione
805 1642 971 1702 naturaliter
992 1640 1159 1701 delectatur.
1210 1640 1279 1698 Post

229 1741 306 1801 hanc
321 1740 481 1800 secundam
492 1741 624 1799 virtutem
634 1735 810 1800 cardinalem
821 1749 938 1817 oportet
947 1738 1028 1816 quod
1041 1739 1112 1798 assit
1119 1739 1280 1814 prudentio,

231 1858 306 1916 quae
327 1850 432 1898 cuncta
453 1856 543 1914 opera
559 1839 659 1898 viantis
680 1839 791 1918 regulet
812 1837 1000 1897 conformiter
1014 1836 1052 1896 ad
1074 1836 1202 1913 primam
1220 1837 1279 1913 jus·

231 1938 322 1995 titiam
350 1936 570 2013 impellentem⁵.
620 1935 659 1994 Et
683 1937 761 1995 illam
786 1947 871 1995 vocat
892 1935 1075 2012 evangelium
1096 1935 1280 2012 prudentiam

232 2035 451 2111 serpentinam⁸,
472 2034 541 2109 quia
566 2044 668 2093 contra
691 2053 797 2093 omnes
817 2035 1030 2111 temptationes,
1052 2032 1097 2092 et⁷
1119 2034 1281 2110 specialiter

232 2143 335 2191 contra
353 2133 574 2206 temptationem
594 2133 712 2203 diaboli,
726 2131 865 2191 obdurat⁸
878 2150 968 2190 unam
980 2141 1093 2207 partem
1108 2132 1186 2191 auris
1199 2131 1280 2190 intel-

232 2231 322 2288 lectus
343 2246 411 2286 cum
431 2240 511 2305 parte
531 2230 675 2289 extrema⁹
694 2230 804 2289 caudae
823 2249 900 2300 suae,
920 2230 1109 2289 considerans
1129 2231 1281 2306 quomodo

231 2328 420 2385 necessitatur
440 2328 514 2385 mori
535 2329 573 2386 ab
594 2329 648 2387 hac
669 2329 753 2387 vita¹⁰
773 2325 887 2397 misera,
902 2339 930 2387 et
951 2327 1112 2387 secundum
1133 2328 1215 2404 quod
1236 2329 1281 2387 hic

230 2426 334 2484 meruit
358 2425 428 2485 vel¹¹
450 2426 590 2484 demeruit
615 2427 744 2502 recipere
769 2427 800 2484 in
820 2424 877 2484 alio
900 2425 1015 2484 saeculo
1036 2427 1200 2501 praemium
1223 2427 1281 2485 sive

230 2542 366 2599 poenam.
410 2523 574 2582 Secundam
589 2534 701 2599 partem
716 2524 792 2582 auris
807 2522 968 2581 intellectus
985 2523 1112 2599 applicat
1125 2523 1163 2581 ad
1177 2534 1281 2582 terram

231 2621 390 2698 fragilitatis
415 2622 569 2690 humanae,
595 2633 623 2680 et
648 2622 688 2680 sic
713 2633 805 2681 totam
830 2639 913 2697 spem
938 2621 1071 2698 adjutorii
1097 2621 1217 2681 inclinat
1244 2621 1280 2679 ad

232 2719 402 2794 suffragium
428 2718 484 2776 Dei
510 2718 561 2776 sui.
607 2718 645 2776 Et
669 2719 723 2778 ista
747 2729 791 2778 est
816 2719 968 2795 prudentia
992 2721 1167 2795 serpentina,
1193 2738 1281 2797 quam

232 2834 352 2874 necesse
377 2825 421 2873 est
446 2817 604 2874 consistere
629 2817 659 2874 in
684 2818 813 2892 potentia
837 2817 1007 2876 intellectus.
1048 2815 1162 2889 Quarto
1185 2830 1281 2877 autem

232 2931 299 2971 cum
314 2930 376 2970 non
395 2925 494 2972 assunt
509 2915 580 2971 istae
600 2925 658 2973 tres
672 2915 799 2985 virtutes,
814 2914 869 2972 nisi
888 2915 956 2974 insit
974 2918 1153 2990 temperantia
1168 2917 1199 2974 in
1217 2919 1284 2976 sub·

230 3012 318 3087 Ject0,
330 3010 490 3068 secundum
506 3011 621 3087 quam¹²
632 3013 767 3070 virtutem
780 3013 988 3088 temperantiae
1002 3014 1090 3072 utitur
1100 3016 1283 3076 vescibilibus

232 3107 418 3166 conformiter
437 3109 549 3166 rationi.
591 3107 733 3179 Quamvis
752 3121 847 3168 autem
867 3127 922 3185 pro
942 3121 1084 3187 tempore,
1106 3130 1167 3189 quo
1186 3115 1283 3172 anima

231 3205 279 3264 hic
300 3205 451 3280 copulatur
472 3207 596 3282 corpori,
619 3207 711 3265 multa
730 3225 821 3283 opera
845 3209 964 3267 istarum
988 3210 1123 3269 virtutrnn
1149 3224 1284 3286 quattuor

233 3311 300 3361 sunt
320 3304 459 3378 organica
479 3314 509 3361 et
529 3304 709 3362 delectabilia
729 3306 867 3381 appetitui
889 3306 1035 3375 sensitivo,
1050 3318 1167 3382 oportet
1187 3319 1284 3368 tamen

232 3401 313 3478 quod
337 3402 367 3459 in
389 3403 519 3477 appetitu
541 3403 708 3477 superiori¹³
727 3403 855 3462 hominis
876 3405 1049 3463 radicentur.
1092 3406 1168 3466 Istas
1188 3420 1284 3468 autem

233 3499 349 3556 virtutes
370 3510 512 3573 quattuor,
530 3500 604 3558 sicut
625 3517 831 3576 quamcunque
848 3501 981 3560 virtutem
1000 3503 1152 3573 moralem,
1167 3517 1212 3564 est
1232 3508 1284 3564 im·

233 3594 370 3669 possibile
392 3597 487 3654 inesse
508 3595 629 3667 homini,
651 3599 706 3656 nisi
732 3600 799 3657 assit
820 3599 913 3673 gratia
938 3599 994 3658 Dei
1019 3601 1072 3659 sui.
1123 3600 1285 3674 Quomodo

234 3709 344 3767 quaeso
369 3705 469 3767 posset
493 3693 584 3751 homo
606 3695 709 3752 mereri
730 3696 947 3768 beatitudinem,
970 3698 1095 3757 vivendo
1116 3710 1145 3758 et
1170 3702 1286 3777 agendo

268 3871 276 3898 ¹
293 3869 330 3933 in]
343 3877 376 3925 et,
388 3871 480 3920 A.B.C.
493 3872 531 3919 ed.
542 3888 595 3984 ΕΜ
614 3872 644 3921 cf.
656 3872 726 3929 infra,
736 3890 760 3938 p.
778 3873 830 3936 13⁶.
899 3873 910 3903 '
925 3885 950 3926 et
962 3883 1016 3927 tota
1027 3878 1185 3993 mentehom.
1197 3880 1235 3930 ed.
1248 3897 1284 3946 pr.

234 3934 575 3998 ³servatur]coronatur,.
675 3938 733 4002 ⁴si]
746 3939 866 3995 sicuted.
879 3956 916 4005 pr.
1025 3943 1118 4008 'impe
1136 3945 1230 4009 entem]
1243 3946 1286 3994 im·

235 4000 351 4064 pleotern,
364 4001 397 4049 D.
496 4001 693 4052 ⁶cf.Matth.x.
709 4003 745 4053 16.
844 4004 1044 4068 'et]om.A.B.
1141 4010 1284 4075 'obdurat]

236 4065 343 4119 obturat.
356 4067 428 4121 ΑΩ,
442 4067 468 4114 Β.
481 4067 574 4130 primae
586 4084 679 4124 manua,
692 4069 729 4117 ed.
742 4085 779 4133 pr.
929 4072 939 4100 ³
956 4073 1076 4137 extrema]
1088 4073 1186 4130 eximia,
1199 4074 1237 4124 ed.
1249 4092 1286 4140 pr.

237 4131 254 4159 ¹⁰
271 4129 332 4193 vita]
345 4131 471 4194 partoed.
484 4147 521 4194 pr.
631 4135 648 4163 ¹¹
665 4133 716 4197 vel]
729 4135 788 4188 sive.
801 4135 833 4184 D.
846 4136 884 4184 ed.
898 4152 934 4200 pr.
1017 4137 1037 4166 ¹2
1052 4139 1188 4189 secundum
1199 4139 1285 4204 qaum]

217 4221 219 4243 ς
237 4209 293 4242 uam
306 4195 447 4251 secundum,
460 4197 521 4245 ΑΒ.
621 4197 639 4227 ¹³
655 4199 784 4264 superiori]
797 4201 936 4266 superioris,
948 4201 1040 4253 ΑΒΕ.
