<?xml version="1.0" encoding="UTF-8"?>
<!DOCTYPE html PUBLIC "-//W3C//DTD XHTML 1.0 Transitional//EN"
    "http://www.w3.org/TR/xhtml1/DTD/xhtml1-transitional.dtd">
<html xmlns="http://www.w3.org/1999/xhtml" xml:lang="en" lang="en">
 <head>
  <title>
</title>
<meta http-equiv="Content-Type" content="text/html;charset=utf-8" />
  <meta name='ocr-system' content='tesseract 3.04.00' />
  <meta name='ocr-capabilities' content='ocr_page ocr_carea ocr_par ocr_line ocrx_word'/>
</head>
<body>
  <div class='ocr_page' id='page_1' title='image "./trialoguscumsup00lechgoog_0231.png"; bbox 0 0 2864 4836; ppageno 0'>
   <div class='ocr_carea' id='block_1_1' title="bbox 483 420 1273 499">
    <p class='ocr_par' dir='ltr' id='par_1_1' title="bbox 483 420 1273 499">
     <span class='ocr_line' id='line_1_1' title="bbox 483 420 1273 499; baseline 0.004 -18"><span class='ocrx_word' id='word_1_1' title='bbox 483 420 738 499; x_wconf 81' lang='lat' dir='ltr'><em>JOANNIS</em></span> <span class='ocrx_word' id='word_1_2' title='bbox 772 423 985 486; x_wconf 77' lang='lat' dir='ltr'><em>WICLJF</em></span> <span class='ocrx_word' id='word_1_3' title='bbox 1182 447 1273 484; x_wconf 79' lang='lat' dir='ltr'>maru</span> 
     </span>
    </p>
   </div>
   <div class='ocr_carea' id='block_1_2' title="bbox 224 579 1282 2298">
    <p class='ocr_par' dir='ltr' id='par_1_2' title="bbox 224 579 1282 2298">
     <span class='ocr_line' id='line_1_2' title="bbox 224 579 1276 659; baseline 0.009 -21"><span class='ocrx_word' id='word_1_4' title='bbox 224 582 295 657; x_wconf 89' lang='lat' dir='ltr'>quin</span> <span class='ocrx_word' id='word_1_5' title='bbox 317 579 357 639; x_wconf 89' lang='lat' dir='ltr'>illi</span> <span class='ocrx_word' id='word_1_6' title='bbox 381 580 525 653; x_wconf 87' lang='lat' dir='ltr'>homines,</span> <span class='ocrx_word' id='word_1_7' title='bbox 546 584 596 659; x_wconf 93' lang='lat' dir='ltr'>qui</span> <span class='ocrx_word' id='word_1_8' title='bbox 621 594 690 643; x_wconf 89' lang='lat' dir='ltr'>tunc</span> <span class='ocrx_word' id='word_1_9' title='bbox 712 583 834 643; x_wconf 82' lang='lat' dir='ltr'>fuissent</span> <span class='ocrx_word' id='word_1_10' title='bbox 856 585 953 656; x_wconf 86' lang='lat' dir='ltr'>creati,</span> <span class='ocrx_word' id='word_1_11' title='bbox 975 586 1167 647; x_wconf 87' lang='lat' dir='ltr'>solummodo</span> <span class='ocrx_word' id='word_1_12' title='bbox 1189 586 1276 646; x_wconf 84' lang='lat' dir='ltr'>saiva·</span> 
     </span>
     <span class='ocr_line' id='line_1_3' title="bbox 224 678 1278 759; baseline 0.009 -24"><span class='ocrx_word' id='word_1_13' title='bbox 224 681 338 749; x_wconf 87' lang='lat' dir='ltr'>buntur,</span> <span class='ocrx_word' id='word_1_14' title='bbox 353 687 382 736; x_wconf 90' lang='lat' dir='ltr'>et</span> <span class='ocrx_word' id='word_1_15' title='bbox 399 679 446 737; x_wconf 91' lang='lat' dir='ltr'>alii</span> <span class='ocrx_word' id='word_1_16' title='bbox 465 678 600 739; x_wconf 90' lang='lat' dir='ltr'>homines</span> <span class='ocrx_word' id='word_1_17' title='bbox 618 682 668 757; x_wconf 89' lang='lat' dir='ltr'>qui</span> <span class='ocrx_word' id='word_1_18' title='bbox 687 700 723 739; x_wconf 86' lang='lat' dir='ltr'>ex</span> <span class='ocrx_word' id='word_1_19' title='bbox 743 682 835 758; x_wconf 82' lang='lat' dir='ltr'>gratia</span> <span class='ocrx_word' id='word_1_20' title='bbox 848 681 904 740; x_wconf 91' lang='lat' dir='ltr'>Dei</span> <span class='ocrx_word' id='word_1_21' title='bbox 924 683 1177 759; x_wconf 80' lang='lat' dir='ltr'><strong>superabundanti</strong></span> <span class='ocrx_word' id='word_1_22' title='bbox 1196 701 1278 744; x_wconf 87' lang='lat' dir='ltr'>occa·</span> 
     </span>
     <span class='ocr_line' id='line_1_4' title="bbox 224 776 1278 852; baseline 0.003 -18"><span class='ocrx_word' id='word_1_23' title='bbox 224 778 306 834; x_wconf 86' lang='lat' dir='ltr'>sione</span> <span class='ocrx_word' id='word_1_24' title='bbox 320 776 395 834; x_wconf 92' lang='lat' dir='ltr'>illius</span> <span class='ocrx_word' id='word_1_25' title='bbox 410 779 521 852; x_wconf 87' lang='lat' dir='ltr'>peccati</span> <span class='ocrx_word' id='word_1_26' title='bbox 536 779 624 836; x_wconf 90' lang='lat' dir='ltr'>creati</span> <span class='ocrx_word' id='word_1_27' title='bbox 643 790 718 849; x_wconf 91' lang='lat' dir='ltr'>sunt,</span> <span class='ocrx_word' id='word_1_28' title='bbox 733 779 956 838; x_wconf 82' lang='lat' dir='ltr'>misericorditer</span> <span class='ocrx_word' id='word_1_29' title='bbox 975 779 1203 839; x_wconf 89' lang='lat' dir='ltr'>damnabuntur.</span> <span class='ocrx_word' id='word_1_30' title='bbox 1242 777 1278 837; x_wconf 75' lang='lat' dir='ltr'>n</span> 
     </span>
     <span class='ocr_line' id='line_1_5' title="bbox 225 874 1279 953; baseline 0.007 -22"><span class='ocrx_word' id='word_1_31' title='bbox 225 874 266 931; x_wconf 90' lang='lat' dir='ltr'>sic</span> <span class='ocrx_word' id='word_1_32' title='bbox 281 874 392 932; x_wconf 88' lang='lat' dir='ltr'>videtur</span> <span class='ocrx_word' id='word_1_33' title='bbox 406 874 486 951; x_wconf 93' lang='lat' dir='ltr'>quod</span> <span class='ocrx_word' id='word_1_34' title='bbox 506 876 580 934; x_wconf 90' lang='lat' dir='ltr'>sicut</span> <span class='ocrx_word' id='word_1_35' title='bbox 595 876 707 935; x_wconf 91' lang='lat' dir='ltr'>bonum</span> <span class='ocrx_word' id='word_1_36' title='bbox 727 894 792 935; x_wconf 91' lang='lat' dir='ltr'>esse</span> <span class='ocrx_word' id='word_1_37' title='bbox 811 876 920 935; x_wconf 88' lang='lat' dir='ltr'>habent</span> <span class='ocrx_word' id='word_1_38' title='bbox 938 876 1051 953; x_wconf 89' lang='lat' dir='ltr'>lapides</span> <span class='ocrx_word' id='word_1_39' title='bbox 1066 886 1096 936; x_wconf 89' lang='lat' dir='ltr'>et</span> <span class='ocrx_word' id='word_1_40' title='bbox 1116 877 1279 937; x_wconf 80' lang='lat' dir='ltr'>naturaliter</span> 
     </span>
     <span class='ocr_line' id='line_1_6' title="bbox 225 973 1278 1051; baseline 0.005 -22"><span class='ocrx_word' id='word_1_41' title='bbox 225 981 365 1047; x_wconf 90' lang='lat' dir='ltr'>appetunt</span> <span class='ocrx_word' id='word_1_42' title='bbox 378 989 443 1030; x_wconf 92' lang='lat' dir='ltr'>esse</span> <span class='ocrx_word' id='word_1_43' title='bbox 458 990 552 1042; x_wconf 90' lang='lat' dir='ltr'>suum,</span> <span class='ocrx_word' id='word_1_44' title='bbox 567 973 608 1031; x_wconf 91' lang='lat' dir='ltr'>sic</span> <span class='ocrx_word' id='word_1_45' title='bbox 623 974 726 1032; x_wconf 90' lang='lat' dir='ltr'>melius</span> <span class='ocrx_word' id='word_1_46' title='bbox 741 992 805 1033; x_wconf 89' lang='lat' dir='ltr'>esse</span> <span class='ocrx_word' id='word_1_47' title='bbox 819 973 927 1032; x_wconf 89' lang='lat' dir='ltr'>habent</span> <span class='ocrx_word' id='word_1_48' title='bbox 942 973 1081 1046; x_wconf 87' lang='lat' dir='ltr'>damnati,</span> <span class='ocrx_word' id='word_1_49' title='bbox 1094 985 1126 1034; x_wconf 89' lang='lat' dir='ltr'>et</span> <span class='ocrx_word' id='word_1_50' title='bbox 1140 985 1278 1051; x_wconf 75' lang='lat' dir='ltr'>appetimt</span> 
     </span>
     <span class='ocr_line' id='line_1_7' title="bbox 225 1068 1279 1150; baseline 0.006 -24"><span class='ocrx_word' id='word_1_51' title='bbox 225 1068 391 1128; x_wconf 74' lang='lat' dir='ltr'>naturaliter</span> <span class='ocrx_word' id='word_1_52' title='bbox 409 1087 474 1128; x_wconf 90' lang='lat' dir='ltr'>esse</span> <span class='ocrx_word' id='word_1_53' title='bbox 494 1087 588 1140; x_wconf 87' lang='lat' dir='ltr'>suum,</span> <span class='ocrx_word' id='word_1_54' title='bbox 608 1070 770 1146; x_wconf 75' lang='lat' dir='ltr'>specialiter</span> <span class='ocrx_word' id='word_1_55' title='bbox 789 1071 871 1129; x_wconf 90' lang='lat' dir='ltr'>cum¹</span> <span class='ocrx_word' id='word_1_56' title='bbox 889 1072 1071 1147; x_wconf 68' lang='lat' dir='ltr'>Augusueus</span> <span class='ocrx_word' id='word_1_57' title='bbox 1089 1071 1188 1144; x_wconf 85' lang='lat' dir='ltr'>docet,</span> <span class='ocrx_word' id='word_1_58' title='bbox 1203 1071 1279 1150; x_wconf 86' lang='lat' dir='ltr'>quod</span> 
     </span>
     <span class='ocr_line' id='line_1_8' title="bbox 225 1166 1279 1246; baseline 0.006 -23"><span class='ocrx_word' id='word_1_59' title='bbox 225 1166 304 1224; x_wconf 89' lang='lat' dir='ltr'>nulla</span> <span class='ocrx_word' id='word_1_60' title='bbox 328 1177 459 1225; x_wconf 89' lang='lat' dir='ltr'>creatura</span> <span class='ocrx_word' id='word_1_61' title='bbox 481 1178 578 1243; x_wconf 89' lang='lat' dir='ltr'>potest</span> <span class='ocrx_word' id='word_1_62' title='bbox 602 1178 738 1244; x_wconf 88' lang='lat' dir='ltr'>appetere</span> <span class='ocrx_word' id='word_1_63' title='bbox 764 1187 796 1227; x_wconf 90' lang='lat' dir='ltr'>se</span> <span class='ocrx_word' id='word_1_64' title='bbox 818 1185 879 1226; x_wconf 93' lang='lat' dir='ltr'>non</span> <span class='ocrx_word' id='word_1_65' title='bbox 904 1186 979 1227; x_wconf 85' lang='lat' dir='ltr'>esse.</span> <span class='ocrx_word' id='word_1_66' title='bbox 1028 1168 1067 1227; x_wconf 88' lang='lat' dir='ltr'>Et</span> <span class='ocrx_word' id='word_1_67' title='bbox 1087 1179 1180 1245; x_wconf 85' lang='lat' dir='ltr'>patet,</span> <span class='ocrx_word' id='word_1_68' title='bbox 1201 1168 1279 1246; x_wconf 87' lang='lat' dir='ltr'>quod</span> 
     </span>
     <span class='ocr_line' id='line_1_9' title="bbox 224 1263 1279 1341; baseline 0.004 -20"><span class='ocrx_word' id='word_1_69' title='bbox 224 1264 324 1322; x_wconf 88' lang='lat' dir='ltr'>leviter</span> <span class='ocrx_word' id='word_1_70' title='bbox 343 1273 373 1322; x_wconf 94' lang='lat' dir='ltr'>et</span> <span class='ocrx_word' id='word_1_71' title='bbox 393 1263 492 1323; x_wconf 80' lang='lat' dir='ltr'>frivole</span> <span class='ocrx_word' id='word_1_72' title='bbox 506 1263 567 1322; x_wconf 83' lang='lat' dir='ltr'>vel²</span> <span class='ocrx_word' id='word_1_73' title='bbox 587 1264 717 1324; x_wconf 85' lang='lat' dir='ltr'>frontose</span> <span class='ocrx_word' id='word_1_74' title='bbox 738 1266 901 1338; x_wconf 87' lang='lat' dir='ltr'>assumitur,</span> <span class='ocrx_word' id='word_1_75' title='bbox 916 1266 996 1341; x_wconf 91' lang='lat' dir='ltr'>quod</span> <span class='ocrx_word' id='word_1_76' title='bbox 1018 1265 1167 1326; x_wconf 84' lang='lat' dir='ltr'>damnatis</span> <span class='ocrx_word' id='word_1_77' title='bbox 1187 1266 1279 1326; x_wconf 90' lang='lat' dir='ltr'>homi·</span> 
     </span>
     <span class='ocr_line' id='line_1_10' title="bbox 225 1361 1280 1441; baseline 0.003 -21"><span class='ocrx_word' id='word_1_78' title='bbox 225 1363 310 1421; x_wconf 89' lang='lat' dir='ltr'>nibus</span> <span class='ocrx_word' id='word_1_79' title='bbox 324 1361 427 1420; x_wconf 85' lang='lat' dir='ltr'>melius</span> <span class='ocrx_word' id='word_1_80' title='bbox 446 1361 545 1421; x_wconf 86' lang='lat' dir='ltr'>inisset</span> <span class='ocrx_word' id='word_1_81' title='bbox 559 1362 640 1438; x_wconf 92' lang='lat' dir='ltr'>quod</span> <span class='ocrx_word' id='word_1_82' title='bbox 659 1363 834 1439; x_wconf 90' lang='lat' dir='ltr'>principium</span> <span class='ocrx_word' id='word_1_83' title='bbox 852 1363 971 1421; x_wconf 90' lang='lat' dir='ltr'>humani</span> <span class='ocrx_word' id='word_1_84' title='bbox 991 1364 1109 1439; x_wconf 88' lang='lat' dir='ltr'>generis</span> <span class='ocrx_word' id='word_1_85' title='bbox 1128 1382 1193 1423; x_wconf 87' lang='lat' dir='ltr'>non</span> <span class='ocrx_word' id='word_1_86' title='bbox 1213 1381 1280 1441; x_wconf 84' lang='lat' dir='ltr'>pec·</span> 
     </span>
     <span class='ocr_line' id='line_1_11' title="bbox 225 1459 1280 1538; baseline 0.002 -20"><span class='ocrx_word' id='word_1_87' title='bbox 225 1469 336 1532; x_wconf 87' lang='lat' dir='ltr'>casset;</span> <span class='ocrx_word' id='word_1_88' title='bbox 368 1477 437 1518; x_wconf 91' lang='lat' dir='ltr'>nam</span> <span class='ocrx_word' id='word_1_89' title='bbox 459 1460 484 1517; x_wconf 86' lang='lat' dir='ltr'>si</span> <span class='ocrx_word' id='word_1_90' title='bbox 506 1461 557 1530; x_wconf 85' lang='lat' dir='ltr'>sic,</span> <span class='ocrx_word' id='word_1_91' title='bbox 579 1477 640 1518; x_wconf 92' lang='lat' dir='ltr'>non</span> <span class='ocrx_word' id='word_1_92' title='bbox 662 1459 763 1519; x_wconf 82' lang='lat' dir='ltr'>suisset</span> <span class='ocrx_word' id='word_1_93' title='bbox 786 1462 828 1519; x_wconf 91' lang='lat' dir='ltr'>eis</span> <span class='ocrx_word' id='word_1_94' title='bbox 849 1471 919 1520; x_wconf 92' lang='lat' dir='ltr'>tunc</span> <span class='ocrx_word' id='word_1_95' title='bbox 944 1479 1039 1537; x_wconf 88' lang='lat' dir='ltr'>neque</span> <span class='ocrx_word' id='word_1_96' title='bbox 1060 1459 1167 1521; x_wconf 90' lang='lat' dir='ltr'>melius</span> <span class='ocrx_word' id='word_1_97' title='bbox 1187 1478 1280 1538; x_wconf 84' lang='lat' dir='ltr'>neque</span> 
     </span>
     <span class='ocr_line' id='line_1_12' title="bbox 225 1555 1277 1634; baseline 0.003 -19"><span class='ocrx_word' id='word_1_98' title='bbox 225 1558 317 1633; x_wconf 87' lang='lat' dir='ltr'>pejus,</span> <span class='ocrx_word' id='word_1_99' title='bbox 332 1555 383 1616; x_wconf 88' lang='lat' dir='ltr'>sed</span> <span class='ocrx_word' id='word_1_100' title='bbox 404 1556 515 1615; x_wconf 86' lang='lat' dir='ltr'>ratione</span> <span class='ocrx_word' id='word_1_101' title='bbox 536 1557 581 1616; x_wconf 87' lang='lat' dir='ltr'>sui</span> <span class='ocrx_word' id='word_1_102' title='bbox 602 1574 668 1615; x_wconf 89' lang='lat' dir='ltr'>esse</span> <span class='ocrx_word' id='word_1_103' title='bbox 689 1558 759 1615; x_wconf 89' lang='lat' dir='ltr'>boni</span> <span class='ocrx_word' id='word_1_104' title='bbox 780 1559 861 1634; x_wconf 91' lang='lat' dir='ltr'>quod</span> <span class='ocrx_word' id='word_1_105' title='bbox 882 1558 999 1627; x_wconf 87' lang='lat' dir='ltr'>habent,</span> <span class='ocrx_word' id='word_1_106' title='bbox 1015 1559 1051 1618; x_wconf 88' lang='lat' dir='ltr'>de</span> <span class='ocrx_word' id='word_1_107' title='bbox 1072 1558 1131 1617; x_wconf 92' lang='lat' dir='ltr'>hoc</span> <span class='ocrx_word' id='word_1_108' title='bbox 1151 1560 1277 1618; x_wconf 88' lang='lat' dir='ltr'>rationa-</span> 
     </span>
     <span class='ocr_line' id='line_1_13' title="bbox 225 1653 1278 1743; baseline 0.003 -30"><span class='ocrx_word' id='word_1_109' title='bbox 225 1654 319 1713; x_wconf 89' lang='lat' dir='ltr'>biliter</span> <span class='ocrx_word' id='word_1_110' title='bbox 332 1653 558 1730; x_wconf 80' lang='lat' dir='ltr'>congauderent</span> <span class='ocrx_word' id='word_1_111' title='bbox 599 1653 638 1712; x_wconf 86' lang='lat' dir='ltr'>Et</span> <span class='ocrx_word' id='word_1_112' title='bbox 658 1665 800 1730; x_wconf 88' lang='lat' dir='ltr'>quantum</span> <span class='ocrx_word' id='word_1_113' title='bbox 821 1655 859 1743; x_wconf 73' lang='lat' dir='ltr'>ad</span> <span class='ocrx_word' id='word_1_114' title='bbox 879 1656 991 1715; x_wconf 80' lang='lat' dir='ltr'>bonos⁸</span> <span class='ocrx_word' id='word_1_115' title='bbox 1004 1657 1035 1713; x_wconf 90' lang='lat' dir='ltr'>in</span> <span class='ocrx_word' id='word_1_116' title='bbox 1051 1657 1154 1731; x_wconf 85' lang='lat' dir='ltr'>patria,</span> <span class='ocrx_word' id='word_1_117' title='bbox 1170 1657 1278 1716; x_wconf 85' lang='lat' dir='ltr'>clarum</span> 
     </span>
     <span class='ocr_line' id='line_1_14' title="bbox 226 1750 1279 1831; baseline 0.003 -21"><span class='ocrx_word' id='word_1_118' title='bbox 226 1762 270 1810; x_wconf 91' lang='lat' dir='ltr'>est</span> <span class='ocrx_word' id='word_1_119' title='bbox 283 1751 364 1828; x_wconf 92' lang='lat' dir='ltr'>quod</span> <span class='ocrx_word' id='word_1_120' title='bbox 378 1750 502 1810; x_wconf 82' lang='lat' dir='ltr'>charitas</span> <span class='ocrx_word' id='word_1_121' title='bbox 512 1753 643 1827; x_wconf 82' lang='lat' dir='ltr'>urgeret⁴</span> <span class='ocrx_word' id='word_1_122' title='bbox 657 1770 709 1811; x_wconf 90' lang='lat' dir='ltr'>eos</span> <span class='ocrx_word' id='word_1_123' title='bbox 721 1752 757 1811; x_wconf 90' lang='lat' dir='ltr'>de</span> <span class='ocrx_word' id='word_1_124' title='bbox 769 1753 956 1812; x_wconf 84' lang='lat' dir='ltr'>damnatione</span> <span class='ocrx_word' id='word_1_125' title='bbox 972 1754 1071 1827; x_wconf 86' lang='lat' dir='ltr'>talium</span> <span class='ocrx_word' id='word_1_126' title='bbox 1083 1755 1279 1831; x_wconf 80' lang='lat' dir='ltr'>congaudere,</span> 
     </span>
     <span class='ocr_line' id='line_1_15' title="bbox 227 1848 1281 1928; baseline 0.002 -20"><span class='ocrx_word' id='word_1_127' title='bbox 227 1860 289 1908; x_wconf 91' lang='lat' dir='ltr'>tum</span> <span class='ocrx_word' id='word_1_128' title='bbox 302 1850 371 1925; x_wconf 91' lang='lat' dir='ltr'>quia</span> <span class='ocrx_word' id='word_1_129' title='bbox 384 1848 482 1907; x_wconf 88' lang='lat' dir='ltr'>vident</span> <span class='ocrx_word' id='word_1_130' title='bbox 496 1849 749 1908; x_wconf 86' lang='lat' dir='ltr'>rationabilitatem</span> <span class='ocrx_word' id='word_1_131' title='bbox 770 1862 800 1909; x_wconf 93' lang='lat' dir='ltr'>et</span> <span class='ocrx_word' id='word_1_132' title='bbox 817 1851 990 1910; x_wconf 86' lang='lat' dir='ltr'>sententiam</span> <span class='ocrx_word' id='word_1_133' title='bbox 1009 1852 1116 1910; x_wconf 87' lang='lat' dir='ltr'>summi</span> <span class='ocrx_word' id='word_1_134' title='bbox 1132 1852 1239 1928; x_wconf 88' lang='lat' dir='ltr'>judicis</span> <span class='ocrx_word' id='word_1_135' title='bbox 1251 1853 1281 1910; x_wconf 92' lang='lat' dir='ltr'>in</span> 
     </span>
     <span class='ocr_line' id='line_1_16' title="bbox 227 1944 1281 2026; baseline 0.005 -22"><span class='ocrx_word' id='word_1_136' title='bbox 227 1945 284 2005; x_wconf 94' lang='lat' dir='ltr'>hoc</span> <span class='ocrx_word' id='word_1_137' title='bbox 305 1946 366 2005; x_wconf 86' lang='lat' dir='ltr'>fieri</span> <span class='ocrx_word' id='word_1_138' title='bbox 390 1944 467 2025; x_wconf 88' lang='lat' dir='ltr'>(quis</span> <span class='ocrx_word' id='word_1_139' title='bbox 488 1965 559 2022; x_wconf 85' lang='lat' dir='ltr'>ergo</span> <span class='ocrx_word' id='word_1_140' title='bbox 580 1965 642 2005; x_wconf 91' lang='lat' dir='ltr'>non</span> <span class='ocrx_word' id='word_1_141' title='bbox 662 1948 802 2023; x_wconf 81' lang='lat' dir='ltr'>gauderet</span> <span class='ocrx_word' id='word_1_142' title='bbox 822 1948 1029 2009; x_wconf 83' lang='lat' dir='ltr'>rationabiliter</span> <span class='ocrx_word' id='word_1_143' title='bbox 1049 1948 1087 2008; x_wconf 87' lang='lat' dir='ltr'>de</span> <span class='ocrx_word' id='word_1_144' title='bbox 1110 1950 1223 2026; x_wconf 89' lang='lat' dir='ltr'>judicio</span> <span class='ocrx_word' id='word_1_145' title='bbox 1242 1951 1281 2009; x_wconf 84' lang='lat' dir='ltr'>ita</span> 
     </span>
     <span class='ocr_line' id='line_1_17' title="bbox 227 2043 1282 2124; baseline 0.004 -22"><span class='ocrx_word' id='word_1_146' title='bbox 227 2043 349 2120; x_wconf 90' lang='lat' dir='ltr'>pulchro</span> <span class='ocrx_word' id='word_1_147' title='bbox 358 2046 393 2118; x_wconf 81' lang='lat' dir='ltr'>i),</span> <span class='ocrx_word' id='word_1_148' title='bbox 414 2054 477 2103; x_wconf 91' lang='lat' dir='ltr'>tum</span> <span class='ocrx_word' id='word_1_149' title='bbox 501 2046 597 2115; x_wconf 87' lang='lat' dir='ltr'>etiam,</span> <span class='ocrx_word' id='word_1_150' title='bbox 623 2045 692 2121; x_wconf 87' lang='lat' dir='ltr'>quia</span> <span class='ocrx_word' id='word_1_151' title='bbox 715 2045 813 2103; x_wconf 88' lang='lat' dir='ltr'>vident</span> <span class='ocrx_word' id='word_1_152' title='bbox 838 2045 918 2122; x_wconf 91' lang='lat' dir='ltr'>qnod</span> <span class='ocrx_word' id='word_1_153' title='bbox 942 2045 1025 2105; x_wconf 91' lang='lat' dir='ltr'>Deus</span> <span class='ocrx_word' id='word_1_154' title='bbox 1048 2064 1085 2105; x_wconf 87' lang='lat' dir='ltr'>ex</span> <span class='ocrx_word' id='word_1_155' title='bbox 1111 2065 1166 2106; x_wconf 89' lang='lat' dir='ltr'>sua</span> <span class='ocrx_word' id='word_1_156' title='bbox 1190 2048 1282 2124; x_wconf 79' lang='lat' dir='ltr'>gratia</span> 
     </span>
     <span class='ocr_line' id='line_1_18' title="bbox 228 2142 1282 2221; baseline 0.005 -21"><span class='ocrx_word' id='word_1_157' title='bbox 228 2143 351 2200; x_wconf 88' lang='lat' dir='ltr'>servavit</span> <span class='ocrx_word' id='word_1_158' title='bbox 370 2158 423 2200; x_wconf 90' lang='lat' dir='ltr'>eos</span> <span class='ocrx_word' id='word_1_159' title='bbox 444 2159 462 2198; x_wconf 96' lang='lat' dir='ltr'>a</span> <span class='ocrx_word' id='word_1_160' title='bbox 483 2142 671 2200; x_wconf 88' lang='lat' dir='ltr'>damnatione</span> <span class='ocrx_word' id='word_1_161' title='bbox 692 2142 869 2218; x_wconf 87' lang='lat' dir='ltr'>hujusmodi,</span> <span class='ocrx_word' id='word_1_162' title='bbox 883 2154 912 2201; x_wconf 88' lang='lat' dir='ltr'>et</span> <span class='ocrx_word' id='word_1_163' title='bbox 934 2143 1014 2203; x_wconf 87' lang='lat' dir='ltr'>aliter</span> <span class='ocrx_word' id='word_1_164' title='bbox 1027 2145 1192 2221; x_wconf 80' lang='lat' dir='ltr'>potuissent</span> <span class='ocrx_word' id='word_1_165' title='bbox 1213 2144 1282 2205; x_wconf 82' lang='lat' dir='ltr'>faci·</span> 
     </span>
     <span class='ocr_line' id='line_1_19' title="bbox 229 2239 505 2298; baseline 0.004 -1"><span class='ocrx_word' id='word_1_166' title='bbox 229 2239 292 2298; x_wconf 89' lang='lat' dir='ltr'>liter</span> <span class='ocrx_word' id='word_1_167' title='bbox 306 2239 505 2298; x_wconf 89' lang='lat' dir='ltr'>condemnari.</span> 
     </span>
    </p>
   </div>
   <div class='ocr_carea' id='block_1_3' title="bbox 646 2627 875 2686">
    <p class='ocr_par' dir='ltr' id='par_1_3' title="bbox 646 2627 875 2686">
     <span class='ocr_line' id='line_1_20' title="bbox 646 2627 875 2686; baseline -0.004 0"><span class='ocrx_word' id='word_1_168' title='bbox 646 2627 741 2686; x_wconf 86' lang='lat' dir='ltr'><strong>CAP.</strong></span> <span class='ocrx_word' id='word_1_169' title='bbox 764 2628 875 2685; x_wconf 89' lang='lat' dir='ltr'><strong>XXVI.</strong></span> 
     </span>
    </p>
   </div>
   <div class='ocr_carea' id='block_1_4' title="bbox 596 2781 914 2860">
    <p class='ocr_par' dir='ltr' id='par_1_4' title="bbox 596 2781 914 2860">
     <span class='ocr_line' id='line_1_21' title="bbox 596 2781 914 2860; baseline 0.003 -20"><span class='ocrx_word' id='word_1_170' title='bbox 596 2781 642 2840; x_wconf 85' lang='lat' dir='ltr'>De</span> <span class='ocrx_word' id='word_1_171' title='bbox 650 2790 758 2858; x_wconf 76' lang='lat' dir='ltr'>peccato</span> <span class='ocrx_word' id='word_1_172' title='bbox 769 2784 914 2860; x_wconf 59' lang='lat' dir='ltr'>originali.</span> 
     </span>
    </p>
   </div>
   <div class='ocr_carea' id='block_1_5' title="bbox 41 2944 1285 3610">
    <p class='ocr_par' dir='ltr' id='par_1_5' title="bbox 231 2944 1283 3221">
     <span class='ocr_line' id='line_1_22' title="bbox 271 2944 1282 3025; baseline 0.008 -23"><span class='ocrx_word' id='word_1_173' title='bbox 271 2944 391 3003; x_wconf 75' lang='lat' dir='ltr'>Alzlhia.</span> <span class='ocrx_word' id='word_1_174' title='bbox 435 2946 539 3017; x_wconf 89' lang='lat' dir='ltr'>Video,</span> <span class='ocrx_word' id='word_1_175' title='bbox 559 2948 598 3004; x_wconf 90' lang='lat' dir='ltr'>mi</span> <span class='ocrx_word' id='word_1_176' title='bbox 621 2946 708 3005; x_wconf 86' lang='lat' dir='ltr'>frater</span> <span class='ocrx_word' id='word_1_177' title='bbox 728 2944 909 3017; x_wconf 79' lang='lat' dir='ltr'>Phronesis⁶,</span> <span class='ocrx_word' id='word_1_178' title='bbox 930 2949 1011 3024; x_wconf 89' lang='lat' dir='ltr'>quod</span> <span class='ocrx_word' id='word_1_179' title='bbox 1031 2951 1218 3025; x_wconf 87' lang='lat' dir='ltr'>probabiliter</span> <span class='ocrx_word' id='word_1_180' title='bbox 1239 2970 1282 3010; x_wconf 86' lang='lat' dir='ltr'>re·</span> 
     </span>
     <span class='ocr_line' id='line_1_23' title="bbox 232 3044 1283 3121; baseline 0.004 -20"><span class='ocrx_word' id='word_1_181' title='bbox 232 3044 374 3119; x_wconf 89' lang='lat' dir='ltr'>spondisti</span> <span class='ocrx_word' id='word_1_182' title='bbox 398 3046 528 3120; x_wconf 89' lang='lat' dir='ltr'>objectis,</span> <span class='ocrx_word' id='word_1_183' title='bbox 551 3045 602 3103; x_wconf 89' lang='lat' dir='ltr'>sed</span> <span class='ocrx_word' id='word_1_184' title='bbox 626 3063 718 3103; x_wconf 89' lang='lat' dir='ltr'>unum</span> <span class='ocrx_word' id='word_1_185' title='bbox 745 3045 840 3115; x_wconf 90' lang='lat' dir='ltr'>didici,</span> <span class='ocrx_word' id='word_1_186' title='bbox 862 3046 943 3121; x_wconf 90' lang='lat' dir='ltr'>quod</span> <span class='ocrx_word' id='word_1_187' title='bbox 965 3047 996 3104; x_wconf 92' lang='lat' dir='ltr'>in</span> <span class='ocrx_word' id='word_1_188' title='bbox 1020 3047 1172 3106; x_wconf 88' lang='lat' dir='ltr'>monendo</span> <span class='ocrx_word' id='word_1_189' title='bbox 1195 3060 1223 3107; x_wconf 89' lang='lat' dir='ltr'>te</span> <span class='ocrx_word' id='word_1_190' title='bbox 1247 3049 1283 3107; x_wconf 88' lang='lat' dir='ltr'>de</span> 
     </span>
     <span class='ocr_line' id='line_1_24' title="bbox 231 3141 1283 3221; baseline 0.002 -21"><span class='ocrx_word' id='word_1_191' title='bbox 231 3152 347 3200; x_wconf 86' lang='lat' dir='ltr'>caetero</span> <span class='ocrx_word' id='word_1_192' title='bbox 359 3141 487 3200; x_wconf 90' lang='lat' dir='ltr'>Pseustis</span> <span class='ocrx_word' id='word_1_193' title='bbox 499 3142 629 3200; x_wconf 91' lang='lat' dir='ltr'>habitum</span> <span class='ocrx_word' id='word_1_194' title='bbox 644 3161 705 3200; x_wconf 90' lang='lat' dir='ltr'>non</span> <span class='ocrx_word' id='word_1_195' title='bbox 720 3161 875 3201; x_wconf 90' lang='lat' dir='ltr'>assumam.</span> <span class='ocrx_word' id='word_1_196' title='bbox 920 3142 979 3202; x_wconf 87' lang='lat' dir='ltr'>Sed</span> <span class='ocrx_word' id='word_1_197' title='bbox 991 3143 1085 3202; x_wconf 89' lang='lat' dir='ltr'>adhuc</span> <span class='ocrx_word' id='word_1_198' title='bbox 1097 3144 1168 3202; x_wconf 90' lang='lat' dir='ltr'>mihi</span> <span class='ocrx_word' id='word_1_199' title='bbox 1183 3164 1283 3221; x_wconf 90' lang='lat' dir='ltr'>super·</span> 
     </span>
    </p>

    <p class='ocr_par' dir='ltr' id='par_1_6' title="bbox 41 3241 1285 3610">
     <span class='ocr_line' id='line_1_25' title="bbox 175 3241 1283 3320; baseline 0.005 -22"><span class='ocrx_word' id='word_1_200' title='bbox 175 3248 178 3254; x_wconf 82' lang='grc'><em>“</em></span> <span class='ocrx_word' id='word_1_201' title='bbox 232 3252 298 3299; x_wconf 91' lang='lat' dir='ltr'>sunt</span> <span class='ocrx_word' id='word_1_202' title='bbox 308 3241 399 3299; x_wconf 89' lang='lat' dir='ltr'>multa</span> <span class='ocrx_word' id='word_1_203' title='bbox 413 3241 508 3311; x_wconf 88' lang='lat' dir='ltr'>dubia,</span> <span class='ocrx_word' id='word_1_204' title='bbox 520 3259 595 3317; x_wconf 88' lang='lat' dir='ltr'>quae</span> <span class='ocrx_word' id='word_1_205' title='bbox 610 3242 711 3299; x_wconf 89' lang='lat' dir='ltr'>vellem</span> <span class='ocrx_word' id='word_1_206' title='bbox 726 3242 832 3300; x_wconf 89' lang='lat' dir='ltr'>habere</span> <span class='ocrx_word' id='word_1_207' title='bbox 846 3241 990 3301; x_wconf 88' lang='lat' dir='ltr'>humiliter</span> <span class='ocrx_word' id='word_1_208' title='bbox 1004 3244 1118 3320; x_wconf 89' lang='lat' dir='ltr'>plenius</span> <span class='ocrx_word' id='word_1_209' title='bbox 1131 3243 1283 3304; x_wconf 81' lang='lat' dir='ltr'>declarata</span> 
     </span>
     <span class='ocr_line' id='line_1_26' title="bbox 50 3338 1285 3416; baseline 0.006 -22"><span class='ocrx_word' id='word_1_210' title='bbox 50 3349 169 3416; x_wconf 41' lang='lat' dir='ltr'>ssgpsfm</span> <span class='ocrx_word' id='word_1_211' title='bbox 231 3338 269 3396; x_wconf 93' lang='lat' dir='ltr'>Et</span> <span class='ocrx_word' id='word_1_212' title='bbox 283 3340 409 3415; x_wconf 90' lang='lat' dir='ltr'>primum</span> <span class='ocrx_word' id='word_1_213' title='bbox 423 3349 467 3397; x_wconf 90' lang='lat' dir='ltr'>est</span> <span class='ocrx_word' id='word_1_214' title='bbox 481 3340 513 3395; x_wconf 86' lang='lat' dir='ltr'>de</span> <span class='ocrx_word' id='word_1_215' title='bbox 519 3346 630 3414; x_wconf 77' lang='lat' dir='ltr'>peccato</span> <span class='ocrx_word' id='word_1_216' title='bbox 639 3340 785 3414; x_wconf 78' lang='lat' dir='ltr'>originali,</span> <span class='ocrx_word' id='word_1_217' title='bbox 800 3340 952 3416; x_wconf 90' lang='lat' dir='ltr'>quomodo</span> <span class='ocrx_word' id='word_1_218' title='bbox 966 3342 1065 3398; x_wconf 87' lang='lat' dir='ltr'>anima</span> <span class='ocrx_word' id='word_1_219' title='bbox 1078 3341 1173 3400; x_wconf 93' lang='lat' dir='ltr'>aDeo</span> <span class='ocrx_word' id='word_1_220' title='bbox 1188 3353 1285 3400; x_wconf 83' lang='lat' dir='ltr'>creata</span> 
     </span>
     <span class='ocr_line' id='line_1_27' title="bbox 42 3430 1284 3512; baseline 0.001 -16"><span class='ocrx_word' id='word_1_221' title='bbox 42 3430 183 3496; x_wconf 58' lang='lat' dir='ltr'>‘&#39;inludi“</span> <span class='ocrx_word' id='word_1_222' title='bbox 232 3446 291 3495; x_wconf 91' lang='lat' dir='ltr'>tam</span> <span class='ocrx_word' id='word_1_223' title='bbox 310 3437 422 3495; x_wconf 90' lang='lat' dir='ltr'>munda</span> <span class='ocrx_word' id='word_1_224' title='bbox 442 3447 545 3512; x_wconf 90' lang='lat' dir='ltr'>peccat</span> <span class='ocrx_word' id='word_1_225' title='bbox 563 3455 617 3512; x_wconf 92' lang='lat' dir='ltr'>pro</span> <span class='ocrx_word' id='word_1_226' title='bbox 637 3437 755 3495; x_wconf 91' lang='lat' dir='ltr'>instanti</span> <span class='ocrx_word' id='word_1_227' title='bbox 775 3438 870 3512; x_wconf 87' lang='lat' dir='ltr'>primo</span> <span class='ocrx_word' id='word_1_228' title='bbox 890 3438 933 3494; x_wconf 91' lang='lat' dir='ltr'>sui</span> <span class='ocrx_word' id='word_1_229' title='bbox 948 3455 1022 3507; x_wconf 89' lang='lat' dir='ltr'>esse,</span> <span class='ocrx_word' id='word_1_230' title='bbox 1038 3455 1105 3495; x_wconf 91' lang='lat' dir='ltr'>cum</span> <span class='ocrx_word' id='word_1_231' title='bbox 1120 3436 1204 3497; x_wconf 90' lang='lat' dir='ltr'>Deus</span> <span class='ocrx_word' id='word_1_232' title='bbox 1223 3457 1284 3498; x_wconf 91' lang='lat' dir='ltr'>non</span> 
     </span>
     <span class='ocr_line' id='line_1_28' title="bbox 41 3510 1284 3610; baseline 0.001 -18"><span class='ocrx_word' id='word_1_233' title='bbox 41 3510 61 3534; x_wconf 50' lang='grc' dir='ltr'><strong><em>α</em></strong></span> <span class='ocrx_word' id='word_1_234' title='bbox 111 3513 131 3538; x_wconf 64' lang='lat'><strong>⁶</strong></span> <span class='ocrx_word' id='word_1_235' title='bbox 231 3535 267 3592; x_wconf 89' lang='lat' dir='ltr'>sit</span> <span class='ocrx_word' id='word_1_236' title='bbox 282 3545 383 3592; x_wconf 89' lang='lat' dir='ltr'>auctor</span> <span class='ocrx_word' id='word_1_237' title='bbox 396 3535 516 3609; x_wconf 87' lang='lat' dir='ltr'>peccati,</span> <span class='ocrx_word' id='word_1_238' title='bbox 533 3545 561 3593; x_wconf 88' lang='lat' dir='ltr'>et</span> <span class='ocrx_word' id='word_1_239' title='bbox 575 3534 657 3593; x_wconf 90' lang='lat' dir='ltr'>Dens</span> <span class='ocrx_word' id='word_1_240' title='bbox 677 3553 729 3610; x_wconf 92' lang='lat' dir='ltr'>per</span> <span class='ocrx_word' id='word_1_241' title='bbox 747 3534 921 3610; x_wconf 90' lang='lat' dir='ltr'>prophetam</span> <span class='ocrx_word' id='word_1_242' title='bbox 940 3532 1017 3605; x_wconf 89' lang='lat' dir='ltr'>dicit,</span> <span class='ocrx_word' id='word_1_243' title='bbox 1032 3534 1114 3609; x_wconf 92' lang='lat' dir='ltr'>quod</span> <span class='ocrx_word' id='word_1_244' title='bbox 1133 3535 1209 3594; x_wconf 89' lang='lat' dir='ltr'>filius</span> <span class='ocrx_word' id='word_1_245' title='bbox 1223 3554 1284 3595; x_wconf 92' lang='lat' dir='ltr'>non</span> 
     </span>
    </p>
   </div>
   <div class='ocr_carea' id='block_1_6' title="bbox 232 3632 1287 3904">
    <p class='ocr_par' dir='ltr' id='par_1_7' title="bbox 232 3632 1287 3904">
     <span class='ocr_line' id='line_1_29' title="bbox 232 3632 1287 3709; baseline 0.004 -21"><span class='ocrx_word' id='word_1_246' title='bbox 232 3633 359 3708; x_wconf 88' lang='lat' dir='ltr'>portabit</span> <span class='ocrx_word' id='word_1_247' title='bbox 378 3633 557 3707; x_wconf 88' lang='lat' dir='ltr'>iniquitatem</span> <span class='ocrx_word' id='word_1_248' title='bbox 579 3634 667 3707; x_wconf 85' lang='lat' dir='ltr'>patris</span> <span class='ocrx_word' id='word_1_249' title='bbox 687 3651 741 3690; x_wconf 91' lang='lat' dir='ltr'>nec</span> <span class='ocrx_word' id='word_1_250' title='bbox 756 3651 772 3690; x_wconf 90' lang='lat' dir='ltr'>e</span> <span class='ocrx_word' id='word_1_251' title='bbox 787 3633 912 3702; x_wconf 74' lang='lat' dir='ltr'>contra⁶,</span> <span class='ocrx_word' id='word_1_252' title='bbox 928 3632 980 3690; x_wconf 93' lang='lat' dir='ltr'>sed</span> <span class='ocrx_word' id='word_1_253' title='bbox 994 3633 1195 3709; x_wconf 90' lang='lat' dir='ltr'>unusquisque</span> <span class='ocrx_word' id='word_1_254' title='bbox 1210 3651 1287 3692; x_wconf 88' lang='lat' dir='ltr'>onus</span> 
     </span>
     <span class='ocr_line' id='line_1_30' title="bbox 232 3730 684 3805; baseline 0 -18"><span class='ocrx_word' id='word_1_255' title='bbox 232 3747 326 3798; x_wconf 86' lang='lat' dir='ltr'>suurn,</span> <span class='ocrx_word' id='word_1_256' title='bbox 342 3730 414 3787; x_wconf 93' lang='lat' dir='ltr'>sicut</span> <span class='ocrx_word' id='word_1_257' title='bbox 429 3730 497 3788; x_wconf 90' lang='lat' dir='ltr'>dicit</span> <span class='ocrx_word' id='word_1_258' title='bbox 511 3730 684 3805; x_wconf 81' lang='lat' dir='ltr'>apostolus⁷.</span> 
     </span>
     <span class='ocr_line' id='line_1_31' title="bbox 273 3826 1287 3904; baseline 0.004 -22"><span class='ocrx_word' id='word_1_259' title='bbox 273 3826 435 3885; x_wconf 74' lang='lat' dir='ltr'>Phrenesis.</span> <span class='ocrx_word' id='word_1_260' title='bbox 476 3828 530 3886; x_wconf 90' lang='lat' dir='ltr'>Illa</span> <span class='ocrx_word' id='word_1_261' title='bbox 554 3846 629 3904; x_wconf 90' lang='lat' dir='ltr'>quae</span> <span class='ocrx_word' id='word_1_262' title='bbox 652 3828 720 3897; x_wconf 86' lang='lat' dir='ltr'>dixi,</span> <span class='ocrx_word' id='word_1_263' title='bbox 743 3845 817 3902; x_wconf 88' lang='lat' dir='ltr'>qnae</span> <span class='ocrx_word' id='word_1_264' title='bbox 839 3828 870 3884; x_wconf 89' lang='lat' dir='ltr'>in</span> <span class='ocrx_word' id='word_1_265' title='bbox 892 3828 1019 3886; x_wconf 88' lang='lat' dir='ltr'>Pseustis</span> <span class='ocrx_word' id='word_1_266' title='bbox 1041 3846 1167 3903; x_wconf 88' lang='lat' dir='ltr'>persona</span> <span class='ocrx_word' id='word_1_267' title='bbox 1187 3829 1287 3887; x_wconf 87' lang='lat' dir='ltr'>leviter</span> 
     </span>
    </p>
   </div>
   <div class='ocr_carea' id='block_1_7' title="bbox 232 3997 1274 4192">
    <p class='ocr_par' dir='ltr' id='par_1_8' title="bbox 232 3997 1274 4192">
     <span class='ocr_line' id='line_1_32' title="bbox 266 3997 1274 4063; baseline 0.003 -17"><span class='ocrx_word' id='word_1_268' title='bbox 266 4000 273 4028; x_wconf 92' lang='lat'><strong>¹</strong></span> <span class='ocrx_word' id='word_1_269' title='bbox 292 3997 360 4061; x_wconf 87' lang='lat' dir='ltr'>cnm]</span> <span class='ocrx_word' id='word_1_270' title='bbox 372 4003 463 4054; x_wconf 86' lang='lat' dir='ltr'>tamen,</span> <span class='ocrx_word' id='word_1_271' title='bbox 476 3998 509 4046; x_wconf 91' lang='lat' dir='ltr'>D.</span> <span class='ocrx_word' id='word_1_272' title='bbox 521 3998 558 4047; x_wconf 90' lang='lat' dir='ltr'>ed.</span> <span class='ocrx_word' id='word_1_273' title='bbox 571 4014 608 4063; x_wconf 90' lang='lat' dir='ltr'>pr.</span> <span class='ocrx_word' id='word_1_274' title='bbox 707 3998 716 4026; x_wconf 81' lang='lat'>²</span> <span class='ocrx_word' id='word_1_275' title='bbox 733 3997 819 4047; x_wconf 79' lang='lat' dir='ltr'>frivole</span> <span class='ocrx_word' id='word_1_276' title='bbox 830 3997 882 4062; x_wconf 87' lang='lat' dir='ltr'>vel]</span> <span class='ocrx_word' id='word_1_277' title='bbox 893 4014 943 4046; x_wconf 89' lang='lat' dir='ltr'>om.</span> <span class='ocrx_word' id='word_1_278' title='bbox 956 3998 989 4047; x_wconf 92' lang='lat' dir='ltr'>D.</span> <span class='ocrx_word' id='word_1_279' title='bbox 1001 3997 1040 4047; x_wconf 86' lang='lat' dir='ltr'>ed.</span> <span class='ocrx_word' id='word_1_280' title='bbox 1052 4014 1089 4062; x_wconf 89' lang='lat' dir='ltr'>pr.</span> <span class='ocrx_word' id='word_1_281' title='bbox 1166 3998 1176 4027; x_wconf 80' lang='lat'>⁸</span> <span class='ocrx_word' id='word_1_282' title='bbox 1192 3999 1274 4049; x_wconf 83' lang='lat' dir='ltr'>bonos</span> 
     </span>
     <span class='ocr_line' id='line_1_33' title="bbox 232 4062 1274 4192; baseline 0.002 -80"><span class='ocrx_word' id='word_1_283' title='bbox 232 4063 326 4118; x_wconf 73' lang='lat' dir='ltr'>beatos.</span> <span class='ocrx_word' id='word_1_284' title='bbox 339 4063 431 4113; x_wconf 89' lang='lat' dir='ltr'>A.B.C.</span> <span class='ocrx_word' id='word_1_285' title='bbox 444 4063 482 4113; x_wconf 88' lang='lat' dir='ltr'>ed.</span> <span class='ocrx_word' id='word_1_286' title='bbox 494 4079 530 4127; x_wconf 92' lang='lat' dir='ltr'>pr.</span> <span class='ocrx_word' id='word_1_287' title='bbox 661 4062 670 4090; x_wconf 82' lang='lat'><strong>⁴</strong></span> <span class='ocrx_word' id='word_1_288' title='bbox 686 4063 795 4192; x_wconf 45' lang='lat' dir='ltr'>urffieret]</span> <span class='ocrx_word' id='word_1_289' title='bbox 807 4071 885 4128; x_wconf 83' lang='lat' dir='ltr'>urget,</span> <span class='ocrx_word' id='word_1_290' title='bbox 897 4063 990 4113; x_wconf 87' lang='lat' dir='ltr'>A.B.C.</span> <span class='ocrx_word' id='word_1_291' title='bbox 1114 4063 1124 4091; x_wconf 78' lang='lat'>⁵</span> <span class='ocrx_word' id='word_1_292' title='bbox 1141 4063 1274 4114; x_wconf 86' lang='lat' dir='ltr'>Phronesis</span> 
     </span>
    </p>
   </div>
   <div class='ocr_carea' id='block_1_8' title="bbox 233 4127 1287 4241">
    <p class='ocr_par' dir='ltr' id='par_1_9' title="bbox 233 4127 1287 4241">
     <span class='ocr_line' id='line_1_34' title="bbox 233 4127 1287 4241; baseline 0.002 -65"><span class='ocrx_word' id='word_1_293' title='bbox 233 4127 349 4241; x_wconf 40' lang='lat' dir='ltr'>puga&amp;</span> <span class='ocrx_word' id='word_1_294' title='bbox 373 4205 385 4238; x_wconf 42' lang='lat' dir='ltr'><strong>g</strong></span> <span class='ocrx_word' id='word_1_295' title='bbox 516 4128 588 4178; x_wconf 73' lang='lat' dir='ltr'>‘nec</span> <span class='ocrx_word' id='word_1_296' title='bbox 605 4144 618 4177; x_wconf 92' lang='lat' dir='ltr'>e</span> <span class='ocrx_word' id='word_1_297' title='bbox 635 4135 722 4177; x_wconf 84' lang='lat' dir='ltr'>contre</span> <span class='ocrx_word' id='word_1_298' title='bbox 752 4144 802 4178; x_wconf 88' lang='lat' dir='ltr'>om.</span> <span class='ocrx_word' id='word_1_299' title='bbox 821 4129 928 4184; x_wconf 86' lang='lat' dir='ltr'>A.B.C.;</span> <span class='ocrx_word' id='word_1_300' title='bbox 954 4128 985 4178; x_wconf 83' lang='lat' dir='ltr'>ci.</span> <span class='ocrx_word' id='word_1_301' title='bbox 1004 4129 1091 4179; x_wconf 88' lang='lat' dir='ltr'>Ierem.</span> <span class='ocrx_word' id='word_1_302' title='bbox 1108 4128 1172 4176; x_wconf 83' lang='lat' dir='ltr'>xxxi.</span> <span class='ocrx_word' id='word_1_303' title='bbox 1192 4144 1231 4192; x_wconf 75' lang='lat'>²⁹·</span> <span class='ocrx_word' id='word_1_304' title='bbox 1248 4146 1287 4194; x_wconf 84' lang='lat' dir='ltr'>sq.</span> 
     </span>
    </p>
   </div>
   <div class='ocr_carea' id='block_1_9' title="bbox 0 0 1448 4836">
    <p class='ocr_par' dir='ltr' id='par_1_10' title="bbox 0 0 1448 4836">
     <span class='ocr_line' id='line_1_35' title="bbox 0 0 1448 4836; baseline 0 0"><span class='ocrx_word' id='word_1_305' title='bbox 0 0 1448 4836; x_wconf 95' lang='lat' dir='ltr'> </span> 
     </span>
    </p>
   </div>
  </div>
 </body>
</html>
