2864 4836
10 4086 14 4289 d

491 445 746 522 JOANNIS
787 444 1003 515 WJCLIF
1194 468 1272 506 uam

712 1077 798 1138 Gula.

268 1225 390 1284 Alathia
432 1226 521 1302 Rogo
546 1245 633 1298 nunc,
659 1226 747 1287 frater
770 1226 935 1298 phronesis,
959 1237 991 1285 ut
1015 1225 1054 1286 de
1071 1229 1149 1305 gula
1170 1239 1201 1288 et
1221 1228 1277 1305 ejus

228 1324 372 1381 contrario
393 1322 544 1399 procedas,
565 1323 708 1384 servando
731 1324 858 1383 eundem
882 1323 1015 1383 ordinem
1038 1340 1132 1401 quem
1153 1326 1276 1385 servasti

228 1419 321 1478 Miror
334 1431 433 1479 tamen
447 1439 484 1478 ex
499 1421 582 1480 dictis
597 1423 662 1492 tuis,
678 1440 745 1481 cum
759 1422 874 1482 coloras
888 1421 1037 1498 implicite,
1050 1424 1138 1499 quod
1156 1424 1277 1483 ecclesia

226 1537 263 1577 ex
284 1517 355 1577 hoc¹
376 1519 506 1595 peccavit
528 1520 610 1595 quod
631 1520 812 1579 dotationem
832 1518 960 1595 accepit¹
979 1530 1008 1579 et
1022 1521 1158 1596 regulam
1171 1520 1276 1582 Christi

227 1617 360 1686 deseruit,
386 1634 453 1674 cum
481 1617 617 1675 habendo
645 1618 843 1694 quodcunque
872 1617 1034 1677 dominium
1058 1628 1159 1694 potest
1187 1618 1275 1679 homo

225 1715 295 1773 satis
309 1713 411 1774 devote
426 1716 520 1773 vivere
534 1724 562 1774 et
575 1716 616 1773 uti
630 1715 838 1791 temporalibus
851 1717 920 1774 satis
934 1732 1029 1792 parce.

65 1813 179 1888 ‘¹253‘
265 1811 427 1870 phronesis.
469 1812 567 1872 Placet
578 1831 691 1872 servare
701 1812 780 1872 hunc
792 1814 927 1872 ordinem
937 1830 1025 1889 quem
1040 1812 1174 1890 signasti.
1218 1812 1274 1874 Sed

132 1895 173 1930 ’ω’
225 1911 376 1986 inprimis
398 1911 508 1969 videtur
530 1911 608 1981 mihi,
630 1911 711 1988 quod
735 1911 821 1969 nimis
843 1911 908 1970 laxe
931 1921 960 1970 et
981 1910 1080 1970 leviter
1102 1914 1186 1989 capis
1210 1931 1274 1972 sen·

225 2008 345 2066 tentiam
367 2026 454 2085 quam
476 2008 613 2083 praedixi.
656 2008 727 2066 Non
750 2008 827 2066 enim
849 2009 934 2068 video
957 2008 1000 2067 vel
1025 2026 1174 2086 suppono,
1195 2009 1274 2088 quod

225 2105 359 2164 St'loester
373 2104 417 2164 vel
438 2106 603 2182 quicunque
625 2105 697 2165 alius
718 2107 830 2182 accepit
850 2105 1030 2165 dotationem
1051 2105 1190 2168 Caesaris
1209 2127 1274 2187 per·

224 2214 342 2279 petuam
364 2221 424 2260 non
446 2204 605 2279 peccando
627 2205 696 2280 quia
716 2204 782 2262 licet
803 2202 850 2262 illa
870 2222 997 2280 persona
1016 2206 1149 2281 peccavit
1169 2207 1273 2277 leviter,

225 2300 302 2358 dedit
324 2309 422 2358 tamen
443 2301 527 2359 stulte
549 2303 733 2361 occasionem
755 2301 875 2361 infirmis
896 2303 1104 2378 posterioribus
1122 2303 1192 2381 plus
1207 2323 1274 2382 pec·

224 2398 317 2468 candi,
333 2415 400 2456 cum
415 2409 481 2456 ante
496 2399 685 2469 dotationem,
700 2399 821 2476 quando
835 2399 886 2458 viri
905 2399 1058 2476 apostolici
1072 2399 1191 2461 fuerunt
1209 2403 1273 2480 plus

223 2497 348 2556 habiles⁸
367 2498 404 2555 ad
425 2498 605 2568 merendum,
625 2499 805 2568 tenebantur,
825 2509 966 2574 quantum
985 2509 1053 2558 tunc
1073 2499 1273 2572 suffecerunt⁴,

223 2596 361 2654 ecclesiae
382 2596 548 2670 promereri,
563 2605 592 2653 et
613 2597 704 2654 modo
727 2598 836 2654 ratione
858 2597 1013 2654 dotationis
1034 2606 1102 2655 sunt
1121 2597 1189 2673 plus
1203 2599 1273 2658 obli·

222 2694 280 2768 gati
302 2702 331 2749 et
352 2693 448 2749 minus
469 2693 601 2763 habilem,
617 2694 753 2770 sequitur,
769 2694 849 2770 quod
870 2693 954 2752 stulte
976 2711 1064 2770 supra
1083 2696 1161 2753 vires
1183 2715 1215 2756 se
1236 2695 1272 2755 ad

223 2788 433 2864 proficiendum
462 2790 600 2848 ecclesiae
629 2789 800 2864 obligarunt.
855 2789 913 2848 Sed
941 2790 1058 2848 stultitia
1086 2791 1274 2853 insolubiliter

223 2895 277 2943 stat
298 2885 328 2941 in
350 2885 414 2955 isto,
436 2888 515 2962 quod
537 2907 573 2945 ex
594 2887 652 2946 hoc
673 2887 710 2945 ad
731 2888 958 2964 promerendum
973 2889 1017 2947 vel
1039 2889 1273 2964 prodessendum

223 2985 361 3043 ecclesiae
387 3002 418 3042 se
444 2986 633 3056 inhabitant,
659 2997 687 3044 et
712 2985 882 3044 mandatum
905 2987 964 3045 sive
987 2985 1094 3045 Christi
1119 2990 1274 3049 consilium

223 3093 342 3159 propter
357 3103 487 3143 amorem
502 3083 704 3160 temporalium
720 3083 764 3142 vel
778 3103 880 3142 eorum
895 3084 1058 3143 dominium
1077 3085 1272 3162 reliquerunt3

223 3183 274 3240 sed
296 3201 370 3258 quae
390 3185 538 3241 excusatio
559 3194 603 3240 est
624 3184 654 3239 in
675 3183 751 3240 isto?
791 3181 923 3258 Supponi
947 3193 1045 3241 autem
1065 3193 1172 3258 potest,
1194 3187 1274 3262 quod

222 3279 356 3339 Sz'lvester
370 3294 398 3340 et
420 3283 511 3340 sancti
533 3282 619 3339 ceteri
641 3291 708 3339 ante
730 3293 854 3340 mortem
869 3280 905 3339 de
926 3280 975 3339 tali
990 3281 1107 3341 stultitia
1121 3296 1190 3342 sunt
1205 3304 1274 3344 con-

221 3381 284 3438 triti.
329 3380 387 3440 Sed
409 3381 483 3438 absit
504 3378 562 3438 hoc
585 3377 709 3449 credere,
725 3379 805 3454 quod
827 3380 856 3435 in
878 3380 1080 3438 conversando
1095 3379 1215 3442 Christo
1231 3385 1274 3443 vel

222 3478 279 3536 suis
304 3478 444 3554 apostolis
466 3489 548 3535 erant
572 3496 665 3553 parea,
689 3494 755 3535 cum
778 3494 867 3535 nemo
889 3476 975 3535 debet
1000 3478 1149 3553 sequelam
1172 3499 1274 3540 eorum

212 3576 361 3650 accipere,
386 3576 440 3633 nisi
465 3576 502 3634 de
530 3585 641 3650 quanto
669 3573 852 3633 choraulam⁶
879 3574 1099 3650 impeccabilem
1124 3576 1274 3639 Christum

222 3671 327 3729 ducem
342 3675 483 3731 exercitus
499 3674 703 3749 sequebantur.

217 3768 219 3775 '
262 3768 299 3828 Et
324 3781 464 3845 quantum
494 3770 530 3827 ad
550 3754 717 3828 'intentum'
743 3779 824 3827 tuum
849 3770 885 3828 de
906 3770 987 3846 gula,
1012 3768 1123 3829 videtur
1148 3774 1220 3832 mihi
1243 3776 1273 3834 in

222 3868 330 3946 primis,
345 3869 425 3945 quod
446 3869 538 3927 taliter
558 3867 682 3927 describi
704 3869 817 3944 poterit,
836 3868 916 3944 quod
937 3868 1006 3944 gula
1026 3880 1070 3927 est
1091 3869 1273 3931 inordinatus

202 4040 204 4089 l
255 4041 260 4067 ¹
279 4039 338 4101 hoc]
351 4039 398 4088 hoc
411 4055 468 4093 non,
478 4040 569 4088 ΑΜ.
639 4039 647 4067 ²
662 4039 769 4103 accepit]
778 4040 907 4103 acceperit
918 4041 948 4087 Α.
1015 4039 1024 4066 ³
1041 4038 1148 4104 habiles]
1158 4040 1272 4096 humiles.

201 4105 257 4173 led.
271 4121 307 4167 pr.
418 4104 425 4131 ⁴
442 4105 598 4166 suffecerunt]
612 4104 757 4159 sufficerent.
770 4105 803 4152 D.
914 4104 1046 4167 ³habilcs]
1059 4104 1223 4160 humiles.ed
1236 4124 1271 4172 pr.

200 4176 203 4277 p
220 4169 401 4296 ‘Delpgrapllaml
413 4170 469 4218 libri
482 4169 553 4219 MSS.
566 4170 656 4219 halent
669 4172 795 4218 coraulam.
955 4168 1134 4234 'intentumJ'
1127 4171 1271 4236 mjunctum
