2864 4836
277 313 410 321 ,nan—*-
420 313 614 320 ...ι--..βψ
623 315 652 320 ..-
660 313 680 320 Α..
692 315 703 319 -ε
718 313 875 321 ---....-.-..
888 315 1024 321 ..Q-*-

593 421 846 499 Jonrvrvrs
880 421 1089 484 vvrcm
1278 408 1361 483 nan.

308 582 430 659 aliquid¹
447 585 482 642 sit
497 583 662 655 dicendum,
678 584 839 660 specialiter
852 602 920 643 cum
934 603 1038 644 sensus
1055 584 1095 643 illi
1113 585 1217 662 juvant
1234 585 1362 644 intellec-

308 691 370 739 tum
385 693 414 739 et
428 692 601 757 praeparant
615 682 653 740 ad
667 700 786 741 sensum
800 684 954 760 mysticum
969 684 1182 760 scripturamm.

347 779 511 838 Phrenesis.
554 778 679 855 Oportet
703 797 807 855 capere
832 799 852 841 a
875 781 1053 840 naturalibus
1081 780 1158 840 hanc
1186 780 1361 850 doctrinam,

308 877 503 952 supponendo
533 877 696 936 secundum
724 877 940 954 philosophiam
968 878 1137 949 Arritolelis,
1166 878 1249 955 quod
1281 878 1361 938 solus

306 974 399 1033 homo
421 975 458 1034 de
479 993 602 1033 numero
624 976 793 1033 animalium
813 987 943 1035 erectum
964 976 1052 1035 habet
1072 987 1161 1053 caput
1174 977 1213 1037 ad
1234 976 1359 1037 coelum.

308 1072 399 1149 Cujus
413 1083 560 1131 causaest
574 1073 736 1131 secundum
751 1073 915 1149 theologos,
930 1084 962 1134 ut
976 1073 1068 1133 homo
1083 1073 1211 1133 elevetur
1225 1092 1242 1133 a
1258 1085 1361 1134 terres·

307 1172 396 1229 tribus
425 1171 463 1229 ad
487 1172 624 1230 coelestia
652 1171 817 1247 aspirando.
871 1171 1039 1231 Secundum
1063 1172 1237 1230 Aristotelem
1263 1182 1360 1231 autem

307 1275 390 1343 capul
401 1268 526 1327 hominis
541 1279 585 1327 est
599 1269 735 1328 elevatius
750 1280 868 1345 propter
879 1268 1101 1345 depurationem
1115 1269 1279 1346 spirituum,
1291 1288 1359 1329 cum

308 1369 414 1444 quibus
438 1367 485 1425 illa
508 1368 604 1426 divina
626 1368 795 1437 substantia,
816 1384 892 1443 quae
917 1378 961 1426 est
983 1366 1230 1427 animahominis
1251 1368 1360 1427 inillis

308 1466 541 1542 operationibus²
555 1467 658 1525 clarius
678 1477 820 1542 operetur.
865 1465 962 1542 Caput
981 1476 1079 1526 autem
1093 1465 1257 1545 secundum
1271 1465 1361 1525 Aris·

307 1566 406 1622 totalem
428 1583 464 1622 ex
485 1565 623 1622 relatione
645 1560 850 1640 capitationis³‚
872 1575 901 1623 et
922 1582 984 1623 non
1004 1583 1041 1623 ex
1063 1563 1158 1624 forma
1177 1564 1360 1623 substantiali

307 1663 454 1722 contrahit
479 1663 637 1722 formaliter
658 1663 727 1722 illud
753 1681 872 1735 nomen,
893 1674 982 1739 caput
1003 1664 1082 1722 enim
1106 1663 1269 1724 secundum
1290 1681 1359 1723 eum

307 1762 411 1821 dicitur
439 1762 556 1838 capitati
586 1771 683 1837 caput,
711 1773 740 1821 et
768 1762 916 1820 abscisum
948 1779 1011 1820 non
1043 1761 1146 1821 dicitur
1178 1771 1275 1838 caput,
1303 1763 1360 1821 nisi

308 1859 381 1918 forte
411 1861 578 1937 aequivoce.
631 1861 680 1918 Ad
704 1878 768 1918 esse
793 1869 892 1918 tamen
917 1859 1019 1935 capitis
1043 1859 1226 1935 requiruntur
1250 1859 1359 1918 mtdtae

308 1957 419 2017 formae
449 1957 661 2028 substantiales,
689 1975 757 2016 cum
786 1966 875 2033 caput
902 1958 939 2017 sit
967 1967 1157 2033 etrogeneum
1185 1957 1218 2015 in
1246 1967 1360 2018 natura.

118 2075 273 2151 ffllffm
308 2055 381 2115 Sunt
404 2066 502 2114 autem
528 2057 656 2133 quinque
681 2074 777 2113 sensus
800 2056 962 2126 extrinseci,
987 2055 1098 2115 scilicet
1120 2055 1207 2124 visuS,
1232 2055 1359 2125 auditus,

306 2154 455 2224 odoratus,
480 2164 581 2230 gustus
602 2164 631 2212 ει
654 2163 763 2224 tactus;
795 2163 825 2211 et
849 2154 982 2212 omnium
1010 2152 1124 2212 illorum
1148 2169 1289 2212 sensuum
1311 2171 1360 2213 or·

287 2264 289 2311 ε
306 2270 384 2326 gana
404 2253 433 2309 in
455 2253 549 2328 capite
571 2253 720 2310 situantur.
764 2250 875 2310 Tactus
896 2259 994 2309 autem
1015 2262 1135 2327 propter
1153 2251 1360 2310 necessitatem

307 2368 390 2407 suam
415 2368 467 2425 per
491 2367 630 2427 magnam
654 2358 767 2425 partem
796 2348 936 2424 corporis,
957 2349 989 2407 in
1016 2347 1146 2425 quodam
1170 2366 1261 2407 nervo
1285 2348 1359 2407 retili

307 2447 488 2523 expanditur.
541 2448 577 2506 ln
610 2465 723 2523 organo
758 2455 855 2505 autem
887 2447 965 2505 visus
996 2445 1103 2504 residet
1134 2446 1237 2504 virtus⁴
1270 2445 1360 2504 visiva

307 2556 446 2621 tanquam
471 2544 635 2622 speculator
660 2546 747 2603 totius
772 2545 913 2620 corporis,
937 2555 1077 2620 tanquam
1102 2543 1235 2603 indicans
1255 2562 1274 2603 a
1294 2543 1359 2603 lon·

306 2644 417 2719 ginquo
441 2655 502 2702 tam
527 2644 704 2702 conveniens
724 2642 836 2700 homini
859 2659 948 2718 quam
969 2642 1114 2701 nocivum.
1165 2641 1212 2701 De
1236 2641 1360 2702 anatho·

310 2743 369 2800 mia
389 2760 457 2799 vero
482 2740 568 2811 oculi,
591 2740 743 2817 quomodo
768 2741 954 2816 componitur
978 2758 1015 2798 ex
1039 2739 1143 2799 decem
1165 2741 1306 2817 partibus,
1330 2751 1360 2800 et

307 2839 460 2914 quomodo
472 2839 600 2908 situatur,
612 2856 680 2896 cum
691 2837 753 2896 aliis
768 2837 991 2903 difficultatibus,
1001 2848 1118 2914 oportet
1130 2838 1178 2898 hic
1192 2856 1360 2915 supponere

307 2937 469 3012 specialiter
498 2955 535 2994 ex
564 2936 626 2995 aliis
655 2932 894 2994 diffinitionibus⁶
921 2935 1088 3007 nvztmnae,
1116 2946 1146 2996 et
1173 2936 1210 2995 de
1238 2937 1360 3013 organis

306 3036 427 3093 aliorum
455 3053 601 3093 sensuum.
657 3032 817 3092 Cerebmm
845 3041 943 3091 autem
972 3033 1074 3092 dicitur
1101 3033 1177 3093 intra
1205 3035 1359 3094 craneum‘

306 3135 407 3210 capitis
429 3135 459 3192 in
480 3136 529 3211 pia
550 3145 650 3203 matre,
667 3150 743 3208 quae
764 3143 808 3190 est
828 3132 886 3191 tela
904 3132 1014 3190 subtilis
1035 3133 1184 3192 involvens
1205 3134 1358 3192 cerebrum

286 3232 464 3297 ,situaliter⁷.
515 3232 617 3308 Ipsum
646 3241 743 3289 autem
768 3231 920 3288 cerebrum
944 3230 1080 3290 dividitur
1106 3232 1137 3289 in
1165 3241 1224 3291 tres
1251 3241 1359 3310 partes,

305 3331 413 3391 scilicet
427 3331 457 3389 in
470 3332 603 3407 primam,
618 3329 754 3398 mediam,
769 3339 797 3387 et
811 3338 980 3387 extremam.

117 3444 272 3521 fimena,
347 3430 423 3488 Cum
448 3438 546 3488 autem
571 3437 638 3487 sunt
665 3437 723 3484 tres
747 3426 892 3485 maneries
920 3427 1081 3502 spirituum,
1106 3427 1216 3487 scilicet
1240 3428 1359 3505 spiritus

305 3528 437 3587 animalis
454 3529 484 3585 in
504 3529 632 3595 cerebro,
647 3536 676 3583 et
695 3523 811 3600 spiritus
830 3523 922 3582 vitalis
942 3525 971 3581 in
987 3525 1085 3596 corde,
1099 3535 1128 3583 et
1142 3525 1259 3600 spiritus
1273 3534 1359 3584 natu·

306 3625 372 3683 ralis
393 3627 423 3683 in
444 3637 538 3701 epate,
554 3625 589 3684 de
612 3624 716 3699 spiritu
737 3621 861 3690 animali,
876 3622 905 3679 in
927 3639 987 3698 quo
1002 3625 1081 3699 viget
1100 3623 1190 3682 virtus
1211 3623 1359 3689 sensitiva,

286 3733 289 3769 ι
305 3724 335 3780 in
355 3725 474 3781 cerebro
494 3721 650 3781 dicendum
664 3730 715 3779 est.
758 3718 794 3776 In
813 3719 937 3795 ancipite
952 3729 1059 3791 autem,
1073 3739 1151 3798 quae
1168 3732 1212 3780 est
1230 3722 1360 3781 anterior

304 3838 372 3897 pars
386 3821 495 3878 cerebri
511 3819 600 3878 divisa
615 3821 644 3876 in
659 3817 731 3876 duas
745 3826 849 3892 partes,
864 3816 956 3892 viget⁸
971 3819 1144 3879 mineraliter
1158 3837 1263 3879 sensus
1275 3836 1359 3878 com·

337 4023 345 4052 ¹
362 4021 395 4071 ali
412 4022 466 4087 nid]
478 4038 528 4072 om.
540 4021 578 4072 ed.
591 4038 627 4087 pr.
697 4023 706 4051 ¹
723 4021 771 4071 illis
782 4019 979 4086 operationibus]
991 4023 1177 4088 operationibus
1188 4022 1357 4082 sensibilium,

304 4087 369 4137 C.D.
413 4104 468 4152 .pr.
534 4087 727 4152 ’capitationis]
740 4085 956 4151 capitalitatis.ed.
969 4103 1005 4151 pr.
1076 4088 1186 4154 ⁴virtus]
1199 4103 1250 4139 om.
1261 4088 1358 4140 ΛΜΞ.

285 4205 287 4221 1
303 4153 312 4180 ⁶
328 4153 526 4216 diffinitionibus]
540 4153 731 4208 difficultatibus.
744 4152 776 4200 Α.
976 4153 987 4181 ⁴
1004 4153 1132 4220 craneum]
1144 4169 1255 4211 comm.
1266 4153 1308 4205 od.
1319 4169 1357 4221 pr.

284 4230 287 4251 ²
303 4216 312 4243 ⁷
329 4217 458 4282 situaliter]
472 4219 563 4274 situari,
577 4217 608 4265 D.
675 4219 684 4247 ⁸
700 4216 779 4281 viget]
791 4216 882 4279 vigent,
894 4217 932 4268 ed.
946 4233 982 4283 pr.
