2864 4836
291 287 352 294 -...—-
360 286 519 293 .-·---—-—-
528 285 666 292 -—-—
680 284 1139 294 —u-——--——-———.—-——..
1152 288 1164 293 -
1187 288 1255 293 ——--
1276 284 1323 293 -ο

546 391 804 472 Jorrvrvrs
839 392 1083 455 chLlF
1261 414 1325 450 m.

277 559 423 616 cationem
438 554 516 613 illam
531 555 714 632 pertinaciter
727 566 830 614 contra
843 553 949 615 Deum
970 556 1194 618 defenderent.
1234 554 1326 615 Sedrli

276 654 351 712 foret
371 654 465 730 major
485 651 612 711 haeresis
634 661 682 711 aut
702 652 767 727 plus
790 651 995 712 damnabilis?
1036 653 1168 715 Debent
1188 654 1263 713 enim
1277 668 1326 728 put

277 752 429 809 sessionati
444 751 534 809 nostri
554 768 735 824 cognoscere
749 758 809 807 tam
822 767 859 807 ex
880 749 941 807 vita
955 749 1081 810 Christi
1101 764 1134 811 et
1155 751 1326 828 apostolum

277 867 366 924 quam
390 866 427 906 ex
453 848 518 923 lege
546 849 711 922 scripturae,
735 847 816 922 quod
844 846 959 906 dotatio
985 848 1059 907 talis
1084 859 1237 928 repugnat
1256 845 1326 911 nati.

257 994 260 1031 1
277 964 365 1022 quem
379 946 499 1004 nomine
513 955 606 1014 tenus,
618 945 683 1004 licet
698 944 768 1004 salse
781 954 811 1003 et
825 944 992 1003 intentione
1006 947 1150 1007 subdola
1165 947 1326 1025 profitentut

257 1036 260 1101 l
277 1055 305 1100 et
330 1054 428 1101 tamen
453 1061 520 1101 cum
545 1043 601 1100 isto
625 1040 809 1101 fraudulento
830 1042 952 1100 nomine
975 1045 1203 1105 machinantur
1222 1043 1326 1109 solli&

257 1114 260 1211 f
276 1140 428 1216 quomodo
442 1141 642 1216 possessiones
656 1139 718 1198 illas
732 1150 855 1216 possunt
869 1157 988 1214 augere,
1003 1141 1036 1199 in
1053 1144 1181 1203 mundo
1195 1141 1327 1202 defendet!

257 1230 305 1295 let
326 1239 531 1313 impugnantes
551 1237 728 1312 extinguere.
771 1236 928 1313 Repugnat
949 1246 1056 1296 autem
1081 1240 1206 1299 divinae
1224 1237 1328 1317 juniis

257 1308 390 1393 lmentes
403 1333 572 1410 hujusmodi
592 1351 653 1391 non
674 1334 784 1409 punire.
826 1332 864 1391 Et
884 1333 992 1392 eadem
1014 1345 1062 1393 est
1086 1337 1286 1397 consideratio
1300 1333 1328 1391 dr

277 1434 418 1501 fratribus,
432 1433 482 1506 qui
503 1430 708 1507 blasphemant
721 1433 752 1489 in
766 1430 864 1489 Deum
885 1439 914 1489 et
928 1440 1047 1507 partem
1069 1451 1166 1494 suam
1188 1432 1328 1494 &sendra

277 1530 370 1604 magis
385 1529 513 1598 sollicite,
528 1545 562 1586 ac
577 1529 608 1586 in
627 1530 747 1587 nomine
760 1528 882 1587 Domini
900 1527 1080 1604 detegentes
1095 1551 1207 1591 earum
1228 1530 1328 1590 haum

276 1627 407 1702 asperius
420 1636 639 1701 persequuntur.
681 1624 719 1684 Et
733 1625 811 1684 idern
832 1636 875 1684 est
892 1625 1038 1702 judicium
1061 1627 1103 1686 de
1127 1647 1236 1688 amore
1253 1638 1329 1687 statu

277 1734 326 1781 aut
346 1723 418 1799 legis
433 1721 594 1780 Caesareae
613 1722 657 1780 vel
678 1722 797 1798 papalis,
812 1732 888 1780 statu
908 1722 952 1780 vel
972 1721 1041 1797 lege
1061 1722 1197 1784 Domini
1219 1738 1329 1803 praetet-

277 1822 375 1878 misso.
417 1819 509 1888 Istud,
525 1820 652 1894 inquam,
667 1831 819 1896 peccatum
834 1820 1037 1896 gravissimum
1052 1839 1120 1880 non
1135 1835 1239 1900 potest
1255 1819 1330 1882 deleri

277 1918 369 1976 verbis
384 1917 494 1975 floridis
507 1917 551 1975 vel
565 1918 717 1992 pomposis
728 1929 777 1976 aut
791 1919 881 1993 signis
891 1916 1088 1988 sensibilibus,
1101 1921 1331 1981 absolutionum

277 2016 321 2074 vel
335 2015 520 2090 indulgentiis
541 2014 711 2084 adinventis,
726 2015 887 2090 specialiter
907 2013 978 2072 dum
999 2014 1117 2074 affuerit
1141 2016 1331 2078 satisfaciendi

277 2112 480 2189 opportunitas
500 2122 529 2169 et
550 2110 734 2187 possibilitas,
755 2123 783 2170 et
804 2111 927 2171 durandi
940 2112 970 2168 in
991 2125 1119 2187 peccato
1140 2116 1330 2191 pertinacitas

278 2210 353 2282 Quis
367 2226 439 2285 ergo
453 2209 581 2285 prudens
601 2219 630 2268 et
643 2209 744 2267 videns
764 2210 894 2268 animum
915 2209 1082 2268 mentientis
1097 2213 1186 2287 quod
1205 2230 1268 2271 non
1279 2210 1331 2269 rult

278 2309 352 2367 ultra
366 2306 541 2381 delinquere,
556 2317 666 2365 etcum
680 2306 753 2365 h0c¹
767 2302 903 2365 manum²
916 2323 999 2366 suam
1018 2316 1176 2367 extentam
1191 2322 1226 2368 ut
1238 2317 1330 2385 parate

279 2404 450 2474 malefaciat,
467 2416 620 2480 peccatum
634 2405 824 2463 commissum
839 2402 1017 2472 dimitteret⁸,
1031 2412 1060 2461 et
1076 2406 1120 2462 sic
1132 2418 1290 2481 parantem
1302 2421 1330 2462 se

279 2505 316 2562 ad
331 2503 512 2579 peccandum
526 2501 643 2559 ulterius
657 2503 687 2558 in
702 2502 790 2560 corde
805 2501 954 2577 diligeret?
986 2499 1068 2558 Deus
1084 2512 1189 2560 autem
1210 2505 1330 2561 intuetur
1346 2540 1352 2553 ·

261 2598 263 2669 l
280 2602 368 2659 corda
383 2611 411 2658 et
430 2601 606 2658 intentiones
627 2600 778 2657 hominum
799 2617 833 2657 ac
854 2600 1027 2675 quantitates
1047 2608 1075 2656 et
1098 2601 1330 2660 circumstantias

261 2678 263 2779 l
280 2716 457 2773 passionum
500 2697 573 2754 Ideo
594 2715 655 2754 non
674 2697 791 2772 expedit
810 2696 1035 2772 blasphemare
1028 2714 1058 2753 rn
1072 2715 1152 2763 eum,
1168 2701 1281 2773 quod'
1272 2716 1329 2774 ipse

261 2784 263 2851 l
260 2806 397 2901 propter
412 2796 528 2869 signum
545 2794 679 2852 sensibile
699 2795 886 2853 adinventum
905 2794 1070 2869 simpliciter
1089 2794 1187 2852 deleat
1203 2796 1328 2854 maculas

260 2858 503 2967 praescitorum
533 2910 607 2967 quae
621 2893 715 2949 enim⁴
729 2891 803 2950 loret
824 2893 917 2967 magis
938 2890 1107 2967 blasphema
1128 2895 1327 2969 praesumptio

280 3008 367 3064 quarn
389 2989 465 3047 hosti
487 2989 542 3046 Dei
565 2989 635 3047 salse
657 2990 832 3065 promittere,
857 2991 936 3065 quod
958 2989 1043 3048 iaciat
1064 2989 1162 3047 Deum
1188 2991 1245 3048 sibi
1270 2991 1327 3066 pla·

279 3087 391 3144 catum⁵
410 3087 475 3144 licet
494 3086 591 3145 Deusl
606 3088 767 3145 secundum
786 3088 880 3163 legem
896 3098 1042 3147 aeternam
1056 3100 1084 3144 et
1098 3086 1236 3162 plena1n⁷
1248 3090 1324 3164 justi-

278 3185 346 3241 tiam
375 3185 572 3242 contradicat?
621 3184 676 3242 Per
704 3185 761 3243 hoc
789 3187 867 3243 enirn
896 3186 966 3244 dant
993 3184 1055 3242 falsi
1085 3183 1274 3243 consessores
1300 3196 1326 3242 et

279 3280 394 3355 praelati
419 3283 559 3340 membris
583 3283 740 3341 antichristi
765 3283 918 3341 audaciam
942 3283 979 3341 ad
1004 3300 1055 3340 sua
1079 3282 1202 3341 crimina
1228 3284 1325 3341 delen-

278 3379 407 3436 dendum
432 3390 461 3436 et
485 3390 596 3455 partem
622 3398 703 3437 suam
730 3391 831 3438 contra
856 3379 1003 3438 Christum
1031 3380 1118 3437 nimis
1142 3383 1325 3455 pertinaciter

279 3476 486 3551 usurpandum,
501 3495 534 3534 ac
557 3478 580 3534 si
603 3479 695 3552 magis
711 3477 940 3552 praesumerent⁸
955 3477 1099 3535 dominari
1120 3480 1150 3534 in
1168 3477 1325 3549 Christum,

277 3570 381 3647 quam⁹
392 3573 507 3632 Lucifer
518 3575 562 3632 vel
576 3575 638 3650 ejus
652 3574 809 3650 discipulus
820 3575 1011 3633 antichristus.
1049 3573 1246 3635 Considerent
1256 3595 1325 3652 ergo

310 3744 317 3771 ¹
335 3740 395 3805 hoc]
409 3757 458 3791 om
470 3742 498 3790 B
511 3758 604 3806 pnmae
615 3758 710 3798 manus
724 3743 755 3790 D
767 3743 805 3791 ed.
817 3759 854 3807 pr.
969 3741 979 3769 ¹
995 3740 1107 3804 manum]
1119 3742 1206 3791 videns
1218 3759 1325 3797 manum,

279 3807 312 3855 D.
324 3807 444 3855 secundae
456 3824 550 3855 manus
624 3808 808 3856 ¹commissum
820 3806 964 3870 dimitteret]
978 3806 1136 3856 commissum
1148 3808 1282 3861 omitteret.
1294 3810 1323 3856 A.

278 3873 398 3920 secundae
407 3888 507 3928 manus
526 3872 633 3921 dimittet
644 3887 809 3927 commissum
821 3873 859 3921 ed.
872 3888 908 3936 pr
996 3870 1099 3944 ⁴euim]
1111 3886 1179 3934 ergo.
1193 3872 1222 3920 B.
1234 3875 1325 3937 primae

277 3953 371 3989 manus.
383 3937 420 3985 ed
434 3953 469 4001 pr.
605 3937 615 3965 ⁵
631 3936 712 3985 Deum
724 3937 770 3986 sibi
782 3937 919 4001 placatum]
933 3935 1046 3986 Deum
1025 3951 1077 3998 ejus
1088 3937 1203 3992 amicum,
1216 3889 1251 3986 Ap
1252 3938 1324 3991 B..C;

277 4002 413 4050 Dominum
426 4003 471 4050 sibi
484 4002 609 4066 placitum,
621 4001 659 4050 ed.
673 4018 709 4065 pr.
775 4002 785 4030 ⁶
803 4002 881 4064 Deus]
891 4002 1022 4057 Dominus
1033 4001 1072 4049 ed
1084 4017 1120 4064 pr.
1187 4001 1311 4066 'plenum

256 4066 259 4113 l
276 4066 383 4128 planam
395 4067 432 4115 ed
445 4083 481 4130 pr.
590 4067 810 4131 ⁸praesumerent]
823 4076 995 4131 praesumeret,
1007 4067 1045 4116 ed
1058 4081 1094 4129 pr
1210 4067 1310 4130 'quam

255 4122 398 4229 {quoniam
410 4132 447 4180 ed
461 4147 497 4195 pr.
