2864 4836
87 450 169 487 cana
448 428 789 493 TRIALOGUS.

86 599 117 648 et
127 589 309 662 universalia,
321 591 409 650 etiam
424 601 493 661 sunt
506 603 657 670 perpetua,
670 612 738 653 cum
749 595 915 655 necessario
929 613 1046 674 semper
1055 607 1148 656 erunt.

87 685 154 746 Nec
175 697 292 764 oportet
312 689 460 749 sollicitari
478 689 515 749 de
529 692 640 750 unitate
653 691 740 768 hujus
754 692 865 764 mundi,
880 712 898 753 a
912 711 971 771 qua
990 694 1085 754 torma
1104 706 1148 756 est

86 785 268 845 individuus¹
281 786 327 846 vel
341 806 418 847 unus
432 806 470 847 ex
484 799 544 847 tarn
559 789 656 849 multis
670 791 837 850 substantiis
851 801 1035 867 aggregatus.

127 883 264 944 Pseurtr‘s.
307 884 368 946 Ista
386 886 490 945 verba²
502 886 635 946 videntur
652 888 739 947 nimis
757 887 882 965 insipida
900 899 930 948 et
943 898 1035 949 totam
1051 889 1146 966 philo·

86 981 223 1057 sophiam
242 982 428 1044 destruentia.
470 984 555 1058 Quis,
569 1002 689 1063 quaeso,
704 985 820 1057 diceret,
838 985 921 1063 quod
939 1005 994 1064 pro
1014 987 1147 1064 quolibet

86 1079 207 1139 instanti
229 1091 274 1140 est
294 1100 389 1141 novus
409 1081 546 1152 mundus,
566 1092 596 1142 et
615 1082 743 1153 mundus
764 1083 918 1144 desineus³
938 1086 1023 1143 esse?
1070 1084 1146 1144 Item

86 1188 281 1255 aggregatum
295 1198 332 1238 ex
346 1180 547 1240 accidentibus
560 1191 589 1240 et
603 1181 770 1241 substantiis
780 1180 892 1240 videtur
903 1199 969 1241 esse
982 1181 1062 1240 idem
1076 1200 1146 1241 cum

86 1276 160 1351 ipsis
183 1277 361 1348 substantiis,
382 1279 457 1338 sicut
479 1279 559 1338 idem
582 1288 628 1338 est
648 1277 739 1337 bomo
760 1279 844 1339 albus
867 1288 897 1338 et
922 1279 1025 1339 homo.
1068 1280 1145 1341 Item

86 1374 209 1447 videtur,
229 1376 312 1453 quod
330 1376 459 1436 mundus
477 1386 615 1453 acceptus
637 1395 691 1454 pro
710 1377 896 1436 universitate
916 1378 1145 1438 substantiarum

87 1474 224 1532 continue
238 1475 401 1546 innovatur,
416 1492 484 1533 cum
498 1475 635 1534 continue
654 1485 830 1551 generantur
848 1477 1027 1535 substantiae
1046 1477 1144 1535 sublu-

86 1588 182 1642 nares,
198 1581 231 1631 ut
243 1582 324 1649 patet
338 1573 377 1632 de
390 1572 565 1643 elementis⁴,
580 1571 618 1633 de
631 1573 738 1644 mixtis,
753 1582 782 1633 et
795 1572 959 1650 specialiter
976 1573 1013 1633 de
1033 1574 1143 1634 anima·

88 1669 145 1728 bus
158 1669 304 1730 humanis.
375 1664 379 1680 '

127 1766 296 1828 Phrenesis.
338 1767 473 1842 Constat,
488 1769 571 1847 quod
587 1768 716 1828 mundus
733 1769 872 1845 accipitur
891 1769 961 1828 satis
974 1770 1143 1848 aequivoce,
1207 1795 1239 1862 o¹¹¹

87 1883 156 1925 cum
171 1867 335 1927 secundum
354 1866 563 1945 philosophos⁸
581 1866 674 1926 homo
689 1866 792 1925 dicitur
809 1866 907 1924 minor
920 1866 1058 1939 mundus,
1078 1885 1143 1926 cor·
1177 1876 1199 1903 '⁶

85 1982 143 2042 pus
158 1966 246 2024 etiam
260 1964 416 2024 sublunare
430 1975 549 2024 vocatur
562 1964 659 2023 minor
673 1963 809 2036 mundus,
825 1963 988 2024 secundum
1003 1981 1035 2024 se
1049 1974 1143 2025 totum

86 2063 330 2141 incorruptibilis;
351 2062 488 2122 homines
498 2063 587 2122 etiam
600 2063 631 2120 in
645 2061 765 2121 notabili
779 2061 962 2120 multitudine
976 2079 1045 2120 cum
1055 2062 1143 2123 rebus

87 2161 130 2220 eis
141 2161 343 2238 adjacentibus
353 2171 493 2221 vocantur
506 2160 622 2237 saepius
633 2169 711 2219 totus
722 2160 859 2219 mundus.
900 2158 939 2218 Et
950 2160 992 2218 sic
1002 2178 1040 2219 ex
1050 2159 1143 2220 diver·

87 2260 171 2320 sitate
190 2259 273 2319 modi
291 2258 431 2337 loquendi
451 2268 530 2335 patet
549 2255 740 2335 philosophis,
755 2255 908 2334 quomodo
922 2257 1049 2317 mundus
1068 2261 1144 2318 acci·

86 2359 163 2434 pitur
171 2377 181 2430 3
201 2367 231 2416 et
245 2358 287 2416 sic
301 2356 471 2416 universitas
485 2365 581 2415 creata
594 2364 691 2432 potest
705 2355 763 2414 dici
777 2354 913 2425 mundus,
928 2373 1017 2432 quarn
1027 2367 1144 2433 oportet

86 2458 215 2534 incipere
233 2466 294 2516 tam
313 2454 475 2516 secundum
493 2465 590 2532 partes
609 2453 813 2514 substantiales
831 2472 920 2531 quam
939 2455 1142 2528 accidentales,

86 2565 118 2614 ut
132 2554 227 2631 patet⁰
240 2552 278 2613 de
291 2553 473 2624 instantibus,
485 2552 521 2611 de
535 2552 692 2611 luminibus
706 2561 734 2610 et
745 2552 917 2629 corporibus
937 2552 1141 2612 sublunaribus

86 2653 226 2714 continue
244 2653 397 2729 generatis.
433 2650 471 2709 Et
483 2650 551 2709 ideo
565 2649 664 2709 dicunt
677 2649 819 2725 vulgares,
831 2648 911 2726 quod
931 2651 1039 2709 variata
1057 2660 1141 2709 nota·

85 2751 180 2811 biliter
193 2760 294 2810 nostra
306 2748 454 2809 habitabili
467 2766 519 2825 per
532 2746 713 2824 respectum'
726 2746 808 2806 faciei
826 2749 899 2807 coeli
913 2748 1030 2807 advenit
1048 2766 1142 2808 novus

86 2848 223 2909 mundus.
258 2849 296 2907 In
306 2850 363 2908 isto
377 2857 474 2906 autem
485 2845 596 2904 mundo
607 2855 723 2921 oportet
733 2863 797 2904 esse
812 2845 909 2922 aliqua
923 2846 1016 2906 solida
1026 2865 1141 2923 perma-

84 2947 195 3018 nentia,
210 2947 284 3006 sicut
300 2947 332 3005 in
350 2945 470 3004 homine
485 2953 553 3003 sunt
566 2944 699 3001 membra
712 2945 894 3019 spermatiea,
909 2954 937 3003 et
951 2945 999 3003 illa
1018 2954 1085 3003 sunt
1104 2944 1140 3003 de

87 3045 233 3105 creatione
247 3044 342 3121 prima
355 3042 490 3101 ordinata
503 3059 567 3100 esse
582 3051 721 3118 perpetua
729 3060 737 3113 ;
759 3042 840 3100 etsie
854 3043 923 3118 quia
936 3042 1023 3119 aliqui
1037 3042 1141 3102 nolunt

85 3152 240 3218 acceptare
261 3141 517 3218 aequivocationes
541 3139 718 3216 hujusmodi,
740 3150 785 3199 est
804 3141 953 3199 contentio
978 3141 1141 3199 voluntaria

86 3240 195 3300 inutilis
209 3248 238 3298 et
252 3240 356 3298 inanis.
397 3238 436 3296 Et
449 3246 529 3315 patet
542 3236 648 3296 solutio
662 3237 701 3297 ad
714 3248 794 3297 tuam
806 3239 934 3313 premam
954 3239 1138 3310 instantiam

84 3348 116 3398 et
138 3339 180 3396 sic
192 3337 347 3415 loquentes
361 3336 398 3395 de
417 3333 529 3395 mundo
551 3334 658 3393 debent
677 3336 708 3393 in
728 3336 792 3411 ejus
813 3353 901 3393 sensu
915 3334 954 3393 ad
967 3333 1140 3394 tollendam⁸

87 3437 358 3513 aequivocationem
367 3434 500 3512 primitus
511 3434 675 3493 convenire.
717 3432 766 3491 Ad
776 3433 922 3490 secundam
935 3443 1015 3491 tuam
1030 3434 1139 3490 instan-

86 3536 158 3594 tiam
172 3543 250 3610 patet
263 3533 375 3610 logicis,
390 3531 542 3609 quomodo
562 3540 753 3608 aggregatum
772 3540 870 3606 potest
890 3529 986 3589 dicere
1006 3531 1139 3589 substan·

87 3632 174 3693 tiam⁹
188 3642 216 3691 ct
230 3631 367 3691 accidens
380 3631 412 3689 iu
426 3648 514 3691 seusu
531 3628 705 3706 composito,
721 3629 762 3687 sic
776 3628 858 3705 quod
873 3626 942 3686 illud
961 3628 1081 3706 incipiat
1095 3628 1140 3687 vel

120 3813 130 3844 ¹
147 3813 299 3878 individuus]
310 3813 487 3869 individuarl.
668 3810 742 3862 'ista
752 3810 839 3905 verbo]
851 3811 933 3867 verba.
945 3811 978 3860 Α.
980 3810 1039 3860 B..C
1051 3810 1089 3860 ed.
1102 3825 1139 3875 pr.

86 3879 221 3929 ’muudus
231 3879 357 3944 desinens]
369 3879 491 3934 destruens
504 3876 597 3927 A...BC
869 3876 948 3925 etde
958 3874 1097 3938 elementrs
1086 3874 1140 3938 ]ex

85 3945 223 4002 elementis,
235 3951 263 3994 ut
275 3952 351 4010 patet
362 3944 401 3993 ed.
413 3960 459 4009 pr,
471 3943 711 4008 Cprimaemauus
798 3883 1000 4035 81ιῖρῖὶοεορὶιοεῑ]
1029 3940 1139 3996 lurimos,

85 4012 121 4061 A.
122 4010 184 4060 BC.
196 4010 317 4060 secundae
328 4025 423 4059 manus.
592 4008 602 4036 ⁸
618 4007 700 4072 patet]
712 4023 762 4057 orn.
775 4007 807 4057 A.
1042 4005 1138 4055 bitabili

87 4091 133 4141 per
149 4074 300 4140 respectum]
321 4073 453 4125 habitabili
474 4080 538 4122 terra
554 4088 598 4137 per
615 4079 760 4137 respectum,
779 4073 818 4122 ed.
836 4087 888 4137 pr.;
916 4070 1046 4121 habitabili
1026 4078 1140 4185 pfirte

86 4141 185 4270 ἀΑιιῗι]
171 4140 366 4263 ῒοῐῖἰεῗιὲἰιιῑξιξῖὒιιὲ.
377 4136 865 4270 ῗιῗῦεωῃὴῖοάῗὲἓῗέειιδεειξιιῗῖηοιῖμέίνοῖ
866 4202 1011 4257 substantia.
1023 4138 1140 4266 «ἑορταὶ.
