2864 4836
418 355 880 418 PROLEGOMENA.
1185 372 1222 421 21

70 525 182 574 vantur.
241 513 387 574 Viennam
420 515 484 575 illos
516 535 554 576 ex
582 518 667 577 variis
695 516 856 578 Bohemiae
885 517 1024 588 claustris,
1053 517 1227 594 imperatore

71 620 208 699 Josepho
217 622 249 681 II
264 622 373 693 solutis,
388 622 490 682 allatos
504 641 569 684 esse
583 624 643 682 veri
657 623 750 684 simile
764 633 817 684 est.

113 726 249 799 Quatuor
270 728 308 787 illi
328 729 400 800 libri,
421 730 471 806 qui
492 729 666 806 Trialogum
687 729 833 800 exhibent,
856 747 911 788 nec
934 747 996 789 non
1021 731 1068 790 alii
1094 731 1228 808 ejusdem

70 834 199 911 generis,
211 835 248 894 ab
263 834 450 911 Imperatoris
461 833 595 895 Austriae
609 837 747 896 ministris
761 836 893 912 publicis,
905 836 1061 913 interprete
1077 836 1224 897 Saxoniae

70 941 170 1017 regiae
189 941 321 999 ministro
340 941 427 999 rebus
445 940 645 1002 ecclesiasticis
664 952 750 1020 atque
769 942 949 1002 scholasticis
970 943 1146 1020 praeposito,
1165 944 1228 1005 viro

71 1047 234 1107 clarissimo
248 1047 280 1103 dc
294 1046 480 1118 Falkenrtein,
496 1066 610 1108 summa
624 1067 692 1108 cum
705 1049 874 1107 liberalitate
890 1048 927 1107 ad
946 1059 1062 1125 tempus
1082 1048 1228 1109 sufficiens

70 1153 159 1213 nobis
173 1154 305 1213 concessi
316 1163 391 1224 sunt,
404 1171 492 1229 quam
506 1154 547 1212 ob
561 1172 680 1212 causam
694 1155 840 1225 omnibus,
856 1155 905 1229 qui
919 1154 974 1213 hac
989 1155 1019 1213 in
1033 1173 1064 1213 re
1078 1154 1225 1214 literarum

71 1280 107 1322 ac
123 1263 261 1321 scientiae
276 1280 394 1322 causam
409 1262 587 1340 adjuverunt,
597 1264 705 1339 gratias
719 1263 833 1341 publice
845 1273 932 1341 atque
947 1264 1074 1339 ingenue
1088 1264 1212 1339 agimus.

113 1369 193 1429 Libri
212 1369 259 1439 illi,
274 1387 349 1447 quos
368 1369 448 1445 siglis
462 1367 498 1426 Α
514 1368 550 1428 Bt
563 1367 597 1428 C.
613 1368 642 1427 D
657 1379 802 1442 notamus,
817 1372 855 1430 ita
876 1388 908 1429 se
923 1369 1047 1429 habent:
1069 1368 1175 1429 Codex
1189 1369 1225 1429 A„

70 1475 143 1535 olim
164 1493 288 1534 numero
311 1479 379 1550 873,
395 1483 500 1551 postea
521 1477 579 1550 384
602 1475 651 1549 (ci.
667 1475 765 1534 Mrcrr.
781 1475 889 1547 Diuus,
912 1474 1024 1535 Codices
1044 1476 1231 1552 manuscripti

70 1582 216 1658 theologtki
237 1581 409 1640 biblrbtlrecae
425 1582 572 1657 palathae
600 1581 809 1640 thobonmsr's
829 1580 941 1652 Latrirr',
962 1580 1029 1640 Vol.
1053 1581 1095 1640 lI.
1122 1585 1227 1657 1794),

69 1705 152 1746 nunc
173 1704 296 1746 numero
319 1689 396 1763 1387
419 1697 546 1757 notatus,
568 1686 668 1747 seculo
693 1686 760 1745 XV.
778 1688 905 1759 ineunte,
920 1688 997 1746 circa
1017 1706 1129 1746 annum
1146 1706 1225 1760 1400

70 1794 205 1870 scriptus,
218 1803 251 1851 ut
264 1793 385 1864 videtur,
401 1793 430 1851 in
445 1791 596 1863 Bohemia,
611 1793 863 1863 membranaceus,
875 1792 905 1851 in
919 1793 1097 1852 membranis
1112 1793 1228 1869 specio·

71 1901 194 1961 sissimis
216 1911 302 1978 atque
327 1900 435 1971 densis,
459 1899 530 1959 folio
552 1900 693 1970 maximo,
717 1917 770 1976 per
793 1900 877 1959 binas
901 1898 1062 1969 columnas,
1083 1899 1226 1958 linearum

70 2024 97 2066 c.
114 2007 163 2081 63,
180 2006 347 2066 charactere
361 2016 433 2078 atro,
449 2024 548 2065 crasso
562 2006 679 2082 egregie
694 2015 828 2065 exaratus
842 2015 894 2065 est.
936 2006 973 2065 ln
987 2005 1086 2065 charta
1099 2007 1227 2083 primum

69 2112 227 2172 voluminis
246 2112 347 2172 folium
367 2112 559 2190 praecedente
578 2112 731 2172 recentiori
750 2130 840 2171 manu
859 2111 1074 2188 scriptumest:
1097 2109 1228 2170 ‘Doctor

71 2218 217 2278 Martinus
238 2217 339 2278 Luter’
360 2215 437 2298 (sic),
459 2237 535 2296 quae
558 2221 646 2278 verba
669 2237 741 2277 num
765 2220 895 2288 innuant,
910 2216 1047 2277 volumen
1067 2217 1226 2295 aliquando

70 2324 192 2384 Lutheri
212 2326 243 2384 in
267 2327 403 2385 manibus
428 2324 525 2396 fuisse,
550 2325 628 2384 baud
650 2325 747 2401 liquet.
791 2324 880 2384 Liber
904 2323 1040 2383 loliorum
1063 2338 1121 2398 215
1143 2322 1226 2400 plura

70 2430 179 2489 Wiclifi
200 2448 292 2507 opera
316 2448 412 2507 neque
435 2432 561 2489 auctoris
586 2432 706 2490 nomine
732 2448 863 2506 unquam
887 2447 1027 2506 expresso
1048 2446 1144 2507 neque
1166 2447 1226 2488 una

70 2554 163 2595 manu
197 2538 342 2614 exscripta
368 2538 505 2596 continet
549 2536 651 2595 Medio
678 2537 709 2594 in
737 2536 882 2594 volumine
911 2544 990 2595 extat
1017 2544 1155 2594 tractatus
1187 2533 1223 2593 de

70 2642 224 2702 dotatione
248 2641 399 2713 ecclesiae,
420 2644 480 2701 sive
502 2641 746 2719 supplementum
771 2640 919 2716 Trialogi;
950 2649 1133 2717 postremum
1154 2656 1224 2698 vero

69 2747 172 2808 locum
185 2748 342 2825 Trialogns
356 2749 419 2825 ipse
434 2749 552 2807 obtinet.

42 2857 47 2865 '
113 2853 235 2913 Librum
257 2854 335 2912 hunc
355 2866 384 2912 et
405 2855 542 2913 materiae
563 2870 660 2924 causa,
675 2853 705 2912 in
725 2870 785 2930 qua
806 2853 928 2928 scriptus
949 2860 1000 2923 est,
1020 2859 1050 2910 et
1071 2859 1223 2911 accuratae

69 2959 266 3038 pulchraeque
290 2959 454 3037 scriptionis
479 2977 551 3036 ergo
575 2959 653 3018 haud
667 2958 764 3035 exigui
789 2975 842 3017 sua
866 2967 958 3018 aetate
979 2957 1063 3034 pretii
1083 2957 1172 3017 fuisse
1193 2967 1224 3016 et

69 3066 194 3127 fortasse
206 3067 290 3143 jussu
301 3067 352 3124 viri
367 3066 488 3143 alicujus
503 3066 616 3143 opibus,
631 3064 752 3134 honore,
764 3063 903 3140 dignitate
917 3063 1057 3140 praeclari
1071 3072 1222 3122 exaratum

69 3193 146 3247 esse,
160 3175 219 3234 veri
232 3173 325 3234 simile
339 3182 392 3232 est.

116 3280 273 3357 Trialogns
287 3279 355 3338 inde
374 3297 392 3337 a
406 3278 476 3337 solio
494 3279 550 3353 163
564 3295 657 3355 usque
676 3275 714 3336 ad
732 3276 864 3335 ultimum
878 3275 1032 3334 voluminis
1044 3275 1146 3334 folium
1163 3289 1220 3349 215

68 3388 159 3448 literis
173 3385 341 3462 majusculis
355 3395 442 3460 atque
458 3384 601 3460 angulatis
622 3382 809 3458 aequabiliter
822 3391 851 3441 et
866 3381 1017 3456 diligenter
1035 3381 1075 3439 ita
1097 3380 1221 3457 scriptus

69 3504 124 3565 est,
146 3502 179 3551 ut
202 3493 313 3569 primae
334 3490 512 3567 singularum
534 3490 742 3549 sententiarum
762 3486 860 3546 literae
880 3486 973 3544 rubris
992 3495 1041 3543 aut
1062 3485 1145 3546 lineis
1169 3495 1220 3546 aut

69 3600 189 3678 punctis
209 3598 422 3674 insignirentur.
465 3594 526 3655 Ubi
545 3594 662 3665 Alithia‚
681 3594 820 3664 Pseustis‚
839 3591 999 3651 Phronesis
1020 3591 1220 3669 colloquentes

68 3706 127 3766 sibi
151 3704 320 3773 succedunt,
346 3704 500 3761 nominum
523 3703 645 3761 istorum
673 3701 772 3759 literae
799 3699 921 3759 initiales
949 3699 1047 3759 colore
1075 3701 1163 3758 rubro
1191 3708 1220 3758 et

68 3810 204 3872 caenleo
228 3809 389 3868 alternatim
413 3809 506 3885 pictae
531 3818 605 3868 sunt
650 3806 784 3880 Quatuor
807 3806 947 3865 librorum
971 3807 1068 3865 literae
1097 3805 1220 3864 initiales

67 3917 175 3994 majori
189 3932 326 3974 mensura
340 3914 498 3973 delineatae
513 3924 598 3991 atque
613 3915 696 3973 variis
711 3914 856 3973 coloribus
870 3921 990 3971 venuste
1009 3920 1128 3970 ornatae
1142 3919 1218 3981 sunt,

67 4023 204 4083 omnium
218 4021 345 4080 maxime
356 4019 437 4079 litera
449 4021 564 4080 initialis
578 4020 642 4079 libri
661 4021 754 4097 primi.
797 4017 917 4094 Singula
937 4018 1076 4076 librorum
1093 4014 1219 4093 capitula

66 4149 123 4210 per
143 4140 238 4189 totum
258 4144 334 4204 opus
355 4128 430 4186 bene
452 4127 665 4203 distinguunttu
686 4137 773 4203 atque
794 4125 923 4183 numeris
947 4122 1051 4184 additis
1072 4132 1217 4194 notantur,

68 4256 126 4298 nec
148 4254 243 4314 pauca
267 4235 363 4312 capita
387 4245 626 4312 argumentorum
648 4231 791 4293 indicibus
812 4231 951 4290 instructa
974 4241 1050 4291 sunt.
1093 4229 1217 4291 Glossae
