2864 4836
135 456 220 500 cans
494 434 834 498 YRIALOGUS.

136 597 252 667 asserit,
263 596 344 674 quod
358 606 470 673 septem
481 598 580 675 spicae
593 607 623 657 et
633 608 747 676 septem
757 599 848 658 boves
858 597 988 658 crassae¹
999 608 1066 658 sunt
1077 609 1190 676 septem

138 694 211 754 anui
224 694 390 766 fertilitatis;
411 705 441 754 et
452 704 485 755 ut
498 695 677 774 Augustius
691 706 781 769 notat,
795 697 937 774 scriptura
950 714 1012 756 non
1026 697 1096 756 dicit
1109 697 1199 774 quod*

136 792 257 869 sitnon!
267 792 332 852 iilos
342 810 447 865 annos,
458 793 510 853 sed
520 793 600 871 quod
610 799 678 853 sert
685 794 740 872 ipsi
751 795 828 853 anni.
863 794 901 853 Et
912 795 1000 853 talem
1011 795 1190 869 locutionem

138 890 258 967 spissim
285 891 316 949 in
342 891 484 968 scriptura
511 893 620 967 poteris
647 894 780 969 reperire.
831 891 896 951 Nec
924 893 1045 951 dubium
1072 893 1104 952 in
1130 893 1192 953 istis

138 986 335 1048 locutionibus
348 999 392 1048 est
405 989 583 1066 praedicatio
598 989 759 1049 secundum
773 989 974 1049 habitudinem
987 1000 1017 1048 et
1030 1007 1092 1049 non
1105 1008 1190 1068 prae·

137 1083 247 1144 dicatio
262 1085 424 1145 secundum
444 1088 601 1147 essentiam
614 1086 660 1145 vel
678 1087 816 1146 formalis.
857 1087 896 1146 Et
908 1104 1014 1147 omnes
1027 1087 1191 1149 locutiones

137 1182 212 1245 tales
232 1192 344 1255 notant,
358 1183 439 1260 quod
459 1200 505 1243 res
527 1184 648 1260 subjecti
669 1183 849 1244 ordinatura
863 1184 930 1245 Deo
951 1203 1014 1244 rem
1034 1185 1192 1263 praedicati

138 1280 304 1342 nectendum
324 1280 523 1341 habitudinem
544 1281 676 1360 figurare.
719 1281 767 1342 Sic
789 1292 893 1359 autem.
911 1282 968 1342 dici
992 1293 1089 1360 potest
1109 1283 1191 1360 quod

138 1379 226 1458 ponis
240 1379 286 1438 ille
300 1378 531 1440 sacramentalis'
548 1389 592 1440 est
610 1379 648 1439 ad
669 1379 749 1439 illum
767 1380 891 1440 modum
910 1381 1071 1458 specialiter
1084 1397 1192 1457 corpus

138 1476 270 1549 Domini,
284 1495 352 1537 cum
366 1476 499 1537 Christus
519 1487 580 1536 tam
598 1479 759 1537 autenticus
777 1477 847 1537 illud
865 1478 944 1537 dixit.
986 1477 1106 1538 Paratus
1125 1496 1192 1538 sum

137 1587 249 1647 tamen,
263 1576 288 1635 si
301 1592 339 1634 ex
358 1575 417 1635 fide
435 1575 497 1634 vel’
509 1577 621 1635 ratione
641 1575 746 1636 doctus
765 1575 857 1647 fuero,
873 1594 992 1635 sensum
1012 1576 1192 1635 subtiliorem

138 1673 269 1745 credere,
282 1673 335 1733 sed
356 1674 394 1734 de
415 1674 473 1733 hoc
493 1671 597 1734 sensu⁴
616 1692 680 1734 sum
703 1683 806 1745 certus,
821 1691 876 1732 nec
898 1673 1034 1732 haeretici
1055 1674 1191 1733 contrarii

138 1769 249 1831 habent
269 1770 317 1831 hic
337 1771 488 1831 materiam
508 1772 668 1843 resistendi,
683 1789 752 1830 cum
773 1772 937 1830 secundum
957 1771 1054 1830 videre
1074 1770 1190 1829 iliorum

138 1869 199 1931 boc
219 1870 357 1930 accidens
377 1870 441 1929 sine
460 1870 601 1948 subjecto,
615 1869 697 1947 quod
717 1880 760 1929 est
780 1879 1004 1940 sacramentum,
1019 1879 1063 1927 est
1083 1885 1191 1946 corpus

139 1965 256 2039 Christi,
271 1967 329 2027 hoc
342 1976 396 2039 est,
410 1968 506 2045 ipsum
525 1985 632 2045 corpus
654 1966 898 2028 sacramentaliter
912 1966 1006 2043 signat
1020 1967 1064 2026 vel
1078 1967 1191 2043 figurat.

139 2064 219 2128 eum
233 2083 304 2144 ergo
318 2067 413 2144 major
427 2067 463 2127 sit
480 2065 621 2126 habitudo
641 2067 726 2144 panis
745 2065 783 2126 ad
802 2082 909 2143 corpus
928 2064 1043 2136 Christi,
1058 2075 1090 2124 ut
1104 2064 1191 2124 docet

138 2159 327 2241 Augustinus,
341 2181 431 2240 quam
445 2164 613 2241 hujusmodi
632 2164 800 2235 accidentis,
815 2180 904 2240 quare
923 2180 986 2221 non
1000 2172 1096 2238 potest
1110 2161 1190 2220 colo

137 2260 245 2322 ratius⁸
264 2262 331 2333 dici,
355 2262 437 2339 quod
461 2263 508 2321 ille
531 2263 615 2339 panis
639 2273 683 2321 est
706 2263 851 2320 secundum
873 2261 1060 2319 habrludt'mm
1084 2277 1191 2336 corpus

140 2359 269 2420 Christi?
304 2359 382 2420 Nam
393 2369 426 2418 ut
439 2359 737 2436 docettlugustz'mas‘,
748 2360 925 2418 frumentum
936 2377 973 2417 ex
984 2358 1191 2434 multisgranis

140 2457 297 2520 collectum
311 2458 436 2529 molitur,
448 2457 580 2518 secundo
594 2459 745 2518 irroratum
760 2476 837 2535 aqua
850 2459 880 2515 in
895 2456 1026 2533 pulvere⁷
1037 2455 1190 2533 pinsatur⁸,

123 2567 170 2623 ‚et
183 2557 267 2616 tertio
282 2556 320 2615 ad
334 2557 465 2633 corporis
479 2574 564 2616 esum
577 2574 631 2634 pro
646 2556 838 2615 fundamento
852 2555 972 2632 capitiu.
1007 2554 1190 2632 Correspon·

140 2653 245 2714 denter
262 2655 348 2731 panis
368 2654 585 2713 sacramentalis
598 2672 617 2713 a
632 2654 765 2714 fidelibus
784 2654 907 2731 sparsim
928 2653 1072 2730 recipitur,
1086 2671 1190 2713 conse-

140 2762 265 2829 quenter
288 2752 426 2812 irroratus
453 2752 511 2812 fide
538 2753 704 2830 evangelica
730 2753 762 2811 in
789 2753 878 2813 corde
897 2753 1044 2833 pinsetur,
1069 2761 1098 2811 et
1121 2752 1190 2828 igne

138 2848 267 2910 carimde
288 2850 438 2910 induratus
457 2852 637 2928 spiritualiter
655 2852 855 2911 manducatur.
898 2850 972 2911 Ideo
992 2851 1060 2910 dicit
1072 2850 1190 2927 Augus·

140 2949 221 3007 abus
235 2965 323 3024 super
335 2947 520 3026 Johannem;
550 2949 653 3009 ‘crede
668 2950 726 3009 fide
743 2951 860 3009 caritate
878 2949 1009 3018 formata,
1024 2960 1052 3009 et
1066 2949 1190 3009 mandu-

139 3047 216 3107 casti
226 3045 245 3118 ;’
274 3047 356 3123 quod
370 3048 407 3106 de
427 3065 479 3106 esu
498 3047 636 3125 spirituali
655 3058 771 3125 oportet
789 3046 932 3123 intelligi⁹.
974 3045 1040 3106 Nec
1053 3046 1190 3105 audiendi

141 3153 211 3204 sunt
233 3143 378 3211 haeretici,
399 3146 448 3222 qui
469 3163 588 3205 sensum
609 3146 696 3205 istum
718 3145 846 3204 nituntur
869 3145 1037 3220 extinguere
1059 3161 1112 3220 per
1132 3143 1189 3203 hoc

140 3242 256 3314 salsum,
271 3243 352 3320 quod
365 3244 547 3321 evangelium
562 3262 616 3302 nec
631 3253 697 3302 ante
711 3261 766 3302 nec
781 3241 949 3319 posthabet
965 3242 1052 3300 talem
1067 3242 1189 3300 modum

142 3340 283 3418 loquendi
308 3341 499 3419 figurativum.
548 3341 628 3401 Nam
653 3342 751 3400 Lucae
775 3343 843 3400 xxii.
869 3341 965 3399 statim
990 3339 1190 3415 subjungitur:

143 3439 220 3499 ‘hoc
241 3438 326 3528 facite
346 3441 378 3498 in
402 3458 499 3500 meam
521 3438 851 3509 commemorationem,'
871 3454 906 3496 ac
928 3438 952 3496 si
972 3438 1122 3508 diceretur,
1142 3436 1190 3496 hic

140 3538 226 3615 panis
251 3538 467 3597 sacramentalis
491 3539 521 3596 in
546 3536 696 3596 efficacem
719 3537 777 3594 mei
801 3536 973 3593 memoriam
1001 3533 1088 3593 debet
1115 3535 1190 3612 capi.

143 3634 280 3695 Similiter
297 3653 310 3694 1
329 3633 459 3695 Corinth.
474 3637 511 3694 xi.
526 3635 595 3695 dicit
609 3633 724 3705 Paulus,
739 3633 804 3692 ‘hic
823 3633 897 3693 calix
916 3643 961 3692 est
978 3651 1087 3692 novum
1104 3643 1190 3692 testa·

141 3742 276 3792 mentum
297 3734 328 3792 in
341 3751 409 3793 meo
427 3734 577 3810 sanguine'
593 3743 647 3792 etc.
653 3732 675 3766 ¹⁶
675 3733 747 3804 ,uhi
767 3750 829 3793 non
850 3732 980 3804 dubium,
995 3732 1066 3809 quin
1086 3733 1142 3791 ista
1154 3732 1190 3791 sit

174 3871 183 3902 ¹
200 3872 309 3950 messae]
321 3873 404 3929 crassi,
417 3872 455 3923 ed
467 3888 504 3936 pr.
618 3870 840 3936 ’sacramentalisJ
852 3886 902 3921 om.
915 3871 949 3921 D.
1062 3868 1139 3933 ’vel]
1151 3868 1190 3919 vel

139 3936 219 3992 ms.
228 3938 323 4002 primae
334 3955 429 3994 manus,
440 3937 479 3987 ed
473 3953 528 4031 pr.
626 3936 636 3966 ⁴
652 3936 736 4000 sensu]
748 3937 920 3992 consensuri.
1018 3935 1028 3965 ⁵
1044 3935 1188 3999 coloratrus

140 4001 273 4059 coloratus,
285 4003 366 4052 ed.r
516 4002 681 4066 Augustinus]
694 4003 848 4067 Augustinus
859 4001 957 4066 super
942 4001 1090 4066 ,i,ohannem
1101 4000 1140 4049 ed.
1170 4017 1191 4049 r.

139 4067 279 4133 pulvere]
303 4019 394 4145 pesitus,
416 4068 454 4124 C.
475 4067 503 4116 B.
524 4067 618 4132 primae
637 4083 738 4124 manum
764 4068 856 4133 poliue.
874 4067 906 4115 Α.
927 4066 1020 4131 primae
1039 4081 1135 4119 manus
1134 4016 1191 4114 ἵ).

140 4132 320 4198 'pinsatur]r.
327 4150 349 4184 e
361 4134 503 4183 conteritur.
618 4132 761 4198 'intelligi]
775 4132 885 4196 intellige
885 4147 918 4188 re,
931 4131 1024 4182 home
1118 4131 1136 4160 ¹⁰
1126 4133 1189 4182 θαι

141 4197 176 4247 Ν.
185 4199 446 4264 T.-sanguine]om.
459 4199 521 4248 ΑΒ.
533 4197 572 4248 ed
584 4215 621 4264 pr.
