2864 4836
504 327 959 396 pnoruconrna
1262 357 1304 426 33

153 504 235 560 vero,
255 487 365 549 scilicet
385 489 454 551 inde
474 508 493 551 a
513 492 608 570 capite
629 495 724 567 tertio,
736 491 949 573 >disputationis
969 497 999 556 in
1019 492 1171 576 utramque
1191 496 1305 577 partem

154 594 251 654 iactae
272 595 366 656 forma
384 597 512 669 dimissa,
531 608 669 660 tractatus
687 611 785 661 noster
804 605 943 663 orationis
963 606 1063 683 potius,
1076 607 1135 665 sive
1154 608 1305 665 commen*

154 701 274 760 tationis
295 701 424 778 speciem
443 703 538 764 refert
580 704 683 782 Itaque
706 706 947 784 Supplementum
969 711 1006 769 ad
1027 711 1151 770 sormam
1172 710 1304 787 Trialogl

155 804 213 865 hac
226 817 340 866 tanturn
353 809 465 868 ratione
480 811 600 887 propius
613 812 733 884 accedit,
748 814 829 890 quod
849 814 880 872 in
899 813 1041 892 Trialogo
1060 817 1125 892 ipso
1144 815 1223 875 haud
1238 829 1304 874 raro

156 913 266 990 dialogi
280 914 393 991 species
407 924 437 974 et
451 917 561 975 auctori
575 927 604 975 et
618 917 774 978 lectoribus
788 921 818 977 in
833 919 1009 979 oblivionem
1022 922 1109 979 venit.

197 1017 239 1078 Ut
252 1021 425 1098 Trialogum
438 1023 479 1080 ita
495 1023 559 1099 ejus
579 1022 821 1100 Supplementum
840 1026 958 1084 nonnisi
977 1037 1101 1103 quatuor
1115 1025 1178 1095 libri
1191 1024 1305 1085 Vindo-

154 1126 304 1186 bonenses
322 1128 470 1198 exhibent,
485 1129 537 1188 sed
551 1129 629 1189 haud
643 1149 762 1207 prorsus
776 1133 873 1191 iidem.
917 1131 990 1191 Sunt
1008 1133 1088 1190 enirn
1107 1132 1167 1190 duo
1180 1122 1304 1204 tantum,

154 1233 206 1309 qui
220 1242 374 1310 utrumque
389 1235 627 1311 complectantur.

150 1358 153 1367 ·
197 1337 302 1398 Codex
316 1341 353 1410 Α,
367 1340 446 1417 apud
463 1339 614 1399 Dlm'sziem
635 1361 758 1402 numero
775 1347 843 1419 384,
859 1363 938 1404 nunc
952 1363 1075 1404 numero
1093 1348 1168 1421 1387
1184 1355 1303 1406 notatus

153 1454 185 1503 et
199 1463 288 1522 supra
303 1445 363 1515 (ΙΙΙ
377 1464 406 1522 p.
425 1451 485 1519 21.)
501 1447 670 1527 descriptus,
685 1449 755 1508 inde
769 1469 786 1508 a
801 1450 871 1508 solio
889 1465 945 1524 115
960 1468 1052 1527 usque
1072 1450 1111 1509 ad
1125 1450 1226 1508 solium
1243 1464 1301 1525 123

150 1550 272 1609 exhibet
287 1549 473 1612 ‘Tractatum
489 1553 527 1612 de
550 1553 712 1613 dotacione'
724 1555 864 1626 ecclesie,'
885 1557 927 1615 sic
943 1557 1122 1633 inscriptum.
1164 1555 1303 1616 Ceterum

152 1658 184 1717 in
206 1660 286 1719 calce
309 1659 382 1720 haec
397 1661 585 1721 invenimus:
617 1662 760 1741 ‘Explicit
784 1665 1019 1742 supplementum
1042 1665 1173 1741 trialogi.'
1214 1664 1305 1724 Liber

150 1763 201 1824 hic
215 1767 269 1824 etsi
284 1775 394 1824 textum
408 1767 579 1845 plerumque
593 1768 670 1829 haud
685 1771 820 1829 vitiosum
836 1771 962 1840 exhibet,
976 1781 1075 1829 tamen
1094 1771 1302 1829 sententiarum
1418 1819 1423 1827 .

153 1872 419 1948 interpunctionem
434 1875 549 1950 saepius
563 1893 716 1934 erroneam
730 1893 819 1952 quam
836 1887 945 1935 rectam
959 1877 1086 1953 praebet.

149 2022 155 2028 -
195 1976 299 2037 Codex
311 1976 344 2048 C,
356 1979 434 2055 apud
445 1977 599 2039 Denisium
609 1999 731 2040 numero
743 2000 811 2057 403,
823 2001 902 2041 nunc
913 1994 1010 2042 autem
1022 1999 1144 2041 numero
1156 1995 1236 2055 4505
1246 1999 1302 2039 no·

151 2093 239 2155 tatus,
255 2094 284 2143 et
298 2087 361 2161 ipse
372 2103 460 2162 supra
475 2087 518 2162 (p.
530 2106 545 2144 2
550 2088 590 2161 3.)
603 2086 773 2164 descriptus,
785 2098 852 2164 post
863 2088 1036 2164 Trialogum
1050 2087 1118 2146 inde
1129 2105 1147 2146 a
1157 2087 1229 2146 folio
1243 2088 1300 2148 188

151 2209 246 2267 usque
267 2191 305 2250 ad
326 2192 428 2250 solium
452 2203 528 2265 207⁸
550 2192 791 2270 Supplementum
810 2194 941 2271 Trialogi
958 2194 1076 2253 exhibet
1094 2211 1184 2251 manu
1205 2193 1302 2251 minus

145 2309 275 2357 .venusta
295 2308 325 2357 et
344 2297 421 2357 lectu
439 2297 590 2358 difficiliori
607 2317 675 2357 cum
693 2299 823 2376 plurimis
842 2300 985 2359 scribendi
1007 2298 1188 2375 compendiis
1202 2316 1302 2357 exara·

144 2413 227 2475 tum,
244 2405 298 2463 sub
319 2404 409 2463 finem
427 2423 496 2463 vero
516 2404 762 2482 negligentissime
783 2407 929 2482 scriptum.
972 2406 1086 2465 Textus
1106 2405 1144 2464 ab
1164 2405 1301 2480 exemplo

150 2510 218 2570 libri
229 2512 350 2588 alicujus
361 2512 458 2570 minus
468 2512 544 2569 bene
555 2511 677 2570 correcti
687 2513 849 2588 exscriptus
860 2530 928 2571 cum
938 2511 1015 2570 hanc
1026 2512 1119 2588 ipsam
1131 2510 1171 2568 ob
1182 2527 1301 2568 causam

144 2611 216 2676 tum
230 2636 282 2694 per
294 2618 420 2677 librarii
413 2618 554 2677 incuriam
565 2626 594 2677 et
607 2618 813 2694 negligentiam
824 2617 993 2676 mendosior
1003 2617 1095 2675 sactus
1109 2625 1160 2674 est.
1203 2611 1301 2674 Notae

142 2724 326 2801 marginales
340 2725 463 2783 omnino
477 2722 572 2791 nullae
587 2734 722 2783 extant

194 2830 310 2907 Reliqui
335 2831 399 2890 libri
423 2830 518 2889 solum
544 2829 793 2908 Supplementum,
817 2831 879 2889 sine
901 2829 1050 2907 Trialog0,
1072 2828 1188 2886 habent.
1231 2764 1300 2886 Hos

140 2933 272 3014 aigina.
286 2929 320 2996 Ι).
329 2938 501 2995 notavimus.

139 3072 145 3082 ·
165 3041 297 3103 Codex
318 3060 344 3108 a,
359 3042 437 3119 apud
456 3041 610 3101 Denisium
633 3054 701 3117 379,
722 3060 801 3101 nunc
823 3060 946 3100 numero
971 3059 983 3099 ι
989 3042 1081 3117 338
1073 3060 1103 3100 ιιι
1125 3037 1301 3100 bibliotheca

139 3149 376 3209 :vindobonensi
404 3157 529 3220 notatus,
553 3149 803 3219 membranaceus,
826 3147 856 3206 in
881 3157 925 3220 4⁰,
950 3166 1002 3224 per
1026 3148 1112 3205 binas
1138 3146 1300 3215 columnas,

138 3236 276 3334 'quarum
307 3271 501 3332 unaquaeque
533 3255 571 3327 46
592 3254 696 3313 lineas
728 3253 916 3330 amplectitur,
944 3271 1034 3312 manu
1065 3261 1187 3310 venusta
1214 3259 1299 3325 atque

139 3362 295 3439 ¹aequabili
315 3361 500 3438 paucioribus
521 3379 589 3419 cum
612 3360 758 3419 scribendi
782 3358 965 3435 compendiis
990 3358 1142 3433 diligenter
1165 3365 1300 3414 exaratus

136 3479 205 3529 'est
247 3467 380 3545 Capitula
394 3476 531 3526 tractatus
549 3467 632 3526 istius
649 3465 763 3541 singula
776 3465 906 3522 numeris
926 3463 985 3522 suis
999 3462 1142 3531 distincta,
1157 3471 1244 3519 notae
1260 3459 1300 3519 ad

137 3575 315 3652 marginem
328 3575 419 3634 rarius
433 3574 571 3651 adjectae,
586 3583 681 3632 textus
695 3574 758 3649 ipse
772 3573 841 3630 satis
855 3568 1034 3641 emendatus,
1045 3563 1098 3629 etsi
1112 3568 1190 3629 haud
1204 3571 1299 3648 primo

135 3702 190 3744 ·ex
204 3682 285 3741 lonte
299 3682 428 3741 haustus.

138 3835 141 3839 .
193 3789 328 3866 Denique
347 3788 442 3848 codex
456 3789 484 3860 b,
499 3788 577 3864 apud
596 3779 750 3847 Denisium
768 3805 892 3846 numero
908 3789 966 3862 385
981 3804 1060 3845 nunc
1078 3803 1202 3844 numero
1218 3802 1298 3859 39²9

138 3907 276 3969 inotatus,
287 3897 464 3967 chartaceus,
476 3898 506 3955 in
517 3897 586 3955 lolio
597 3915 650 3973 per
659 3897 743 3955 binas
754 3895 906 3955 columnas
916 3895 1087 3971 exscriptus,
1099 3891 1299 3968 complectitur

136 4006 252 4083 ssviginti
270 4022 377 4064 novem
395 4014 532 4064 tractatus
545 4003 651 4062 Wiclifi
670 4004 767 4080 ipsius,
788 4020 855 4061 cum
872 4001 1043 4077 prolixiores
1061 4008 1123 4056 tum
1141 3993 1297 4064 breviores,

148 4124 303 4191 postremo
322 4122 419 4171 autem
435 4111 713 4170 commentationem
735 4109 773 4167 ab
792 4109 889 4184 aliquo
908 4106 1039 4182 ejusdem
1059 4101 1201 4179 discipulo
1216 4119 1297 4160 com-

134 4219 277 4297 spilatam.
322 4216 563 4294 Supplementum
577 4217 645 4276 inde
658 4235 676 4278 a
694 4215 765 4275 lolio
784 4213 856 4288 170¹)
869 4230 961 4289 usque
976 4211 1013 4270 ad
1033 4210 1052 4268 l.
1071 4206 1142 4269 181¹)
1157 4210 1298 4269 invenitur

151 4354 157 4362 «
191 4339 372 4384 untuuoous.
714 4338 735 4379 D
