2864 4836
395 310 420 314 ..-
431 309 490 314 „m
509 308 539 314 .-.
552 309 598 314 .‚...i
614 310 632 314 ,
644 309 714 314 ,,-..
728 305 1084 316 -κ-..ω-..ψῳ-

496 415 750 495 loannis
792 416 1001 479 rrrcrrr
1196 444 1275 478 aar.

225 592 377 658 apponunt
392 581 502 640 nisum¹
513 592 541 638 ct
556 579 752 638 difficultatem
766 580 922 655 potentiae,
934 589 1035 637 contra
1045 577 1102 638 Dei
1117 583 1275 656 potentiam

224 679 396 749 resistendo,
418 688 447 736 et
471 678 519 736 illa
540 689 660 736 vocatur
682 678 797 736 illorum
821 695 921 754 pugna
943 676 1102 753 spirituum.
1155 676 1275 756 Spiritus

225 789 321 837 autern
343 779 414 836 boni
434 776 565 835 videntes
586 776 671 852 plene
692 776 748 835 Dei
768 775 1007 852 beneplacitum²,
1027 776 1156 836 insiliunt
1177 788 1276 836 contra

225 876 289 934 illos
314 875 408 934 malos
432 876 556 952 spiritus,
581 874 625 932 et³
649 876 785 934 resistunt
807 875 844 935 de
869 886 980 952 quanto
1005 875 1119 934 vident‘
1145 874 1274 936 Domino

226 973 415 1049 complacere.
459 973 496 1031 Et
521 972 584 1032 talis
608 973 772 1032 colluctatio
793 984 913 1032 vocatur
935 992 1035 1050 pugna
1056 975 1086 1031 in
1109 974 1190 1034 libris
1211 992 1275 1050 pro·

226 1071 363 1148 pheticis;
385 1073 477 1130 taliter
487 1073 566 1130 enirn
578 1073 767 1131 colluctamur
778 1073 917 1131 adversus
927 1091 1046 1132 carnem
1059 1085 1089 1132 et
1102 1075 1274 1150 sanguinem

226 1183 254 1230 et
275 1173 362 1230 etiarn
384 1182 485 1229 contra
499 1171 595 1247 ipsos⁶
615 1172 757 1232 diabolos.
799 1171 882 1230 Beati
903 1183 1001 1230 autem
1021 1171 1130 1231 habent
1144 1174 1175 1230 in
1197 1174 1275 1231 omni

226 1270 275 1328 tali
289 1288 388 1346 pugna
407 1270 549 1345 quidquid
568 1269 718 1340 voluerint,
732 1271 801 1346 quia
815 1271 947 1347 quamvis
962 1288 1024 1328 non
1042 1268 1170 1330 habeant
1188 1271 1275 1329 modo

226 1369 375 1426 victoriam
397 1369 461 1426 talis
484 1369 625 1444 pugnae⁶,
647 1369 794 1427 certificati
814 1378 913 1427 tamen
932 1386 968 1426 ex
989 1369 1162 1428 revelatione
1182 1370 1277 1428 divina

207 1460 209 1480 ¹
225 1465 334 1524 habent
348 1465 507 1541 profuturo
522 1476 662 1542 tempore,
675 1477 704 1526 et
717 1468 830 1524 interim
844 1465 953 1525 habent
966 1485 1173 1544 quamcunque
1184 1467 1276 1526 delec-

225 1565 366 1623 tationem
387 1564 542 1623 voluerint⁷
566 1566 627 1623 sine
653 1565 768 1624 fastidio
792 1564 958 1624 reluctante.
1000 1565 1038 1624 Et
1063 1566 1104 1625 sic
1128 1566 1277 1642 dispariter

227 1674 358 1738 pugnant
372 1663 468 1739 angeli
482 1664 552 1721 boni
568 1681 635 1721 cum
648 1665 768 1739 antiquo
784 1673 926 1739 serpente,
941 1675 971 1723 et
985 1665 1135 1740 dispariter
1149 1664 1241 1736 Deus,
1255 1665 1276 1722 si

19 1718 21 1731 Ι
37 1785 122 1860 imm
131 1793 157 1858 εἰ
227 1779 327 1838 pugna
341 1761 385 1819 vel
400 1761 563 1820 colluctatio
579 1761 666 1820 debet
681 1762 746 1820 dici.
788 1761 826 1820 Et
840 1772 920 1838 patet
935 1762 1040 1821 solutio
1054 1761 1093 1821 ad
1111 1764 1277 1839 objectum:

43 1867 191 1940 ffl‘hdm
227 1878 295 1918 nam
310 1861 405 1935 angeli
420 1861 491 1918 boni
510 1859 617 1919 habent
637 1859 777 1936 quidquid
791 1859 899 1931 volunt,
914 1861 984 1936 quia
1002 1877 1057 1936 pro
1076 1878 1187 1938 magno
1207 1872 1278 1920 tem·

227 1977 297 2033 pore
311 1959 413 2017 etiam⁸
425 1970 490 2016 sunt
506 1959 643 2017 continue
658 1959 750 2016 securi
765 1958 801 2016 de
816 1957 963 2016 habitione
979 1960 1070 2034 optati
1085 1960 1148 2017 sine
1165 1959 1278 2019 fastidio

226 2057 380 2114 incidente.
431 2056 468 2114 Et
492 2057 534 2114 sic
557 2058 632 2114 beati
655 2056 722 2115 licet
746 2067 863 2114 careant
886 2057 1077 2132 dispositione
1099 2057 1277 2127 accidentali,

206 2144 210 2242 j
227 2153 326 2211 volunt
339 2165 438 2212 tamen
454 2157 516 2230 ipsa
529 2173 636 2224 carere,
653 2165 681 2213 et
696 2154 732 2213 de
747 2154 804 2212 hoc
823 2165 867 2212 est
886 2155 928 2213 eis
947 2155 1171 2230 beneplacitum,
1186 2174 1278 2232 quan·

207 2271 209 2322 j
228 2262 288 2308 tum
303 2251 354 2307 erit
365 2252 411 2309 eis
426 2250 648 2331 beneplacitum,
663 2271 732 2310 cum
745 2252 910 2323 habebunt3
932 2253 1001 2328 quia
1015 2252 1157 2311 certitudo
1172 2252 1237 2311 linis
1252 2266 1279 2311 et

207 2347 439 2424 {complacentia
467 2349 604 2407 voluntati
634 2351 746 2408 divinae
775 2351 805 2408 irr
832 2349 1058 2424 pulchritudine'
1085 2353 1279 2409 successionis

207 2435 209 2509 i
226 2447 393 2524 hujusmodi
405 2448 527 2506 delectat
542 2450 662 2524 angelos
677 2450 814 2507 continue
830 2468 921 2525 aeque
933 2449 1064 2506 multum.
1108 2449 1137 2507 N
1139 2468 1173 2508 ec
1185 2450 1279 2519 video,

207 2517 209 2634 ξ
226 2547 378 2622 quomodo
393 2545 505 2621 logicus
520 2547 581 2604 sine
596 2548 767 2606 extensione
782 2548 920 2623 temporis
931 2556 1032 2622 posset
1046 2549 1075 2604 in
1089 2548 1145 2605 ista
1159 2550 1279 2605 materia

227 2644 393 2719 regulariter
407 2663 472 2701 vere
488 2644 575 2720 loqui,
591 2654 619 2702 et
634 2653 721 2721 patet,
738 2645 817 2721 quod
837 2645 958 2720 angelus
977 2646 1072 2703 bonus
1091 2663 1153 2703 non
1167 2664 1204 2704 ex
1219 2646 1276 2703 hoc

227 2742 371 2816 perficitur
386 2754 414 2799 et
429 2743 614 2818 imperlicitur
633 2745 802 2814 successive,
818 2762 884 2802 currr
905 2743 1081 2802 delectabilis
1099 2746 1279 2820 exspectatio

207 2819 210 2908 i
227 2850 339 2897 tantum
348 2840 461 2916 perficit
476 2841 549 2898 sicut
564 2841 672 2899 habitio
688 2842 751 2903 talis
765 2841 838 2899 linis.
882 2840 941 2900 Sed
953 2859 1037 2901 secus
1048 2851 1093 2899 est
1103 2842 1140 2900 de
1152 2841 1279 2911 homine,

208 2916 210 2971 l
227 2938 275 3015 qni
292 2938 428 2995 continue
444 2938 562 2996 fluctuat
577 2940 606 2995 in
621 2941 759 3015 ambiguo
774 2958 833 3019 quo
848 2940 885 2998 ad
900 2939 996 2998 finem.

272 3033 388 3105 Quando
402 3048 498 3094 autem
514 3038 560 3094 illa
568 3039 693 3114 pugna¹⁰
708 3040 849 3116 receperat,
861 3047 958 3096 utrum
973 3039 1069 3096 statim
1083 3047 1151 3114 post
1165 3038 1279 3114 lapsum

229 3129 296 3186 mali
313 3129 407 3205 angeli
423 3131 451 3187 in
464 3150 600 3206 supremo
612 3131 704 3202 coelo,
717 3145 760 3191 est
774 3132 844 3188 mihi
859 3133 1038 3208 ambiguum,
1049 3132 1095 3189 vel
1105 3133 1129 3191 si
1144 3144 1281 3207 coeperat

228 3228 276 3286 illa
298 3246 398 3303 pugna
420 3229 449 3285 in
472 3229 633 3304 particulari
656 3230 802 3306 triumpho
819 3239 885 3305 post
906 3231 1108 3288 ascensionem
1123 3228 1231 3288 Christi
1250 3231 1280 3287 in

228 3326 350 3384 ecclesia
361 3327 507 3385 militante.
551 3325 664 3386 Scimus
678 3328 804 3404 quidem,
817 3328 897 3403 quod
908 3339 968 3387 tota
978 3328 1165 3387 habitabilis¹¹
1181 3339 1280 3387 nostra

208 3424 210 3495 l
227 3436 346 3483 vocatur
361 3426 484 3497 coelum,
501 3427 573 3485 sicut
588 3427 717 3484 volucres
733 3426 893 3485 dicuntur¹²
907 3429 1101 3485 communiter
1115 3445 1183 3484 aves
1197 3426 1278 3485 coeli.

208 3500 211 3570 i
228 3525 273 3583 De
288 3529 432 3583 cessatione
443 3538 540 3585 autem
551 3527 662 3585 illarum
673 3538 836 3604 pugnarum
848 3536 958 3585 certum
970 3527 1080 3585 videtur
1085 3527 1114 3597 ¹³,
1126 3528 1207 3604 quod
1218 3546 1280 3586 ces·

209 3605 211 3682 l
229 3624 361 3680 sabunt¹⁴
377 3635 443 3700 post
459 3625 535 3683 diem
548 3626 656 3701 judicii,
672 3644 739 3684 cum
754 3644 813 3684 non
829 3626 882 3685 erit
896 3638 965 3684 tunc
979 3629 1100 3684 materia
1113 3625 1280 3684 reluctandi.

262 3754 380 3818 ¹nisum]
393 3756 479 3812 visum,
493 3757 576 3805 D.ed.
589 3772 625 3820 pr.
822 3756 1230 3821 'beneplacitum]placitum.ed.
1262 3775 1280 3806 r.

209 3819 289 3883 Uet]
304 3828 327 3869 et
341 3829 405 3875 tunc.
419 3821 452 3869 D.
561 3821 682 3885 ‘vident]
695 3822 814 3877 viderunt.
827 3823 864 3871 ed.
876 3838 913 3887 pr.
926 3838 982 3871 curn
995 3822 1022 3870 B.
1052 3823 1128 3871 rimae
1139 3838 1234 3877 manus,
1275 3860 1281 3870 .

210 3935 212 3950 ζ
227 3886 236 3913 ³
254 3886 332 3950 ipsos]
342 3886 409 3941 illos,
421 3887 452 3935 Α.
568 3887 578 3914 ⁸
595 3888 704 3951 pugnae]
717 3904 766 3936 orn.
779 3889 817 3937 ed.
829 3904 866 3952 pr.
973 3886 983 3915 ⁷
999 3838 1133 3952 vohrerint]
1145 3888 1283 3944 voluerunt.

210 3952 266 4001 :eu
279 3968 315 4016 pr.
448 3954 456 3979 ⁸
473 3951 560 4016 etiam]
573 3962 605 4007 et.
619 3953 710 4002 ΑΒΕ.
852 3954 862 3981 ⁹
879 3953 904 4002 in
916 3952 1108 4030 pulchritudine]
1121 3954 1283 4004 successionis

211 4024 212 4056 l
229 4017 569 4093 successivis.pulchritudine.
581 4019 628 4113 ¹lota
645 4020 669 4067 in
682 4020 823 4094 successivis
834 4019 1022 4084 pulchritudine.
1035 4019 1077 4074 B.;
1094 4034 1120 4068 rn
1131 4018 1285 4113 supctdentis

211 4133 212 4143 ¹
227 4083 662 4212 giulpgppreudgffivffl'prsubsuntplva)
667 4086 762 4199 2253]
775 4085 842 4134 lnam
856 4084 1123 4213 pugnamifdidrihtur]
1135 4085 1284 4214 omhendilpnr:

210 4285 212 4292 ⁴
231 4213 247 4239 ¹³
264 4222 356 4261 certum
365 4214 471 4278 ridetur]
482 4215 541 4263 certi
551 4216 666 4264 ridemur.
679 4216 769 4265 huc.
778 4216 815 4265 cd.
824 4232 860 4279 pr.
928 4214 943 4243 ¹⁴
960 4214 1104 4278 cessabunt]
1113 4230 1162 4263 orn.
1172 4216 1210 4265 ed.
1218 4232 1254 4280 pr.
