2864 4836
474 353 902 363 *nnn—mmm-

104 410 229 530 ⁸curtae
494 465 836 528 TRIALOGUS.

158 643 162 650 ·
186 625 281 687 Tertio
304 640 430 706 arguunt
456 629 502 689 hi¹
522 630 690 707 blasphemi
717 646 755 689 ex
779 641 860 690 textu
888 629 1030 689 Matthaei
1055 631 1122 702 xxi,
1145 631 1196 689 ubi

140 723 275 787 Christum
295 726 471 789 misit'dncs
492 729 650 807 discipulos
672 729 857 790 Hierusalem
881 747 936 806 pro
960 730 1042 788 asina
1065 739 1095 787 et
1115 728 1195 806 pullo

141 822 214 900 ejus,
239 826 342 903 super'
365 828 471 904 quibus
498 827 564 886 illuc
592 828 779 900 ascenderet;
811 827 964 904 quomodo
988 844 1060 904 ergo
1088 844 1150 885 non
1178 845 1196 885 a

139 922 254 982 civitate
275 922 461 985 Hierusalem
485 926 680 986 mendicavit?
715 926 774 986 Sed
795 928 968 986 erubescant
989 926 1027 984 illi
1050 925 1195 995 haeretici,

140 1024 224 1100 quod
247 1024 302 1085 ad³
326 1030 415 1085 instar
439 1026 526 1103 hujus
548 1027 669 1086 Domini
693 1027 862 1086 mendicent
886 1027 923 1086 de
948 1025 1116 1085 horninibus
1141 1044 1196 1084 nec

141 1121 232 1199 petita
251 1123 367 1182 licentia
387 1143 443 1185 nec
464 1126 601 1184 obtenta!
637 1124 770 1184 Christus
794 1126 873 1184 enim
898 1142 1030 1183 summus
1050 1123 1197 1182 Dominus

140 1236 204 1278 non
218 1220 341 1298 indiguit
355 1239 443 1299 super
456 1222 569 1282 asinam
583 1232 612 1281 et
628 1223 739 1299 pullum
760 1224 801 1282 sic
820 1222 987 1293 ascendere,
1003 1222 1059 1281 nisi
1072 1222 1111 1280 ad
1124 1222 1197 1280 veri-

139 1316 289 1377 ficandum
303 1319 392 1379 fidem
403 1322 559 1398 scripturae
572 1321 728 1381 Zachariae
741 1322 789 1392 ix,
800 1320 838 1380 ad
849 1321 1034 1397 figurandum
1045 1318 1197 1396 quomodo

139 1416 307 1476 incessurus
328 1418 402 1478 foret
422 1437 509 1497 super
528 1429 632 1496 gentes
645 1430 677 1478 ut
696 1419 800 1497 pullos,
814 1429 844 1480 et
864 1419 895 1477 in
915 1418 972 1477 fine
993 1418 1096 1476 mundi
1111 1435 1198 1493 super

139 1511 271 1593 Judaeos
285 1522 317 1574 ut
330 1516 442 1575 asinas⁴
454 1517 538 1577 stulte
552 1518 625 1595 legis
638 1533 730 1576 onera
743 1519 941 1587 observantes,
953 1514 1114 1593 specialiter
1125 1515 1197 1572 dum

141 1607 249 1671 Christi
272 1611 403 1689 discipuli
424 1616 595 1676 vestimenta
617 1634 670 1675 sua
693 1625 854 1675 sternerent
878 1633 964 1691 super
985 1614 1056 1671 istas
1080 1611 1196 1680 bestias,

140 1708 201 1769 hoc
215 1719 259 1768 est
278 1708 349 1769 dum
363 1712 481 1772 virtutes
497 1724 526 1772 et
546 1714 707 1791 specialiter
721 1713 911 1773 humilitatem
931 1697 1041 1772 efficaci
1060 1709 1198 1784 exemplo

141 1804 199 1866 hos
222 1808 367 1886 populcs⁵
389 1810 555 1870 edocerent.
597 1812 664 1872 lmo
684 1808 804 1889 reputo⁶
825 1812 906 1888 quod
928 1809 1060 1871 Christus
1085 1810 1127 1869 sic
1151 1826 1197 1866 as-

142 1907 242 1965 cendit
263 1907 317 1966 has
338 1909 446 1968 bestias
463 1910 500 1968 ad
520 1910 721 1970 damnandum
739 1911 950 1987 equitationem
969 1926 1064 1987 papae
1084 1918 1114 1966 et
1135 1924 1197 1965 car·

141 2003 282 2064 dinalium
296 2006 357 2064 imo
376 2006 545 2065 inferiorum
564 2008 779 2085 episcoporum,
795 2008 845 2084 qui
867 2025 954 2084 super
967 2023 1061 2083 equos
1076 2005 1197 2064 bellicos

141 2112 262 2161 ornatos
275 2119 347 2162 auro
358 2113 387 2161 et
398 2106 491 2162 serico
502 2107 631 2181 equitant
642 2108 836 2165 communiter
846 2105 991 2182 superflue
1002 2115 1030 2163 et
1041 2121 1196 2180 pompose.

186 2198 295 2272 Quarto
316 2212 440 2278 arguunt
461 2202 491 2261 hi
512 2204 592 2263 caeci
607 2203 752 2276 haeretici,
771 2205 853 2280 quod
875 2200 1007 2262 Christus
1028 2220 1082 2278 pro
1104 2220 1198 2260 coena

142 2310 197 2357 sua
210 2298 384 2358 mendicavit
401 2300 431 2357 in
443 2299 627 2360 Hierusalem
642 2300 800 2378 hospitimn
811 2311 897 2378 atque
912 2319 1028 2378 panem,
1039 2311 1070 2359 ut
1080 2300 1197 2363 eliciunt

142 2413 181 2455 ex
194 2396 346 2473 evangelio
364 2395 506 2456 Matthaei
525 2399 601 2460 xxvi.
643 2398 703 2458 Sed
721 2401 814 2458 sciant
833 2401 878 2459 isti
897 2399 1082 2459 inverecundi
1097 2399 1197 2457 haere-

141 2495 199 2565 tici,
221 2495 302 2571 quod
322 2496 410 2554 verba
430 2497 573 2572 evangelii
594 2496 738 2556 damnant
763 2515 846 2556 suam
870 2497 1014 2556 haeresim
1035 2496 1196 2555 manifeste.

141 2591 222 2651 Nam
236 2594 324 2651 verba
337 2592 444 2654 Christi
466 2595 505 2653 ita
519 2613 550 2654 se
565 2595 690 2667 habent;
716 2596 771 2654 ‘ite
785 2595 815 2653 in
834 2595 979 2654 civitatem
993 2594 1031 2653 ad
1046 2594 1194 2671 quendam

142 2700 172 2749 et
193 2691 279 2751 dicite
298 2691 336 2762 ei,
349 2693 486 2769 magister
507 2693 584 2764 dicit,
605 2702 720 2770 tempus
741 2711 840 2753 meum
862 2712 954 2770 prope
975 2704 1019 2752 est
1030 2712 1038 2764 ;
1067 2693 1146 2768 apud
1166 2703 1194 2752 te

142 2788 220 2849 facio
242 2789 350 2865 pascha
375 2808 443 2848 cum
464 2790 612 2868 discipulis
633 2791 714 2851 meis'
737 2791 808 2852 etc!
828 2792 878 2850 ubi
899 2801 977 2868 patet
998 2792 1062 2850 luce
1083 2791 1195 2861 clarius,

143 2887 223 2964 quod
247 2886 377 2947 Christus
403 2889 441 2947 ibi
468 2889 643 2948 dominative
668 2901 697 2948 et
721 2907 783 2948 non
808 2890 977 2949 mendiciter
1001 2901 1044 2948 est
1073 2889 1196 2948 locutus.

143 2982 225 3045 Sicut
245 2988 323 3045 enim
348 2988 427 3063 prius
449 2985 590 3047 Matthaei
604 2989 662 3046 xxi.
684 2989 737 3047 iste
758 2988 906 3047 Dominus
931 2989 1017 3047 docet
1039 2988 1196 3063 discipulos

142 3101 221 3156 suos,
244 3084 293 3143 ‘Si
317 3085 382 3162 quis
403 3087 487 3145 vobis
506 3073 614 3163 aliquid
640 3086 751 3157 dixerit,
777 3086 862 3145 dicite
887 3087 956 3162 quia
980 3086 1126 3144 Dominus
1151 3085 1195 3144 his

142 3168 219 3259 op'us
232 3182 328 3255 habet,
344 3194 372 3242 et
386 3183 541 3243 confestim
556 3185 678 3242 dimittet
692 3184 776 3254 eos⁸,'
791 3185 832 3243 sic
852 3184 1027 3242 dominative
1046 3194 1075 3242 et
1088 3185 1195 3259 magis·

142 3281 250 3340 traliter
270 3281 396 3359 loquitur
417 3283 447 3340 in
468 3284 620 3358 praesenti.
664 3282 782 3341 Solebat
800 3282 879 3340 enim
899 3300 963 3340 esse
978 3280 1078 3357 regula
1095 3280 1195 3356 postil-

142 3379 272 3451 lantium,
287 3391 444 3456 antequam
458 3380 674 3456 pseudofratres
691 3378 804 3438 fuerant
822 3378 986 3448 introducti,
1002 3378 1083 3455 quod
1096 3377 1194 3435 Domi·

142 3496 196 3535 nus
220 3477 388 3553 simpliciter
412 3496 464 3554 per
488 3496 520 3537 se
545 3478 657 3554 positus
682 3479 720 3537 sit
748 3475 946 3553 specificatus⁰
970 3476 1008 3536 ad
1033 3475 1195 3536 Dominum

143 3575 340 3638 dominorum.
375 3576 481 3636 Videat
492 3594 564 3652 ergo
575 3577 736 3635 haereticus
746 3576 823 3635 hanc
835 3577 1090 3652 consequentiam;
1114 3574 1195 3633 ‘Do-

143 3675 241 3733 minus
254 3673 300 3733 his
314 3659 390 3751 opus
404 3674 499 3744 habet,
515 3687 544 3733 et
558 3673 712 3734 confestim
730 3675 853 3733 dimittet
867 3675 946 3733 ecs¹⁰
954 3672 971 3747 ;'
994 3691 1065 3750 ergo
1080 3674 1195 3734 Veritas

142 3773 186 3832 sic
205 3771 371 3849 eloquens¹¹
386 3773 439 3832 has
459 3774 566 3832 bestias
584 3772 775 3845 mendicavit;
806 3774 961 3850 imponunt
979 3774 1059 3832 enim
1078 3772 1195 3832 Christo

176 3935 239 4000 ¹hi]
252 3934 303 3990 lilii.
316 3935 350 3985 D.
525 3935 635 4001 'super]
648 3936 701 3991 sub,
713 3936 752 3985 ed.
764 3952 801 4000 pr.
963 3934 1034 3998 'ad]
1046 3949 1095 3983 om.
1108 3934 1146 3983 ed.
1159 3949 1196 3997 pr.

143 3999 152 4027 ⁴
169 4000 262 4064 asinas]
274 4002 365 4058 asinos,
376 4000 415 4050 cd.
427 4017 464 4066 pr.
562 4002 571 4030 ⁵
587 4000 707 4066 populos]
719 4001 854 4066 apostolos,
867 4001 904 4050 ed.
917 4016 953 4065 pr.
1068 3999 1078 4027 ⁶
1095 3998 1195 4064 reputo]

143 4073 238 4129 repeto,
249 4065 288 4114 ed.
300 4081 337 4130 pr.
466 4066 475 4095 ¹
492 4074 516 4116 et
528 4067 755 4131 dicite-apostolis
766 4066 839 4131 meis]
852 4081 901 4115 orn.
916 4066 948 4114 A.
958 4067 996 4115 ed.
1009 4081 1060 4129 pr.;
1078 4065 1106 4113 B.
1118 4065 1195 4112 variat

142 4131 226 4180 verba.
356 4132 366 4161 ⁸
382 4132 558 4197 dixerit—eos]
571 4148 621 4181 orn.
634 4133 695 4181 ΑΒ.
707 4133 745 4182 ed.
758 4149 794 4197 pr.
910 4131 920 4160 ⁹
936 4132 967 4180 sit
979 4129 1144 4195 specificatus]
1156 4130 1196 4186 sit,

143 4211 195 4245 om.
207 4196 253 4251 Α.;
271 4205 309 4246 est
320 4196 480 4261 specificatus,
493 4199 536 4254 B.;
555 4198 731 4263 specivocatur.
742 4199 780 4248 ed.
792 4214 829 4262 pr.
971 4198 990 4227 ¹⁰
1021 4196 1128 4245 dimittet
1140 4194 1195 4261 eos]

143 4261 269 4310 dimittent
281 4278 333 4318 vos.
345 4263 406 4312 AD.
418 4263 456 4312 ed.
468 4279 505 4328 pr.
571 4265 588 4295 ¹¹
606 4264 733 4328 eloquens]
746 4263 879 4328 alloquens,
893 4265 940 4320 A.;
959 4263 1069 4326 loquens,
1081 4262 1120 4312 ed.
1132 4277 1170 4327 pr.

1278 483 1339 549 347
