2864 4836
10 400 19 439 ²
53 458 152 504 ω.»
416 437 758 500 rnrsrosvs
1196 435 1257 521 185

55 598 171 658 nostris
190 597 398 658 honorificetur
417 597 508 669 Deus,
529 609 559 658 et
580 599 623 659 sic
644 609 676 658 ut
700 599 831 670 intentio,
852 597 969 658 oculus¹
991 598 1116 669 animae,

10 708 13 719 '
56 705 181 756 maneat
204 713 320 774 semper
342 697 476 773 simplex.
526 697 732 757 Necessarium
755 696 873 774 quidem
898 706 942 757 est
966 697 1061 768 nobis,
1084 706 1117 755 ut

57 790 225 854 habeam
244 794 376 871 spiritum
397 794 512 854 consilii
533 805 620 871 atque
635 795 781 865 scientiae,
797 795 867 872 quid
887 805 917 854 et
937 794 1059 871 qualiter
1072 803 1116 854 est

10 957 13 971 ι
58 891 221 970 agendum,
249 910 317 952 cum
344 893 427 952 multi
455 894 606 952 turbantur
633 893 663 951 in
691 893 791 952 animo
821 903 941 971 propter
969 892 1115 952 deiectum

10 976 15 1013 ²
59 989 175 1051 ordinis
194 989 337 1067 operandi
356 1007 418 1049 non
439 989 535 1050 solum
556 1007 632 1066 opus
652 991 783 1067 corporis
797 990 849 1050 sed
870 991 1025 1068 praecipue
1039 1007 1115 1066 opus

58 1089 179 1151 mentis.
218 1087 257 1148 Et
277 1087 347 1148 hinc
367 1099 412 1148 est
431 1088 513 1165 quod
534 1089 566 1146 in
587 1089 774 1164 religionibus
795 1089 911 1165 privatis
931 1089 1050 1166 praelati
1065 1089 1114 1165 qui

58 1202 152 1264 saepe
167 1185 283 1262 Spiritui
298 1196 401 1246 sancto
415 1186 559 1258 resistunt,
573 1204 611 1245 ex
625 1204 678 1246 sua
692 1187 869 1246 dominativa
880 1186 1034 1264 pmdentia
1047 1187 1115 1246 sul>

58 1284 140 1347 (litos
150 1301 238 1361 saepe
252 1283 444 1354 confundunt,
458 1293 487 1344 et
501 1283 569 1343 hinc
586 1284 692 1344 domus
711 1285 783 1345 tales
802 1286 929 1361 privatae
948 1296 1016 1345 sunt
1035 1302 1115 1344 com-

59 1383 189 1442 muniter
211 1381 298 1442 nidus
322 1382 439 1453 diaboli,
463 1382 533 1459 quia
555 1392 587 1441 ut
608 1381 710 1441 dicitur
735 1381 839 1441 Matth.
861 1383 909 1441 xii.
931 1382 1116 1442 ‘immundus

58 1480 184 1558 spiritus
197 1498 265 1540 cum
279 1481 380 1539 exierit
393 1481 431 1539 ab
446 1480 574 1540 homine’
586 1481 627 1541 sic
641 1480 777 1557 religioso
790 1491 874 1540 acute
889 1481 919 1538 in
930 1479 986 1539 Dei
1000 1481 1115 1542 servitio

59 1577 198 1657 vigilante
203 1577 223 1650 ¹,
234 1583 242 1610 ‘
252 1579 382 1638 ambulat
395 1597 448 1656 per
457 1578 524 1639 ioca
534 1578 625 1638 arida’
637 1579 818 1650 secularium,
829 1589 859 1638 et
869 1595 931 1637 non
944 1588 1115 1638 occurrente

58 1677 222 1738 emenone
243 1677 281 1736 ad
302 1676 425 1749 votum⁸,
447 1677 534 1736 ‘dicit
553 1676 592 1736 ad
613 1694 645 1736 se
666 1677 771 1753 ipsum
790 1685 915 1734 revertar
934 1676 973 1734 ad
994 1675 1115 1733 domum

59 1791 162 1836 meam
174 1774 254 1834 unde
267 1774 360 1847 exivi,'
371 1783 400 1834 et
413 1775 565 1834 inveniens
579 1791 645 1834 eam
656 1779 826 1832 ‘vacantem
836 1781 865 1832 et
879 1772 978 1848 scopis
991 1772 1115 1831 munda-

58 1870 142 1944 tsm‚’
158 1871 227 1932 lacit
247 1890 314 1933 eam
333 1872 553 1952 generationem
574 1873 743 1949 pessimam,
757 1881 786 1931 et
806 1870 864 1930 hoc
885 1880 1005 1947 propter
1023 1869 1115 1929 otium

60 1973 125 2034 sive
145 1970 287 2031 accidiam
307 1971 401 2030 cultus
415 1969 472 2029 Dei
493 1971 546 2030 ex*
560 1970 702 2046 sapientia
722 1967 843 2027 limitati.
885 1967 971 2040 Quae
984 1985 1058 2044 rogo
1073 1978 1117 2027 est

59 2068 217 2149 prudentis
240 2067 376 2141 hominis,
397 2079 430 2129 ut
452 2077 618 2147 praesumat
642 2067 810 2144 regulariter
837 2068 1001 2127 subvertere
1028 2067 1116 2127 istum

482 2573 579 2637 CAP.
600 2574 699 2635 XVII.

411 2737 507 2799 Virtus
521 2740 642 2799 accedite
655 2742 782 2817 oppost‘la.

105 2900 227 2964 Atella.
269 2900 326 2961 Dic
341 2920 452 2979 quaeso
466 2903 504 2962 de
518 2905 619 2963 virtute
633 2915 755 2980 peccato
770 2903 815 2964 isti
832 2904 984 2964 contraria
1026 2902 1116 2963 Vide·
1149 2907 1267 2984 mys

62 3015 112 3065 tur
130 3002 219 3074 enim,
240 3001 321 3079 quod
342 3012 462 3078 propter
483 2986 833 3078 ampliardinem'peccati
858 3020 920 3062 non
940 3012 984 3061 est
1005 3001 1117 3078 aliqua⁵
1147 2990 1289 3066 lallfw‘*

64 3100 201 3179 specialis
214 3100 304 3159 virtus
318 3100 372 3158 sibi
386 3101 530 3177 opposita,
545 3118 613 3160 cum
628 3101 769 3176 contingit
786 3100 937 3159 hominem
956 3117 1021 3159 esse
1040 3101 1116 3159 acci-

64 3199 139 3259 dum
166 3197 197 3256 in
224 3214 401 3274 quocunque
429 3215 536 3274 genere
565 3197 715 3275 operandi,
743 3207 772 3256 et
799 3215 817 3256 a
844 3196 988 3255 modestia
1020 3194 1118 3254 debita

65 3295 190 3366 deviare,
204 3305 237 3354 ut
251 3295 398 3373 operatio⁶
413 3314 474 3354 non
489 3305 586 3372 potest
600 3296 646 3354 isti
660 3305 781 3373 peccato
796 3296 826 3352 iu
839 3305 901 3353 toto
920 3310 974 3353 suo
993 3294 1119 3352 ambitui

65 3410 133 3453 esse
155 3395 309 3464 contraria,
330 3410 398 3452 cum
418 3391 500 3452 multi
520 3401 638 3470 torpent
657 3394 689 3452 iu
708 3409 797 3468 opere
818 3400 847 3450 et
860 3391 990 3467 quolibet
1010 3409 1117 3468 genere

65 3510 128 3570 quo
142 3491 288 3552 servirent.

107 3589 270 3648 Phrenesis.
312 3588 384 3648 Non
398 3588 516 3667 expedit
530 3597 651 3647 tractare
666 3587 703 3646 de
714 3587 816 3645 virtute
830 3587 982 3665 adaequati
994 3588 1118 3646 ambitus

66 3706 136 3749 cum
150 3687 207 3748 hoc
227 3698 359 3766 peccato,
374 3688 426 3746 sed
441 3688 510 3746 satis
531 3696 582 3757 est,
598 3684 693 3762 quod⁸
714 3685 811 3762 aliqua
831 3686 918 3745 virtus
939 3686 999 3744 imo
1022 3686 1118 3744 omnis

66 3787 156 3846 virtus
170 3795 214 3846 est
228 3786 282 3845 sibi
296 3786 448 3846 contraria
489 3784 595 3845 Audivi
610 3795 709 3844 tamen
727 3784 859 3844 virtutem
874 3784 1022 3861 quandam
1036 3783 1119 3843 theo·

100 3966 110 3998 ¹
127 3965 214 4016 oculus
235 3973 263 4016 ut
274 3966 368 4022 oculus,
379 3964 409 4014 Β.
420 3964 521 4029 primae,
528 3964 559 4015 C.
571 3964 691 4014 secundam
705 3979 800 4020 manus,
808 3964 847 4014 ed.
859 3980 911 4029 pr.;
929 3963 968 4014 vel
979 3965 1073 4021 oculus,
1087 3966 1118 4014 D.

67 4032 213 4096 'vigilante
237 4031 357 4097 vigilanti,
369 4031 398 4079 B.
409 4030 448 4080 ed.
460 4045 497 4095 pr.
596 4029 719 4093 ’votum]
732 4038 836 4087 mutum,
849 4030 881 4079 A.
990 4029 1119 4094 ⁴ex]om.

67 4096 357 4163 B.primaemanus,ed.
383 4112 403 4145 r.
485 4094 604 4159 ⁸aliqua]
616 4110 666 4144 om.
679 4094 772 4145 Mic.
868 4093 1018 4158 ‘operatio]
1031 4097 1120 4153 oratio,

68 4164 101 4212 A.
114 4162 235 4212 secundae
246 4178 342 4219 manus,
378 4161 498 4226 .ed.pr.;
514 4160 666 4219 omnino,B.
834 4159 968 4225 'ambitu]
980 4160 1074 4219 habitu,
1086 4161 1119 4211 D.

67 4230 78 4258 ⁸
95 4227 175 4294 quod]
187 4242 244 4279 cum
254 4228 317 4279 Ml.
330 4226 450 4278 secundae
461 4241 555 4285 manus,
566 4225 596 4276 C.
